{
    "summary": {
        "stock_name": "松翰",
        "stock_id": "5471",
        "category": "半導體",
        "main_business": "1.半導體之研發、設計製造、買賣經銷及進出口貿易業務2.電腦程<br>式設計開發3.電子、化工、機械設備及化工原料買賣及進出口貿易<br>4.其他設計業(積體電路設計、測試)5.除許可業務外,得經營法令非",
        "website_url": "http://www.sonix.com.tw",
        "ceo": "柯福順",
        "pe_ratio": 54,
        "report_year_from": 2001,
        "report_year_to": 2023,
        "age": 23,
        "eps_negative_percentage": 0,
        "eps_growth_avg": {
            "last_all": -4.76,
            "last_2y": -31.02,
            "last_4y": 1.58,
            "last_8y": -2.11,
            "last_12y": -4.25,
            "last_16y": -3.52,
            "last_20y": -3.42,
            "at_2006_last_3y": -3.01,
            "at_2007_last_3y": 4.01,
            "at_2008_last_3y": 0.5,
            "at_2009_last_3y": 1.42,
            "at_2010_last_3y": -1.11,
            "at_2011_last_3y": -10.8,
            "at_2012_last_3y": -7.15,
            "at_2013_last_3y": -8.1,
            "at_2014_last_3y": -9.08,
            "at_2015_last_3y": -7.97,
            "at_2016_last_3y": -14.07,
            "at_2017_last_3y": -16.79,
            "at_2018_last_3y": -6.73,
            "at_2019_last_3y": -0.01,
            "at_2020_last_3y": 31.99,
            "at_2021_last_3y": 46.48,
            "at_2022_last_3y": 20.73,
            "at_2023_last_3y": 1.73,
            "at_2024_last_3y": 1.73,
            "at_2006_last_all": -9.01,
            "at_2007_last_all": -6.11,
            "at_2008_last_all": -7.84,
            "at_2009_last_all": -6.97,
            "at_2010_last_all": -5.5,
            "at_2011_last_all": -7.98,
            "at_2012_last_all": -7.59,
            "at_2013_last_all": -7.34,
            "at_2014_last_all": -6.6,
            "at_2015_last_all": -7.98,
            "at_2016_last_all": -9.32,
            "at_2017_last_all": -9.71,
            "at_2018_last_all": -6.63,
            "at_2019_last_all": -6.21,
            "at_2020_last_all": -0.62,
            "at_2021_last_all": 1.53,
            "at_2022_last_all": -1.42,
            "at_2023_last_all": -4.76,
            "at_2024_last_all": -4.76
        },
        "latest_eps": 0.98,
        "latest_price": 52.7,
        "latest_roe": 4.62,
        "latest_gross_margin": 43.21,
        "latest_equity": 3563386,
        "latest_revenue": 698301,
        "latest_gross_profit": 301764,
        "latest_net_income": 60762,
        "latest_debt_ratio": 13.85,
        "latest_current_ratio": 674.96,
        "latest_account_receivable_turnover_ratio": 2.04,
        "latest_inventory_turnover_ratio": 0.44,
        "latest_reinvestment_rate": -2.55,
        "latest_research_to_sale_ratio": 26.79
    },
    "eps_dividends": {
        "1999": {
            "cash": 0,
            "stock": 12.5,
            "eps": 0
        },
        "2000": {
            "cash": 0,
            "stock": 10,
            "eps": 0
        },
        "2001": {
            "cash": 1.5,
            "stock": 5.5,
            "eps": 8.94
        },
        "2002": {
            "cash": 2,
            "stock": 3.5,
            "eps": 5.99
        },
        "2003": {
            "cash": 4,
            "stock": 3,
            "eps": 4.81
        },
        "2004": {
            "cash": 0,
            "stock": 0,
            "eps": 4.61
        },
        "2005": {
            "cash": 2,
            "stock": 0.5,
            "eps": 4.4
        },
        "2006": {
            "cash": 3,
            "stock": 0.5,
            "eps": 5.12
        },
        "2007": {
            "cash": 3.7,
            "stock": 0.3,
            "eps": 5.55
        },
        "2008": {
            "cash": 3.78,
            "stock": 0.3,
            "eps": 4.54
        },
        "2009": {
            "cash": 2.99,
            "stock": 0,
            "eps": 4.5
        },
        "2010": {
            "cash": 4,
            "stock": 0,
            "eps": 4.78
        },
        "2011": {
            "cash": 7.4,
            "stock": 0,
            "eps": 3.33
        },
        "2012": {
            "cash": 0,
            "stock": 0,
            "eps": 3.21
        },
        "2013": {
            "cash": 3,
            "stock": 0,
            "eps": 3.06
        },
        "2014": {
            "cash": 3.2,
            "stock": 0,
            "eps": 3.13
        },
        "2015": {
            "cash": 3.2,
            "stock": 0,
            "eps": 2.32
        },
        "2016": {
            "cash": 2.2,
            "stock": 0,
            "eps": 1.67
        },
        "2017": {
            "cash": 1.8,
            "stock": 0,
            "eps": 1.41
        },
        "2018": {
            "cash": 1.5,
            "stock": 0,
            "eps": 2.01
        },
        "2019": {
            "cash": 2.08,
            "stock": 0,
            "eps": 2.03
        },
        "2020": {
            "cash": 2.1,
            "stock": 0,
            "eps": 6.11
        },
        "2021": {
            "cash": 5.7,
            "stock": 0,
            "eps": 8.7
        },
        "2022": {
            "cash": 7,
            "stock": 0,
            "eps": 3.44
        },
        "2023": {
            "cash": 2.5,
            "stock": 0,
            "eps": 0.86
        }
    },
    "dividends": {
        "1999-04-10": {
            "cash": 0,
            "stock": 12.5
        },
        "2000-06-15": {
            "cash": 0,
            "stock": 10
        },
        "2001-04-30": {
            "cash": 1.5,
            "stock": 5.5
        },
        "2002-05-29": {
            "cash": 2,
            "stock": 3.5
        },
        "2003-03-26": {
            "cash": 2,
            "stock": 2
        },
        "2003-04-29": {
            "cash": 2,
            "stock": 1
        },
        "2005-03-10": {
            "cash": 2,
            "stock": 0.5
        },
        "2006-04-27": {
            "cash": 3,
            "stock": 0.5
        },
        "2007-04-26": {
            "cash": 3.7,
            "stock": 0.3
        },
        "2008-03-28": {
            "cash": 3.78,
            "stock": 0.3
        },
        "2009-03-27": {
            "cash": 2.99,
            "stock": 0
        },
        "2010-03-12": {
            "cash": 4,
            "stock": 0
        },
        "2011-01-01": {
            "cash": 3.2,
            "stock": 0
        },
        "2011-03-25": {
            "cash": 4.2,
            "stock": 0
        },
        "2013-03-27": {
            "cash": 3,
            "stock": 0
        },
        "2014-06-19": {
            "cash": 3.2,
            "stock": 0
        },
        "2015-08-13": {
            "cash": 3.2,
            "stock": 0
        },
        "2016-08-05": {
            "cash": 2.2,
            "stock": 0
        },
        "2017-08-11": {
            "cash": 1.8,
            "stock": 0
        },
        "2018-08-10": {
            "cash": 1.5,
            "stock": 0
        },
        "2019-08-09": {
            "cash": 2.08,
            "stock": 0
        },
        "2020-08-13": {
            "cash": 2.1,
            "stock": 0
        },
        "2021-09-02": {
            "cash": 5.7,
            "stock": 0
        },
        "2022-08-18": {
            "cash": 7,
            "stock": 0
        },
        "2023-08-10": {
            "cash": 2.5,
            "stock": 0
        }
    },
    "prices": {
        "200101": "177.38",
        "200102": "198.47",
        "200103": "200.50",
        "200104": "190.55",
        "200105": "177.36",
        "200106": "169.55",
        "200107": "156.67",
        "200108": "103.67",
        "200109": "81.32",
        "200110": "66.38",
        "200111": "86.86",
        "200112": "127.86",
        "200201": "144.48",
        "200202": "144.83",
        "200203": "157.83",
        "200204": "152.90",
        "200205": "139.27",
        "200206": "108.08",
        "200207": "94.91",
        "200208": "75.18",
        "200209": "67.58",
        "200210": "64.02",
        "200211": "67.48",
        "200212": "73.89",
        "200301": "69.05",
        "200302": "61.62",
        "200303": "64.74",
        "200304": "60.36",
        "200305": "54.14",
        "200306": "62.55",
        "200307": "65.11",
        "200308": "67.60",
        "200309": "64.05",
        "200310": "55.30",
        "200311": "55.42",
        "200312": "58.24",
        "200401": "62.30",
        "200402": "66.05",
        "200403": "62.02",
        "200404": "63.45",
        "200405": "50.87",
        "200406": "49.73",
        "200407": "46.45",
        "200408": "42.98",
        "200409": "44.12",
        "200410": "40.28",
        "200411": "37.90",
        "200412": "37.98",
        "200501": "37.91",
        "200502": "41.25",
        "200503": "42.16",
        "200504": "39.45",
        "200505": "33.26",
        "200506": "35.52",
        "200507": "41.14",
        "200508": "36.83",
        "200509": "38.97",
        "200510": "37.24",
        "200511": "36.05",
        "200512": "40.85",
        "200601": "43.60",
        "200602": "40.77",
        "200603": "42.56",
        "200604": "51.18",
        "200605": "64.15",
        "200606": "57.26",
        "200607": "53.39",
        "200608": "56.04",
        "200609": "56.35",
        "200610": "63.90",
        "200611": "73.72",
        "200612": "78.10",
        "200701": "81.79",
        "200702": "77.32",
        "200703": "87.90",
        "200704": "87.60",
        "200705": "86.92",
        "200706": "98.76",
        "200707": "118.20",
        "200708": "96.12",
        "200709": "84.28",
        "200710": "77.64",
        "200711": "75.63",
        "200712": "74.53",
        "200801": "73.52",
        "200802": "71.90",
        "200803": "80.05",
        "200804": "87.35",
        "200805": "86.47",
        "200806": "72.08",
        "200807": "63.63",
        "200808": "65.22",
        "200809": "53.31",
        "200810": "44.12",
        "200811": "33.57",
        "200812": "31.24",
        "200901": "37.95",
        "200902": "41.62",
        "200903": "47.95",
        "200904": "53.78",
        "200905": "66.96",
        "200906": "58.43",
        "200907": "66.50",
        "200908": "62.28",
        "200909": "65.56",
        "200910": "64.13",
        "200911": "72.11",
        "200912": "81.96",
        "201001": "80.37",
        "201002": "73.54",
        "201003": "79.33",
        "201004": "79.23",
        "201005": "73.49",
        "201006": "67.91",
        "201007": "67.38",
        "201008": "65.55",
        "201009": "66.96",
        "201010": "65.60",
        "201011": "65.48",
        "201012": "68.63",
        "201101": "66.68",
        "201102": "59.20",
        "201103": "55.22",
        "201104": "56.21",
        "201105": "64.68",
        "201106": "62.60",
        "201107": "52.53",
        "201108": "42.88",
        "201109": "43.60",
        "201110": "42.05",
        "201111": "41.47",
        "201112": "36.97",
        "201201": "38.55",
        "201202": "46.85",
        "201203": "48.91",
        "201204": "49.49",
        "201205": "49.35",
        "201206": "44.83",
        "201207": "43.54",
        "201208": "42.47",
        "201209": "43.07",
        "201210": "38.95",
        "201211": "36.73",
        "201212": "38.96",
        "201301": "41.09",
        "201302": "42.79",
        "201303": "42.64",
        "201304": "42.17",
        "201305": "42.98",
        "201306": "42.86",
        "201307": "40.96",
        "201308": "38.45",
        "201309": "39.05",
        "201310": "39.44",
        "201311": "39.32",
        "201312": "41.55",
        "201401": "47.52",
        "201402": "50.51",
        "201403": "52.28",
        "201404": "55.04",
        "201405": "57.10",
        "201406": "61.88",
        "201407": "58.05",
        "201408": "51.38",
        "201409": "50.27",
        "201410": "43.87",
        "201411": "43.16",
        "201412": "45.64",
        "201501": "45.78",
        "201502": "47.68",
        "201503": "48.05",
        "201504": "47.51",
        "201505": "44.80",
        "201506": "43.10",
        "201507": "40.12",
        "201508": "34.07",
        "201509": "36.74",
        "201510": "38.13",
        "201511": "35.38",
        "201512": "34.98",
        "201601": "34.97",
        "201602": "35.48",
        "201603": "36.14",
        "201604": "33.59",
        "201605": "31.77",
        "201606": "32.83",
        "201607": "34.51",
        "201608": "35.87",
        "201609": "34.38",
        "201610": "32.71",
        "201611": "31.23",
        "201612": "31.93",
        "201701": "32.23",
        "201702": "33.03",
        "201703": "33.48",
        "201704": "33.83",
        "201705": "33.94",
        "201706": "33.92",
        "201707": "33.40",
        "201708": "31.99",
        "201709": "32.50",
        "201710": "33.66",
        "201711": "36.27",
        "201712": "37.57",
        "201801": "35.53",
        "201802": "35.46",
        "201803": "37.23",
        "201804": "35.07",
        "201805": "32.09",
        "201806": "31.71",
        "201807": "29.85",
        "201808": "30.79",
        "201809": "30.32",
        "201810": "28.68",
        "201811": "28.40",
        "201812": "29.22",
        "201901": "28.58",
        "201902": "29.13",
        "201903": "29.93",
        "201904": "31.99",
        "201905": "30.74",
        "201906": "31.04",
        "201907": "31.36",
        "201908": "32.79",
        "201909": "34.30",
        "201910": "33.09",
        "201911": "32.70",
        "201912": "32.52",
        "202001": "32.60",
        "202002": "34.10",
        "202003": "36.37",
        "202004": "44.74",
        "202005": "56.84",
        "202006": "54.68",
        "202007": "55.94",
        "202008": "53.93",
        "202009": "62.06",
        "202010": "69.04",
        "202011": "66.82",
        "202012": "65.72",
        "202101": "68.08",
        "202102": "77.87",
        "202103": "92.03",
        "202104": "110.79",
        "202105": "92.30",
        "202106": "94.22",
        "202107": "102.25",
        "202108": "96.27",
        "202109": "92.56",
        "202110": "84.36",
        "202111": "90.26",
        "202112": "92.03",
        "202201": "87.48",
        "202202": "85.39",
        "202203": "87.80",
        "202204": "81.46",
        "202205": "75.48",
        "202206": "72.03",
        "202207": "61.73",
        "202208": "58.07",
        "202209": "54.42",
        "202210": "46.69",
        "202211": "48.39",
        "202212": "50.88",
        "202301": "50.73",
        "202302": "54.36",
        "202303": "54.03",
        "202304": "52.52",
        "202305": "50.21",
        "202306": "51.09",
        "202307": "48.71",
        "202308": "44.26",
        "202309": "45.81",
        "202310": "47.46",
        "202311": "52.40",
        "202312": "56.20"
    },
    "quarters": {
        "20011": {
            "year_quarter": 20011,
            "year": 2001,
            "quarter": 1,
            "eps": 1.01,
            "eps_growth_year": -32.67,
            "eps_4q": 10,
            "eps_4q_growth_year": null,
            "roe": 4.77,
            "roe_4q": 4.77,
            "gross_profit": 109684,
            "gross_margin": 49.28,
            "gross_margin_4q_avg": 49.28,
            "net_income": 41281,
            "net_income_4q": null,
            "revenue": 222577,
            "revenue_4q": null,
            "common_shares": 410000,
            "book_valuer_per_share": 21.61,
            "book_valuer_per_share_4q_avg": 21.61,
            "equity": 885916,
            "current_ratio": 469.55,
            "debt_ratio": 16.51,
            "inventory_turnover_ratio": 4.36,
            "account_receivable_turnover_ratio": null,
            "reinvestment_rate": null,
            "research_to_sale_ratio": null,
            "price_fair": 0,
            "eps_avg_yearly": 0,
            "eps_latest_yearly": 0,
            "eps_growth_yearly": 0
        },
        "20012": {
            "year_quarter": 20012,
            "year": 2001,
            "quarter": 2,
            "eps": 4.5,
            "eps_growth_year": -17.28,
            "eps_4q": 11.91,
            "eps_4q_growth_year": null,
            "roe": 19.55,
            "roe_4q": 24.32,
            "gross_profit": 243300,
            "gross_margin": 54.33,
            "gross_margin_4q_avg": 51.81,
            "net_income": 184443,
            "net_income_4q": null,
            "revenue": 447790,
            "revenue_4q": null,
            "common_shares": 410000,
            "book_valuer_per_share": 24.41,
            "book_valuer_per_share_4q_avg": 23.01,
            "equity": 1000624,
            "current_ratio": 310.14,
            "debt_ratio": 24.45,
            "inventory_turnover_ratio": 6.19,
            "account_receivable_turnover_ratio": null,
            "reinvestment_rate": null,
            "research_to_sale_ratio": null,
            "price_fair": 0,
            "eps_avg_yearly": 0,
            "eps_latest_yearly": 0,
            "eps_growth_yearly": 0
        },
        "20013": {
            "year_quarter": 20013,
            "year": 2001,
            "quarter": 3,
            "eps": 2.49,
            "eps_growth_year": -47.25,
            "eps_4q": 6.88,
            "eps_4q_growth_year": null,
            "roe": 15.42,
            "roe_4q": 39.739999999999995,
            "gross_profit": 264772,
            "gross_margin": 58.19,
            "gross_margin_4q_avg": 53.93,
            "net_income": 167159,
            "net_income_4q": null,
            "revenue": 455011,
            "revenue_4q": null,
            "common_shares": 671500,
            "book_valuer_per_share": 17.39,
            "book_valuer_per_share_4q_avg": 21.14,
            "equity": 1167930,
            "current_ratio": 352.71,
            "debt_ratio": 22.31,
            "inventory_turnover_ratio": 7.71,
            "account_receivable_turnover_ratio": null,
            "reinvestment_rate": null,
            "research_to_sale_ratio": null,
            "price_fair": 0,
            "eps_avg_yearly": 0,
            "eps_latest_yearly": 0,
            "eps_growth_yearly": 0
        },
        "20014": {
            "year_quarter": 20014,
            "year": 2001,
            "quarter": 4,
            "eps": 0.94,
            "eps_growth_year": -44.05,
            "eps_4q": 6.81,
            "eps_4q_growth_year": -29.44,
            "roe": 5.24,
            "roe_4q": 44.980000000000004,
            "gross_profit": 112984,
            "gross_margin": 55.25,
            "gross_margin_4q_avg": 54.26,
            "net_income": 62903,
            "net_income_4q": null,
            "revenue": 204499,
            "revenue_4q": null,
            "common_shares": 671500,
            "book_valuer_per_share": 18.33,
            "book_valuer_per_share_4q_avg": 20.44,
            "equity": 1230816,
            "current_ratio": 833.98,
            "debt_ratio": 11.54,
            "inventory_turnover_ratio": 4.91,
            "account_receivable_turnover_ratio": null,
            "reinvestment_rate": null,
            "research_to_sale_ratio": null,
            "price_fair": 0,
            "eps_avg_yearly": 0,
            "eps_latest_yearly": 0,
            "eps_growth_yearly": 0
        },
        "20021": {
            "year_quarter": 20021,
            "year": 2002,
            "quarter": 1,
            "eps": 0.88,
            "eps_growth_year": -12.87,
            "eps_4q": 7.06,
            "eps_4q_growth_year": -29.37,
            "roe": 4.68,
            "roe_4q": 44.89,
            "gross_profit": 110377,
            "gross_margin": 48.72,
            "gross_margin_4q_avg": 54.12,
            "net_income": 59003,
            "net_income_4q": null,
            "revenue": 226575,
            "revenue_4q": null,
            "common_shares": 671500,
            "book_valuer_per_share": 19.21,
            "book_valuer_per_share_4q_avg": 19.84,
            "equity": 1289914,
            "current_ratio": 740.77,
            "debt_ratio": 12.58,
            "inventory_turnover_ratio": 3.67,
            "account_receivable_turnover_ratio": null,
            "reinvestment_rate": null,
            "research_to_sale_ratio": null,
            "price_fair": 10.56,
            "eps_avg_yearly": 3.52,
            "eps_latest_yearly": 3.52,
            "eps_growth_yearly": -25.53
        },
        "20022": {
            "year_quarter": 20022,
            "year": 2002,
            "quarter": 2,
            "eps": 2.37,
            "eps_growth_year": -47.33,
            "eps_4q": 6.67,
            "eps_4q_growth_year": -43.98,
            "roe": 12.23,
            "roe_4q": 37.57,
            "gross_profit": 263952,
            "gross_margin": 51.66,
            "gross_margin_4q_avg": 53.46,
            "net_income": 159262,
            "net_income_4q": null,
            "revenue": 510925,
            "revenue_4q": null,
            "common_shares": 671500,
            "book_valuer_per_share": 19.58,
            "book_valuer_per_share_4q_avg": 18.63,
            "equity": 1314771,
            "current_ratio": 329.42,
            "debt_ratio": 26.9,
            "inventory_turnover_ratio": 5.21,
            "account_receivable_turnover_ratio": null,
            "reinvestment_rate": null,
            "research_to_sale_ratio": null,
            "price_fair": 227.5,
            "eps_avg_yearly": 6.5,
            "eps_latest_yearly": 9.48,
            "eps_growth_yearly": 325.87
        },
        "20023": {
            "year_quarter": 20023,
            "year": 2002,
            "quarter": 3,
            "eps": 1.94,
            "eps_growth_year": -22.09,
            "eps_4q": 4.91,
            "eps_4q_growth_year": -28.6,
            "roe": 13.04,
            "roe_4q": 35.19,
            "gross_profit": 254752,
            "gross_margin": 50.44,
            "gross_margin_4q_avg": 51.52,
            "net_income": 183539,
            "net_income_4q": null,
            "revenue": 505050,
            "revenue_4q": null,
            "common_shares": 948095,
            "book_valuer_per_share": 15.82,
            "book_valuer_per_share_4q_avg": 18.24,
            "equity": 1499732,
            "current_ratio": 654.94,
            "debt_ratio": 14.18,
            "inventory_turnover_ratio": 4.91,
            "account_receivable_turnover_ratio": null,
            "reinvestment_rate": null,
            "research_to_sale_ratio": null,
            "price_fair": 242.2,
            "eps_avg_yearly": 6.92,
            "eps_latest_yearly": 7.76,
            "eps_growth_yearly": 193.06
        },
        "20024": {
            "year_quarter": 20024,
            "year": 2002,
            "quarter": 4,
            "eps": 0.8,
            "eps_growth_year": -14.89,
            "eps_4q": 5.04,
            "eps_4q_growth_year": -26,
            "roe": 4.93,
            "roe_4q": 34.879999999999995,
            "gross_profit": 143935,
            "gross_margin": 51.05,
            "gross_margin_4q_avg": 50.47,
            "net_income": 75809,
            "net_income_4q": null,
            "revenue": 281936,
            "revenue_4q": null,
            "common_shares": 948095,
            "book_valuer_per_share": 16.62,
            "book_valuer_per_share_4q_avg": 17.81,
            "equity": 1575455,
            "current_ratio": 794.59,
            "debt_ratio": 12.12,
            "inventory_turnover_ratio": 3.05,
            "account_receivable_turnover_ratio": null,
            "reinvestment_rate": null,
            "research_to_sale_ratio": null,
            "price_fair": 209.65,
            "eps_avg_yearly": 5.99,
            "eps_latest_yearly": 3.2,
            "eps_growth_yearly": 86.03
        },
        "20031": {
            "year_quarter": 20031,
            "year": 2003,
            "quarter": 1,
            "eps": 0.82,
            "eps_growth_year": -6.82,
            "eps_4q": 5.22,
            "eps_4q_growth_year": -26.12,
            "roe": 4.83,
            "roe_4q": 35.03,
            "gross_profit": 151488,
            "gross_margin": 54.11,
            "gross_margin_4q_avg": 51.82,
            "net_income": 78059,
            "net_income_4q": null,
            "revenue": 279948,
            "revenue_4q": null,
            "common_shares": 948095,
            "book_valuer_per_share": 17.44,
            "book_valuer_per_share_4q_avg": 17.37,
            "equity": 1653510,
            "current_ratio": 913.13,
            "debt_ratio": 10.56,
            "inventory_turnover_ratio": 2.9,
            "account_receivable_turnover_ratio": null,
            "reinvestment_rate": null,
            "research_to_sale_ratio": null,
            "price_fair": 190.68,
            "eps_avg_yearly": 5.45,
            "eps_latest_yearly": 3.28,
            "eps_growth_yearly": 70.82
        },
        "20032": {
            "year_quarter": 20032,
            "year": 2003,
            "quarter": 2,
            "eps": 1.69,
            "eps_growth_year": -28.69,
            "eps_4q": 5.25,
            "eps_4q_growth_year": -21.37,
            "roe": 9.83,
            "roe_4q": 32.629999999999995,
            "gross_profit": 256665,
            "gross_margin": 52.54,
            "gross_margin_4q_avg": 52.04,
            "net_income": 160371,
            "net_income_4q": null,
            "revenue": 488485,
            "revenue_4q": null,
            "common_shares": 948095,
            "book_valuer_per_share": 16.96,
            "book_valuer_per_share_4q_avg": 16.71,
            "equity": 1607930,
            "current_ratio": 382.17,
            "debt_ratio": 23.5,
            "inventory_turnover_ratio": 5,
            "account_receivable_turnover_ratio": null,
            "reinvestment_rate": null,
            "research_to_sale_ratio": null,
            "price_fair": 198.33,
            "eps_avg_yearly": 5.67,
            "eps_latest_yearly": 6.76,
            "eps_growth_yearly": 129.75
        },
        "20033": {
            "year_quarter": 20033,
            "year": 2003,
            "quarter": 3,
            "eps": 1.42,
            "eps_growth_year": -26.8,
            "eps_4q": 4.09,
            "eps_4q_growth_year": -16.72,
            "roe": 9.88,
            "roe_4q": 29.47,
            "gross_profit": 273602,
            "gross_margin": 53.65,
            "gross_margin_4q_avg": 52.84,
            "net_income": 167090,
            "net_income_4q": null,
            "revenue": 509998,
            "revenue_4q": null,
            "common_shares": 1173800,
            "book_valuer_per_share": 15.12,
            "book_valuer_per_share_4q_avg": 16.54,
            "equity": 1774226,
            "current_ratio": 444.74,
            "debt_ratio": 20.33,
            "inventory_turnover_ratio": 5.35,
            "account_receivable_turnover_ratio": null,
            "reinvestment_rate": null,
            "research_to_sale_ratio": null,
            "price_fair": 198.4,
            "eps_avg_yearly": 5.67,
            "eps_latest_yearly": 5.68,
            "eps_growth_yearly": 102.09
        },
        "20034": {
            "year_quarter": 20034,
            "year": 2003,
            "quarter": 4,
            "eps": 0.88,
            "eps_growth_year": 10,
            "eps_4q": 4.33,
            "eps_4q_growth_year": -14.03,
            "roe": 5.66,
            "roe_4q": 30.200000000000003,
            "gross_profit": 167146,
            "gross_margin": 52.24,
            "gross_margin_4q_avg": 53.14,
            "net_income": 103339,
            "net_income_4q": null,
            "revenue": 319931,
            "revenue_4q": null,
            "common_shares": 1173800,
            "book_valuer_per_share": 16,
            "book_valuer_per_share_4q_avg": 16.38,
            "equity": 1877590,
            "current_ratio": 884.91,
            "debt_ratio": 13.38,
            "inventory_turnover_ratio": 3.13,
            "account_receivable_turnover_ratio": null,
            "reinvestment_rate": 9.37,
            "research_to_sale_ratio": null,
            "price_fair": 189,
            "eps_avg_yearly": 5.4,
            "eps_latest_yearly": 3.52,
            "eps_growth_yearly": 70.31
        },
        "20041": {
            "year_quarter": 20041,
            "year": 2004,
            "quarter": 1,
            "eps": 1.21,
            "eps_growth_year": 47.56,
            "eps_4q": 4.88,
            "eps_4q_growth_year": -6.51,
            "roe": 7.3,
            "roe_4q": 32.67,
            "gross_profit": 155275,
            "gross_margin": 48.59,
            "gross_margin_4q_avg": 51.76,
            "net_income": 142113,
            "net_income_4q": null,
            "revenue": 319553,
            "revenue_4q": null,
            "common_shares": 1173800,
            "book_valuer_per_share": 17.17,
            "book_valuer_per_share_4q_avg": 16.31,
            "equity": 2015208,
            "current_ratio": 917.25,
            "debt_ratio": 12.49,
            "inventory_turnover_ratio": 2.22,
            "account_receivable_turnover_ratio": null,
            "reinvestment_rate": 8.95,
            "research_to_sale_ratio": null,
            "price_fair": 186.82,
            "eps_avg_yearly": 5.34,
            "eps_latest_yearly": 4.84,
            "eps_growth_yearly": 79.17
        },
        "20042": {
            "year_quarter": 20042,
            "year": 2004,
            "quarter": 2,
            "eps": 1.47,
            "eps_growth_year": -13.02,
            "eps_4q": 4.99,
            "eps_4q_growth_year": -4.95,
            "roe": 8.83,
            "roe_4q": 31.67,
            "gross_profit": 290021,
            "gross_margin": 50.73,
            "gross_margin_4q_avg": 51.3,
            "net_income": 172471,
            "net_income_4q": null,
            "revenue": 571648,
            "revenue_4q": null,
            "common_shares": 1173800,
            "book_valuer_per_share": 16.1,
            "book_valuer_per_share_4q_avg": 16.1,
            "equity": 1890233,
            "current_ratio": 341.06,
            "debt_ratio": 27.16,
            "inventory_turnover_ratio": 2.22,
            "account_receivable_turnover_ratio": null,
            "reinvestment_rate": 7.12,
            "research_to_sale_ratio": null,
            "price_fair": 188.72,
            "eps_avg_yearly": 5.39,
            "eps_latest_yearly": 5.88,
            "eps_growth_yearly": 79.84
        },
        "20043": {
            "year_quarter": 20043,
            "year": 2004,
            "quarter": 3,
            "eps": 1.61,
            "eps_growth_year": 13.38,
            "eps_4q": 5.18,
            "eps_4q_growth_year": 26.51,
            "roe": 9.52,
            "roe_4q": 31.310000000000002,
            "gross_profit": 264620,
            "gross_margin": 45.68,
            "gross_margin_4q_avg": 49.31,
            "net_income": 188733,
            "net_income_4q": null,
            "revenue": 579297,
            "revenue_4q": null,
            "common_shares": 1173800,
            "book_valuer_per_share": 17.69,
            "book_valuer_per_share_4q_avg": 16.74,
            "equity": 2076580,
            "current_ratio": 407.13,
            "debt_ratio": 23.44,
            "inventory_turnover_ratio": 1.82,
            "account_receivable_turnover_ratio": null,
            "reinvestment_rate": 7,
            "research_to_sale_ratio": null,
            "price_fair": 192.05,
            "eps_avg_yearly": 5.49,
            "eps_latest_yearly": 6.44,
            "eps_growth_yearly": 76.05
        },
        "20044": {
            "year_quarter": 20044,
            "year": 2004,
            "quarter": 4,
            "eps": 0.32,
            "eps_growth_year": -63.64,
            "eps_4q": 4.15,
            "eps_4q_growth_year": -4.23,
            "roe": 2.01,
            "roe_4q": 27.66,
            "gross_profit": 158241,
            "gross_margin": 44.99,
            "gross_margin_4q_avg": 47.5,
            "net_income": 42051,
            "net_income_4q": null,
            "revenue": 351695,
            "revenue_4q": null,
            "common_shares": 1321180,
            "book_valuer_per_share": 16.02,
            "book_valuer_per_share_4q_avg": 16.75,
            "equity": 2116522,
            "current_ratio": 709.85,
            "debt_ratio": 12.51,
            "inventory_turnover_ratio": 1,
            "account_receivable_turnover_ratio": null,
            "reinvestment_rate": 7.14,
            "research_to_sale_ratio": null,
            "price_fair": 179.78,
            "eps_avg_yearly": 5.14,
            "eps_latest_yearly": 1.28,
            "eps_growth_yearly": 43
        },
        "20051": {
            "year_quarter": 20051,
            "year": 2005,
            "quarter": 1,
            "eps": 0.5,
            "eps_growth_year": -58.68,
            "eps_4q": 3.59,
            "eps_4q_growth_year": -26.32,
            "roe": 3.03,
            "roe_4q": 23.39,
            "gross_profit": 147160,
            "gross_margin": 44.48,
            "gross_margin_4q_avg": 46.47,
            "net_income": 65167,
            "net_income_4q": null,
            "revenue": 330825,
            "revenue_4q": null,
            "common_shares": 1321180,
            "book_valuer_per_share": 16.51,
            "book_valuer_per_share_4q_avg": 16.58,
            "equity": 2181595,
            "current_ratio": 871.2,
            "debt_ratio": 10.1,
            "inventory_turnover_ratio": 0.92,
            "account_receivable_turnover_ratio": null,
            "reinvestment_rate": 6.97,
            "research_to_sale_ratio": null,
            "price_fair": 171.34,
            "eps_avg_yearly": 4.9,
            "eps_latest_yearly": 2,
            "eps_growth_yearly": 57
        },
        "20052": {
            "year_quarter": 20052,
            "year": 2005,
            "quarter": 2,
            "eps": 1.58,
            "eps_growth_year": 7.48,
            "eps_4q": 3.83,
            "eps_4q_growth_year": -23.27,
            "roe": 9.74,
            "roe_4q": 24.299999999999997,
            "gross_profit": 292924,
            "gross_margin": 47.96,
            "gross_margin_4q_avg": 45.78,
            "net_income": 208194,
            "net_income_4q": null,
            "revenue": 610796,
            "revenue_4q": null,
            "common_shares": 1321180,
            "book_valuer_per_share": 15.83,
            "book_valuer_per_share_4q_avg": 16.51,
            "equity": 2091937,
            "current_ratio": 339.26,
            "debt_ratio": 24.05,
            "inventory_turnover_ratio": 1.66,
            "account_receivable_turnover_ratio": null,
            "reinvestment_rate": 7.05,
            "research_to_sale_ratio": null,
            "price_fair": 174.9,
            "eps_avg_yearly": 5,
            "eps_latest_yearly": 6.32,
            "eps_growth_yearly": 114.65
        },
        "20053": {
            "year_quarter": 20053,
            "year": 2005,
            "quarter": 3,
            "eps": 1.84,
            "eps_growth_year": 14.29,
            "eps_4q": 4.08,
            "eps_4q_growth_year": -21.18,
            "roe": 11.67,
            "roe_4q": 26.450000000000003,
            "gross_profit": 301434,
            "gross_margin": 50.97,
            "gross_margin_4q_avg": 47.1,
            "net_income": 259216,
            "net_income_4q": null,
            "revenue": 591399,
            "revenue_4q": null,
            "common_shares": 1416857,
            "book_valuer_per_share": 16.58,
            "book_valuer_per_share_4q_avg": 16.24,
            "equity": 2348945,
            "current_ratio": 603.54,
            "debt_ratio": 13.4,
            "inventory_turnover_ratio": 1.64,
            "account_receivable_turnover_ratio": null,
            "reinvestment_rate": 6.66,
            "research_to_sale_ratio": null,
            "price_fair": 180.41,
            "eps_avg_yearly": 5.15,
            "eps_latest_yearly": 7.36,
            "eps_growth_yearly": 111.39
        },
        "20054": {
            "year_quarter": 20054,
            "year": 2005,
            "quarter": 4,
            "eps": 0.48,
            "eps_growth_year": 50,
            "eps_4q": 4.26,
            "eps_4q_growth_year": 2.76,
            "roe": 2.82,
            "roe_4q": 27.26,
            "gross_profit": 209210,
            "gross_margin": 47.34,
            "gross_margin_4q_avg": 47.69,
            "net_income": 67544,
            "net_income_4q": null,
            "revenue": 441972,
            "revenue_4q": null,
            "common_shares": 1416857,
            "book_valuer_per_share": 17.03,
            "book_valuer_per_share_4q_avg": 16.49,
            "equity": 2440292,
            "current_ratio": 723.77,
            "debt_ratio": 12.55,
            "inventory_turnover_ratio": 1.43,
            "account_receivable_turnover_ratio": null,
            "reinvestment_rate": 7.05,
            "research_to_sale_ratio": null,
            "price_fair": 173.34,
            "eps_avg_yearly": 4.95,
            "eps_latest_yearly": 1.92,
            "eps_growth_yearly": 85.95
        },
        "20061": {
            "year_quarter": 20061,
            "year": 2006,
            "quarter": 1,
            "eps": 0.63,
            "eps_growth_year": 26,
            "eps_4q": 4.41,
            "eps_4q_growth_year": 22.61,
            "roe": 3.61,
            "roe_4q": 27.840000000000003,
            "gross_profit": 189082,
            "gross_margin": 43.65,
            "gross_margin_4q_avg": 47.48,
            "net_income": 89243,
            "net_income_4q": null,
            "revenue": 433164,
            "revenue_4q": null,
            "common_shares": 1416857,
            "book_valuer_per_share": 17.69,
            "book_valuer_per_share_4q_avg": 16.78,
            "equity": 2506254,
            "current_ratio": 680.15,
            "debt_ratio": 12.09,
            "inventory_turnover_ratio": 1.41,
            "account_receivable_turnover_ratio": null,
            "reinvestment_rate": 6.18,
            "research_to_sale_ratio": null,
            "price_fair": 171.15,
            "eps_avg_yearly": 4.89,
            "eps_latest_yearly": 2.52,
            "eps_growth_yearly": 95.36
        },
        "20062": {
            "year_quarter": 20062,
            "year": 2006,
            "quarter": 2,
            "eps": 1.72,
            "eps_growth_year": 8.86,
            "eps_4q": 4.68,
            "eps_4q_growth_year": 22.31,
            "roe": 10.19,
            "roe_4q": 28.29,
            "gross_profit": 385271,
            "gross_margin": 44.19,
            "gross_margin_4q_avg": 46.54,
            "net_income": 241767,
            "net_income_4q": null,
            "revenue": 871799,
            "revenue_4q": null,
            "common_shares": 1416857,
            "book_valuer_per_share": 15.79,
            "book_valuer_per_share_4q_avg": 16.77,
            "equity": 2236925,
            "current_ratio": 250,
            "debt_ratio": 31.07,
            "inventory_turnover_ratio": 2.21,
            "account_receivable_turnover_ratio": null,
            "reinvestment_rate": 6.64,
            "research_to_sale_ratio": null,
            "price_fair": 165.46,
            "eps_avg_yearly": 4.73,
            "eps_latest_yearly": 6.88,
            "eps_growth_yearly": 96.28
        },
        "20063": {
            "year_quarter": 20063,
            "year": 2006,
            "quarter": 3,
            "eps": 1.76,
            "eps_growth_year": -4.35,
            "eps_4q": 4.41,
            "eps_4q_growth_year": 8.24,
            "roe": 11.11,
            "roe_4q": 27.729999999999997,
            "gross_profit": 374510,
            "gross_margin": 44.15,
            "gross_margin_4q_avg": 44.83,
            "net_income": 264214,
            "net_income_4q": null,
            "revenue": 848358,
            "revenue_4q": null,
            "common_shares": 1507317,
            "book_valuer_per_share": 16.7,
            "book_valuer_per_share_4q_avg": 16.8,
            "equity": 2517524,
            "current_ratio": 395.44,
            "debt_ratio": 19.95,
            "inventory_turnover_ratio": 1.57,
            "account_receivable_turnover_ratio": null,
            "reinvestment_rate": 6.29,
            "research_to_sale_ratio": null,
            "price_fair": 163.89,
            "eps_avg_yearly": 4.68,
            "eps_latest_yearly": 7.04,
            "eps_growth_yearly": 101.4
        },
        "20064": {
            "year_quarter": 20064,
            "year": 2006,
            "quarter": 4,
            "eps": 1.01,
            "eps_growth_year": 110.42,
            "eps_4q": 4.99,
            "eps_4q_growth_year": 16.97,
            "roe": 5.8,
            "roe_4q": 30.71,
            "gross_profit": 261327,
            "gross_margin": 39.98,
            "gross_margin_4q_avg": 42.99,
            "net_income": 151108,
            "net_income_4q": null,
            "revenue": 653619,
            "revenue_4q": null,
            "common_shares": 1507317,
            "book_valuer_per_share": 17.74,
            "book_valuer_per_share_4q_avg": 16.98,
            "equity": 2694800,
            "current_ratio": 626.37,
            "debt_ratio": 13.56,
            "inventory_turnover_ratio": 1.11,
            "account_receivable_turnover_ratio": null,
            "reinvestment_rate": 8.37,
            "research_to_sale_ratio": null,
            "price_fair": 165.73,
            "eps_avg_yearly": 4.74,
            "eps_latest_yearly": 4.04,
            "eps_growth_yearly": 105.44
        },
        "20071": {
            "year_quarter": 20071,
            "year": 2007,
            "quarter": 1,
            "eps": 0.75,
            "eps_growth_year": 19.05,
            "eps_4q": 5.12,
            "eps_4q_growth_year": 16.17,
            "roe": 4.09,
            "roe_4q": 31.189999999999998,
            "gross_profit": 210741,
            "gross_margin": 39.12,
            "gross_margin_4q_avg": 41.86,
            "net_income": 112804,
            "net_income_4q": null,
            "revenue": 538653,
            "revenue_4q": null,
            "common_shares": 1507317,
            "book_valuer_per_share": 18.73,
            "book_valuer_per_share_4q_avg": 17.24,
            "equity": 2822559,
            "current_ratio": 690.33,
            "debt_ratio": 11.47,
            "inventory_turnover_ratio": 0.92,
            "account_receivable_turnover_ratio": null,
            "reinvestment_rate": 5.14,
            "research_to_sale_ratio": null,
            "price_fair": 165.11,
            "eps_avg_yearly": 4.72,
            "eps_latest_yearly": 3,
            "eps_growth_yearly": 98.38
        },
        "20072": {
            "year_quarter": 20072,
            "year": 2007,
            "quarter": 2,
            "eps": 1.63,
            "eps_growth_year": -5.23,
            "eps_4q": 5.14,
            "eps_4q_growth_year": 9.94,
            "roe": 9.35,
            "roe_4q": 30.349999999999998,
            "gross_profit": 423127,
            "gross_margin": 40.23,
            "gross_margin_4q_avg": 40.87,
            "net_income": 244928,
            "net_income_4q": null,
            "revenue": 1051719,
            "revenue_4q": null,
            "common_shares": 1507317,
            "book_valuer_per_share": 16.04,
            "book_valuer_per_share_4q_avg": 17.3,
            "equity": 2417307,
            "current_ratio": 233.52,
            "debt_ratio": 32.87,
            "inventory_turnover_ratio": 1.8,
            "account_receivable_turnover_ratio": null,
            "reinvestment_rate": 6.22,
            "research_to_sale_ratio": null,
            "price_fair": 164.59,
            "eps_avg_yearly": 4.7,
            "eps_latest_yearly": 6.52,
            "eps_growth_yearly": 101.19
        },
        "20073": {
            "year_quarter": 20073,
            "year": 2007,
            "quarter": 3,
            "eps": 1.89,
            "eps_growth_year": 7.39,
            "eps_4q": 5.13,
            "eps_4q_growth_year": 16.2,
            "roe": 11.57,
            "roe_4q": 30.810000000000002,
            "gross_profit": 482875,
            "gross_margin": 41.49,
            "gross_margin_4q_avg": 40.21,
            "net_income": 296821,
            "net_income_4q": null,
            "revenue": 1163876,
            "revenue_4q": null,
            "common_shares": 1572536,
            "book_valuer_per_share": 17.25,
            "book_valuer_per_share_4q_avg": 17.44,
            "equity": 2712603,
            "current_ratio": 276.93,
            "debt_ratio": 26.13,
            "inventory_turnover_ratio": 1.81,
            "account_receivable_turnover_ratio": null,
            "reinvestment_rate": 13.04,
            "research_to_sale_ratio": null,
            "price_fair": 168.7,
            "eps_avg_yearly": 4.82,
            "eps_latest_yearly": 7.56,
            "eps_growth_yearly": 109.17
        },
        "20074": {
            "year_quarter": 20074,
            "year": 2007,
            "quarter": 4,
            "eps": 1.28,
            "eps_growth_year": 26.73,
            "eps_4q": 5.43,
            "eps_4q_growth_year": 8.84,
            "roe": 7.13,
            "roe_4q": 32.14,
            "gross_profit": 343898,
            "gross_margin": 39.91,
            "gross_margin_4q_avg": 40.19,
            "net_income": 201909,
            "net_income_4q": null,
            "revenue": 861681,
            "revenue_4q": null,
            "common_shares": 1578087,
            "book_valuer_per_share": 18.57,
            "book_valuer_per_share_4q_avg": 17.65,
            "equity": 2948381,
            "current_ratio": 425.62,
            "debt_ratio": 17.86,
            "inventory_turnover_ratio": 1.13,
            "account_receivable_turnover_ratio": null,
            "reinvestment_rate": 8.76,
            "research_to_sale_ratio": null,
            "price_fair": 172.2,
            "eps_avg_yearly": 4.92,
            "eps_latest_yearly": 5.12,
            "eps_growth_yearly": 110.61
        },
        "20081": {
            "year_quarter": 20081,
            "year": 2008,
            "quarter": 1,
            "eps": 0.85,
            "eps_growth_year": 13.33,
            "eps_4q": 5.47,
            "eps_4q_growth_year": 6.82,
            "roe": 4.54,
            "roe_4q": 32.59,
            "gross_profit": 340814,
            "gross_margin": 40.52,
            "gross_margin_4q_avg": 40.54,
            "net_income": 136606,
            "net_income_4q": null,
            "revenue": 841196,
            "revenue_4q": null,
            "common_shares": 1588234,
            "book_valuer_per_share": 19.24,
            "book_valuer_per_share_4q_avg": 17.78,
            "equity": 3075763,
            "current_ratio": 457.36,
            "debt_ratio": 16.56,
            "inventory_turnover_ratio": 1.03,
            "account_receivable_turnover_ratio": null,
            "reinvestment_rate": 9.42,
            "research_to_sale_ratio": null,
            "price_fair": 169.05,
            "eps_avg_yearly": 4.83,
            "eps_latest_yearly": 3.4,
            "eps_growth_yearly": 92.83
        },
        "20082": {
            "year_quarter": 20082,
            "year": 2008,
            "quarter": 2,
            "eps": 1.57,
            "eps_growth_year": -3.68,
            "eps_4q": 5.57,
            "eps_4q_growth_year": 8.3,
            "roe": 8.72,
            "roe_4q": 31.96,
            "gross_profit": 472632,
            "gross_margin": 40.72,
            "gross_margin_4q_avg": 40.66,
            "net_income": 248963,
            "net_income_4q": null,
            "revenue": 1160771,
            "revenue_4q": null,
            "common_shares": 1593168,
            "book_valuer_per_share": 16.44,
            "book_valuer_per_share_4q_avg": 17.88,
            "equity": 2637438,
            "current_ratio": 203.26,
            "debt_ratio": 37.77,
            "inventory_turnover_ratio": 1.42,
            "account_receivable_turnover_ratio": null,
            "reinvestment_rate": 8.05,
            "research_to_sale_ratio": null,
            "price_fair": 169.93,
            "eps_avg_yearly": 4.86,
            "eps_latest_yearly": 6.28,
            "eps_growth_yearly": 108.64
        },
        "20083": {
            "year_quarter": 20083,
            "year": 2008,
            "quarter": 3,
            "eps": 1.56,
            "eps_growth_year": -17.46,
            "eps_4q": 5.09,
            "eps_4q_growth_year": -0.81,
            "roe": 9.31,
            "roe_4q": 29.7,
            "gross_profit": 508902,
            "gross_margin": 40.04,
            "gross_margin_4q_avg": 40.3,
            "net_income": 259481,
            "net_income_4q": null,
            "revenue": 1270971,
            "revenue_4q": null,
            "common_shares": 1668907,
            "book_valuer_per_share": 17.5,
            "book_valuer_per_share_4q_avg": 17.94,
            "equity": 2938916,
            "current_ratio": 332.9,
            "debt_ratio": 22.77,
            "inventory_turnover_ratio": 1.42,
            "account_receivable_turnover_ratio": null,
            "reinvestment_rate": 7.88,
            "research_to_sale_ratio": null,
            "price_fair": 169.49,
            "eps_avg_yearly": 4.84,
            "eps_latest_yearly": 6.24,
            "eps_growth_yearly": 106.1
        },
        "20084": {
            "year_quarter": 20084,
            "year": 2008,
            "quarter": 4,
            "eps": 0.56,
            "eps_growth_year": -56.25,
            "eps_4q": 4.41,
            "eps_4q_growth_year": -18.8,
            "roe": 3.14,
            "roe_4q": 25.71,
            "gross_profit": 245342,
            "gross_margin": 34.11,
            "gross_margin_4q_avg": 38.85,
            "net_income": 93780,
            "net_income_4q": null,
            "revenue": 719296,
            "revenue_4q": null,
            "common_shares": 1670726,
            "book_valuer_per_share": 18.06,
            "book_valuer_per_share_4q_avg": 17.81,
            "equity": 3033183,
            "current_ratio": 561.24,
            "debt_ratio": 14.06,
            "inventory_turnover_ratio": 1,
            "account_receivable_turnover_ratio": 3.91,
            "reinvestment_rate": 6.37,
            "research_to_sale_ratio": null,
            "price_fair": 171.59,
            "eps_avg_yearly": 4.9,
            "eps_latest_yearly": 2.24,
            "eps_growth_yearly": 110.1
        },
        "20091": {
            "year_quarter": 20091,
            "year": 2009,
            "quarter": 1,
            "eps": 0.6,
            "eps_growth_year": -29.41,
            "eps_4q": 4.22,
            "eps_4q_growth_year": -22.87,
            "roe": 3.25,
            "roe_4q": 24.42,
            "gross_profit": 255196,
            "gross_margin": 40.31,
            "gross_margin_4q_avg": 38.8,
            "net_income": 100136,
            "net_income_4q": null,
            "revenue": 633026,
            "revenue_4q": null,
            "common_shares": 1671749,
            "book_valuer_per_share": 18.66,
            "book_valuer_per_share_4q_avg": 17.67,
            "equity": 3134468,
            "current_ratio": 490.86,
            "debt_ratio": 16.25,
            "inventory_turnover_ratio": 1.14,
            "account_receivable_turnover_ratio": 1.8,
            "reinvestment_rate": 6.25,
            "research_to_sale_ratio": null,
            "price_fair": 172.46,
            "eps_avg_yearly": 4.93,
            "eps_latest_yearly": 2.4,
            "eps_growth_yearly": 97.83
        },
        "20092": {
            "year_quarter": 20092,
            "year": 2009,
            "quarter": 2,
            "eps": 1.17,
            "eps_growth_year": -25.48,
            "eps_4q": 3.89,
            "eps_4q_growth_year": -30.18,
            "roe": 6.56,
            "roe_4q": 22.259999999999998,
            "gross_profit": 421125,
            "gross_margin": 41.8,
            "gross_margin_4q_avg": 39.07,
            "net_income": 195693,
            "net_income_4q": null,
            "revenue": 1007593,
            "revenue_4q": null,
            "common_shares": 1675074,
            "book_valuer_per_share": 16.83,
            "book_valuer_per_share_4q_avg": 17.76,
            "equity": 2833992,
            "current_ratio": 260.54,
            "debt_ratio": 30.14,
            "inventory_turnover_ratio": 1.81,
            "account_receivable_turnover_ratio": 2.35,
            "reinvestment_rate": 6.04,
            "research_to_sale_ratio": null,
            "price_fair": 168.88,
            "eps_avg_yearly": 4.83,
            "eps_latest_yearly": 4.68,
            "eps_growth_yearly": 67.58
        },
        "20093": {
            "year_quarter": 20093,
            "year": 2009,
            "quarter": 3,
            "eps": 1.52,
            "eps_growth_year": -2.56,
            "eps_4q": 3.87,
            "eps_4q_growth_year": -24.04,
            "roe": 8.56,
            "roe_4q": 21.51,
            "gross_profit": 476376,
            "gross_margin": 42.8,
            "gross_margin_4q_avg": 39.76,
            "net_income": 253597,
            "net_income_4q": null,
            "revenue": 1112942,
            "revenue_4q": null,
            "common_shares": 1677290,
            "book_valuer_per_share": 18.35,
            "book_valuer_per_share_4q_avg": 17.98,
            "equity": 3092540,
            "current_ratio": 401.14,
            "debt_ratio": 19.66,
            "inventory_turnover_ratio": 2.02,
            "account_receivable_turnover_ratio": 1.99,
            "reinvestment_rate": 5.96,
            "research_to_sale_ratio": null,
            "price_fair": 166.08,
            "eps_avg_yearly": 4.75,
            "eps_latest_yearly": 6.08,
            "eps_growth_yearly": 70.94
        },
        "20094": {
            "year_quarter": 20094,
            "year": 2009,
            "quarter": 4,
            "eps": 1.21,
            "eps_growth_year": 116.07,
            "eps_4q": 4.49,
            "eps_4q_growth_year": 1.92,
            "roe": 6.4,
            "roe_4q": 24.77,
            "gross_profit": 425800,
            "gross_margin": 41.66,
            "gross_margin_4q_avg": 41.64,
            "net_income": 204559,
            "net_income_4q": null,
            "revenue": 1022131,
            "revenue_4q": null,
            "common_shares": 1678770,
            "book_valuer_per_share": 19.56,
            "book_valuer_per_share_4q_avg": 18.35,
            "equity": 3299436,
            "current_ratio": 439.28,
            "debt_ratio": 18.22,
            "inventory_turnover_ratio": 2.34,
            "account_receivable_turnover_ratio": 3.36,
            "reinvestment_rate": 6.69,
            "research_to_sale_ratio": null,
            "price_fair": 172.46,
            "eps_avg_yearly": 4.93,
            "eps_latest_yearly": 4.84,
            "eps_growth_yearly": 84.32
        },
        "20101": {
            "year_quarter": 20101,
            "year": 2010,
            "quarter": 1,
            "eps": 1.42,
            "eps_growth_year": 136.67,
            "eps_4q": 5.31,
            "eps_4q_growth_year": 25.87,
            "roe": 6.93,
            "roe_4q": 28.45,
            "gross_profit": 439552,
            "gross_margin": 42,
            "gross_margin_4q_avg": 42.07,
            "net_income": 236892,
            "net_income_4q": null,
            "revenue": 1046652,
            "revenue_4q": null,
            "common_shares": 1678770,
            "book_valuer_per_share": 20.98,
            "book_valuer_per_share_4q_avg": 18.93,
            "equity": 3537470,
            "current_ratio": 409.12,
            "debt_ratio": 19.75,
            "inventory_turnover_ratio": 1.69,
            "account_receivable_turnover_ratio": 1.85,
            "reinvestment_rate": 7.5,
            "research_to_sale_ratio": 16.22,
            "price_fair": 179.38,
            "eps_avg_yearly": 5.13,
            "eps_latest_yearly": 5.68,
            "eps_growth_yearly": 80.85
        },
        "20102": {
            "year_quarter": 20102,
            "year": 2010,
            "quarter": 2,
            "eps": 1.39,
            "eps_growth_year": 18.99,
            "eps_4q": 5.53,
            "eps_4q_growth_year": 42.17,
            "roe": 7.02,
            "roe_4q": 28.910000000000004,
            "gross_profit": 532620,
            "gross_margin": 44.85,
            "gross_margin_4q_avg": 42.83,
            "net_income": 232843,
            "net_income_4q": null,
            "revenue": 1187507,
            "revenue_4q": null,
            "common_shares": 1678770,
            "book_valuer_per_share": 18.38,
            "book_valuer_per_share_4q_avg": 19.32,
            "equity": 3099431,
            "current_ratio": 245.64,
            "debt_ratio": 33.09,
            "inventory_turnover_ratio": 1.39,
            "account_receivable_turnover_ratio": 1.91,
            "reinvestment_rate": 5.83,
            "research_to_sale_ratio": 14.1,
            "price_fair": 176.49,
            "eps_avg_yearly": 5.04,
            "eps_latest_yearly": 5.56,
            "eps_growth_yearly": 37.06
        },
        "20103": {
            "year_quarter": 20103,
            "year": 2010,
            "quarter": 3,
            "eps": 1.34,
            "eps_growth_year": -11.93,
            "eps_4q": 5.36,
            "eps_4q_growth_year": 38.58,
            "roe": 7.07,
            "roe_4q": 27.42,
            "gross_profit": 520736,
            "gross_margin": 45.21,
            "gross_margin_4q_avg": 43.43,
            "net_income": 227038,
            "net_income_4q": null,
            "revenue": 1151797,
            "revenue_4q": null,
            "common_shares": 1678770,
            "book_valuer_per_share": 19.73,
            "book_valuer_per_share_4q_avg": 19.66,
            "equity": 3327594,
            "current_ratio": 428.86,
            "debt_ratio": 19.17,
            "inventory_turnover_ratio": 1.27,
            "account_receivable_turnover_ratio": 1.61,
            "reinvestment_rate": 5.73,
            "research_to_sale_ratio": 19.05,
            "price_fair": 172.81,
            "eps_avg_yearly": 4.94,
            "eps_latest_yearly": 5.36,
            "eps_growth_yearly": 35.58
        },
        "20104": {
            "year_quarter": 20104,
            "year": 2010,
            "quarter": 4,
            "eps": 0.63,
            "eps_growth_year": -47.8,
            "eps_4q": 4.78,
            "eps_4q_growth_year": 6.32,
            "roe": 3.06,
            "roe_4q": 24.08,
            "gross_profit": 378040,
            "gross_margin": 39.08,
            "gross_margin_4q_avg": 42.79,
            "net_income": 103017,
            "net_income_4q": null,
            "revenue": 967384,
            "revenue_4q": null,
            "common_shares": 1678770,
            "book_valuer_per_share": 20.25,
            "book_valuer_per_share_4q_avg": 19.84,
            "equity": 3412786,
            "current_ratio": 461.08,
            "debt_ratio": 18.12,
            "inventory_turnover_ratio": 1.13,
            "account_receivable_turnover_ratio": 1.52,
            "reinvestment_rate": 2.99,
            "research_to_sale_ratio": 18.6,
            "price_fair": 169.49,
            "eps_avg_yearly": 4.84,
            "eps_latest_yearly": 2.52,
            "eps_growth_yearly": 32.99
        },
        "20111": {
            "year_quarter": 20111,
            "year": 2011,
            "quarter": 1,
            "eps": 0.81,
            "eps_growth_year": -42.96,
            "eps_4q": 4.17,
            "eps_4q_growth_year": -21.48,
            "roe": 3.86,
            "roe_4q": 21.009999999999998,
            "gross_profit": 322739,
            "gross_margin": 39.15,
            "gross_margin_4q_avg": 42.07,
            "net_income": 134463,
            "net_income_4q": null,
            "revenue": 824315,
            "revenue_4q": null,
            "common_shares": 1678770,
            "book_valuer_per_share": 21.1,
            "book_valuer_per_share_4q_avg": 19.87,
            "equity": 3554192,
            "current_ratio": 460.22,
            "debt_ratio": 18.46,
            "inventory_turnover_ratio": 0.85,
            "account_receivable_turnover_ratio": 1.53,
            "reinvestment_rate": 5.01,
            "research_to_sale_ratio": 17.48,
            "price_fair": 170.01,
            "eps_avg_yearly": 4.86,
            "eps_latest_yearly": 3.24,
            "eps_growth_yearly": 46.57
        },
        "20112": {
            "year_quarter": 20112,
            "year": 2011,
            "quarter": 2,
            "eps": 1.28,
            "eps_growth_year": -8.25,
            "eps_4q": 4.05,
            "eps_4q_growth_year": -26.7,
            "roe": 6.5,
            "roe_4q": 20.490000000000002,
            "gross_profit": 472737,
            "gross_margin": 40.02,
            "gross_margin_4q_avg": 40.87,
            "net_income": 214449,
            "net_income_4q": null,
            "revenue": 1181199,
            "revenue_4q": null,
            "common_shares": 1678770,
            "book_valuer_per_share": 18.16,
            "book_valuer_per_share_4q_avg": 19.81,
            "equity": 3047912,
            "current_ratio": 248.74,
            "debt_ratio": 33.91,
            "inventory_turnover_ratio": 1.12,
            "account_receivable_turnover_ratio": 2,
            "reinvestment_rate": 3.96,
            "research_to_sale_ratio": 12.43,
            "price_fair": 166.95,
            "eps_avg_yearly": 4.77,
            "eps_latest_yearly": 5.12,
            "eps_growth_yearly": 31.74
        },
        "20113": {
            "year_quarter": 20113,
            "year": 2011,
            "quarter": 3,
            "eps": 0.93,
            "eps_growth_year": -30.79,
            "eps_4q": 3.64,
            "eps_4q_growth_year": -32.02,
            "roe": 4.96,
            "roe_4q": 18.38,
            "gross_profit": 373062,
            "gross_margin": 41.8,
            "gross_margin_4q_avg": 40.01,
            "net_income": 155539,
            "net_income_4q": null,
            "revenue": 892477,
            "revenue_4q": null,
            "common_shares": 1678770,
            "book_valuer_per_share": 19.17,
            "book_valuer_per_share_4q_avg": 19.67,
            "equity": 3218193,
            "current_ratio": 527.93,
            "debt_ratio": 16.08,
            "inventory_turnover_ratio": 0.93,
            "account_receivable_turnover_ratio": 1.45,
            "reinvestment_rate": -2.73,
            "research_to_sale_ratio": 19.64,
            "price_fair": 140.06,
            "eps_avg_yearly": 4.53,
            "eps_latest_yearly": 3.72,
            "eps_growth_yearly": 20.92
        },
        "20114": {
            "year_quarter": 20114,
            "year": 2011,
            "quarter": 4,
            "eps": 0.31,
            "eps_growth_year": -51,
            "eps_4q": 3.32,
            "eps_4q_growth_year": -30.52,
            "roe": 1.6,
            "roe_4q": 16.92,
            "gross_profit": 274884,
            "gross_margin": 38.36,
            "gross_margin_4q_avg": 39.83,
            "net_income": 51957,
            "net_income_4q": null,
            "revenue": 716598,
            "revenue_4q": null,
            "common_shares": 1678770,
            "book_valuer_per_share": 19.47,
            "book_valuer_per_share_4q_avg": 19.48,
            "equity": 3267794,
            "current_ratio": 647.63,
            "debt_ratio": 13.61,
            "inventory_turnover_ratio": 1.08,
            "account_receivable_turnover_ratio": 1.46,
            "reinvestment_rate": 0.46,
            "research_to_sale_ratio": 19.45,
            "price_fair": 95.7,
            "eps_avg_yearly": 4.29,
            "eps_latest_yearly": 1.24,
            "eps_growth_yearly": 12.32
        },
        "20121": {
            "year_quarter": 20121,
            "year": 2012,
            "quarter": 1,
            "eps": 0.73,
            "eps_growth_year": -9.88,
            "eps_4q": 3.24,
            "eps_4q_growth_year": -22.26,
            "roe": 3.67,
            "roe_4q": 16.73,
            "gross_profit": 335224,
            "gross_margin": 43.43,
            "gross_margin_4q_avg": 40.9,
            "net_income": 122112,
            "net_income_4q": null,
            "revenue": 771955,
            "revenue_4q": null,
            "common_shares": 1678770,
            "book_valuer_per_share": 20.17,
            "book_valuer_per_share_4q_avg": 19.24,
            "equity": 3386643,
            "current_ratio": 573.72,
            "debt_ratio": 15.33,
            "inventory_turnover_ratio": 1.55,
            "account_receivable_turnover_ratio": 1.59,
            "reinvestment_rate": -0.84,
            "research_to_sale_ratio": 19.24,
            "price_fair": 149.01,
            "eps_avg_yearly": 4.26,
            "eps_latest_yearly": 2.92,
            "eps_growth_yearly": 54.59
        },
        "20122": {
            "year_quarter": 20122,
            "year": 2012,
            "quarter": 2,
            "eps": 1.16,
            "eps_growth_year": -9.31,
            "eps_4q": 3.12,
            "eps_4q_growth_year": -22.99,
            "roe": 6.05,
            "roe_4q": 16.279999999999998,
            "gross_profit": 465910,
            "gross_margin": 43.04,
            "gross_margin_4q_avg": 41.66,
            "net_income": 194483,
            "net_income_4q": null,
            "revenue": 1082425,
            "revenue_4q": null,
            "common_shares": 1678770,
            "book_valuer_per_share": 18.14,
            "book_valuer_per_share_4q_avg": 19.24,
            "equity": 3045557,
            "current_ratio": 273.58,
            "debt_ratio": 31.44,
            "inventory_turnover_ratio": 2.11,
            "account_receivable_turnover_ratio": 1.72,
            "reinvestment_rate": -0.84,
            "research_to_sale_ratio": 18.26,
            "price_fair": 145.43,
            "eps_avg_yearly": 4.16,
            "eps_latest_yearly": 4.64,
            "eps_growth_yearly": 48.14
        },
        "20123": {
            "year_quarter": 20123,
            "year": 2012,
            "quarter": 3,
            "eps": 0.81,
            "eps_growth_year": -12.52,
            "eps_4q": 3.01,
            "eps_4q_growth_year": -17.46,
            "roe": 4.37,
            "roe_4q": 15.69,
            "gross_profit": 407114,
            "gross_margin": 44.19,
            "gross_margin_4q_avg": 42.26,
            "net_income": 136058,
            "net_income_4q": null,
            "revenue": 921220,
            "revenue_4q": null,
            "common_shares": 1678770,
            "book_valuer_per_share": 18.94,
            "book_valuer_per_share_4q_avg": 19.18,
            "equity": 3179838,
            "current_ratio": 494.44,
            "debt_ratio": 17.7,
            "inventory_turnover_ratio": 1.47,
            "account_receivable_turnover_ratio": 1.52,
            "reinvestment_rate": -1.07,
            "research_to_sale_ratio": 20.89,
            "price_fair": 138.86,
            "eps_avg_yearly": 3.97,
            "eps_latest_yearly": 3.24,
            "eps_growth_yearly": 40.76
        },
        "20124": {
            "year_quarter": 20124,
            "year": 2012,
            "quarter": 4,
            "eps": 0.51,
            "eps_growth_year": 64.02,
            "eps_4q": 3.2,
            "eps_4q_growth_year": -3.48,
            "roe": 2.64,
            "roe_4q": 16.729999999999997,
            "gross_profit": 322445,
            "gross_margin": 42.09,
            "gross_margin_4q_avg": 43.19,
            "net_income": 85220,
            "net_income_4q": null,
            "revenue": 766144,
            "revenue_4q": null,
            "common_shares": 1678770,
            "book_valuer_per_share": 19.45,
            "book_valuer_per_share_4q_avg": 19.18,
            "equity": 3265392,
            "current_ratio": 555.19,
            "debt_ratio": 16.19,
            "inventory_turnover_ratio": 1.38,
            "account_receivable_turnover_ratio": 1.61,
            "reinvestment_rate": 0.07,
            "research_to_sale_ratio": 21.5,
            "price_fair": 138.43,
            "eps_avg_yearly": 3.96,
            "eps_latest_yearly": 2.04,
            "eps_growth_yearly": 47.52
        },
        "20131": {
            "year_quarter": 20131,
            "year": 2013,
            "quarter": 1,
            "eps": 0.66,
            "eps_growth_year": -9.59,
            "eps_4q": 3.14,
            "eps_4q_growth_year": -3.18,
            "roe": 3.35,
            "roe_4q": 16.41,
            "gross_profit": 325610,
            "gross_margin": 41.94,
            "gross_margin_4q_avg": 42.82,
            "net_income": 110986,
            "net_income_4q": null,
            "revenue": 776286,
            "revenue_4q": null,
            "common_shares": 1678770,
            "book_valuer_per_share": 20.06,
            "book_valuer_per_share_4q_avg": 19.15,
            "equity": 3366928,
            "current_ratio": 541.12,
            "debt_ratio": 16.57,
            "inventory_turnover_ratio": 1.35,
            "account_receivable_turnover_ratio": 1.75,
            "reinvestment_rate": 0.92,
            "research_to_sale_ratio": 21.84,
            "price_fair": 138.95,
            "eps_avg_yearly": 3.97,
            "eps_latest_yearly": 2.64,
            "eps_growth_yearly": 53.09
        },
        "20132": {
            "year_quarter": 20132,
            "year": 2013,
            "quarter": 2,
            "eps": 0.93,
            "eps_growth_year": -19.72,
            "eps_4q": 2.91,
            "eps_4q_growth_year": -6.65,
            "roe": 4.91,
            "roe_4q": 15.27,
            "gross_profit": 425780,
            "gross_margin": 42.55,
            "gross_margin_4q_avg": 42.69,
            "net_income": 156957,
            "net_income_4q": null,
            "revenue": 1000652,
            "revenue_4q": null,
            "common_shares": 1678770,
            "book_valuer_per_share": 18.01,
            "book_valuer_per_share_4q_avg": 19.12,
            "equity": 3023228,
            "current_ratio": 293.13,
            "debt_ratio": 29.12,
            "inventory_turnover_ratio": 1.57,
            "account_receivable_turnover_ratio": 1.87,
            "reinvestment_rate": 2.57,
            "research_to_sale_ratio": 19,
            "price_fair": 136.85,
            "eps_avg_yearly": 3.91,
            "eps_latest_yearly": 3.72,
            "eps_growth_yearly": 39.57
        },
        "20133": {
            "year_quarter": 20133,
            "year": 2013,
            "quarter": 3,
            "eps": 0.68,
            "eps_growth_year": -16.1,
            "eps_4q": 2.78,
            "eps_4q_growth_year": -7.39,
            "roe": 3.71,
            "roe_4q": 14.610000000000001,
            "gross_profit": 397545,
            "gross_margin": 42.78,
            "gross_margin_4q_avg": 42.34,
            "net_income": 114135,
            "net_income_4q": null,
            "revenue": 929352,
            "revenue_4q": null,
            "common_shares": 1678770,
            "book_valuer_per_share": 18.63,
            "book_valuer_per_share_4q_avg": 19.04,
            "equity": 3127592,
            "current_ratio": 530.98,
            "debt_ratio": 16.94,
            "inventory_turnover_ratio": 1.56,
            "account_receivable_turnover_ratio": 1.65,
            "reinvestment_rate": 3.08,
            "research_to_sale_ratio": 21.06,
            "price_fair": 129.5,
            "eps_avg_yearly": 3.7,
            "eps_latest_yearly": 2.72,
            "eps_growth_yearly": 25.37
        },
        "20134": {
            "year_quarter": 20134,
            "year": 2013,
            "quarter": 4,
            "eps": 0.79,
            "eps_growth_year": 55.75,
            "eps_4q": 3.07,
            "eps_4q_growth_year": -4.29,
            "roe": 4.15,
            "roe_4q": 16.12,
            "gross_profit": 394814,
            "gross_margin": 42.18,
            "gross_margin_4q_avg": 42.36,
            "net_income": 132730,
            "net_income_4q": null,
            "revenue": 936049,
            "revenue_4q": null,
            "common_shares": 1678770,
            "book_valuer_per_share": 19.48,
            "book_valuer_per_share_4q_avg": 19.05,
            "equity": 3271002,
            "current_ratio": 556.38,
            "debt_ratio": 16.36,
            "inventory_turnover_ratio": 1.74,
            "account_receivable_turnover_ratio": 1.91,
            "reinvestment_rate": 1.08,
            "research_to_sale_ratio": 19.83,
            "price_fair": 125.83,
            "eps_avg_yearly": 3.6,
            "eps_latest_yearly": 3.16,
            "eps_growth_yearly": 34.51
        },
        "20141": {
            "year_quarter": 20141,
            "year": 2014,
            "quarter": 1,
            "eps": 0.7,
            "eps_growth_year": 6.06,
            "eps_4q": 3.1,
            "eps_4q_growth_year": -1.16,
            "roe": 3.5,
            "roe_4q": 16.27,
            "gross_profit": 333586,
            "gross_margin": 42.25,
            "gross_margin_4q_avg": 42.44,
            "net_income": 116828,
            "net_income_4q": null,
            "revenue": 789486,
            "revenue_4q": null,
            "common_shares": 1678770,
            "book_valuer_per_share": 20.23,
            "book_valuer_per_share_4q_avg": 19.09,
            "equity": 3396353,
            "current_ratio": 479.03,
            "debt_ratio": 18.92,
            "inventory_turnover_ratio": 1.27,
            "account_receivable_turnover_ratio": 1.62,
            "reinvestment_rate": -0.22,
            "research_to_sale_ratio": 22.22,
            "price_fair": 119.53,
            "eps_avg_yearly": 3.42,
            "eps_latest_yearly": 2.8,
            "eps_growth_yearly": 27.32
        },
        "20142": {
            "year_quarter": 20142,
            "year": 2014,
            "quarter": 2,
            "eps": 1.02,
            "eps_growth_year": 9.68,
            "eps_4q": 3.18,
            "eps_4q_growth_year": 9.23,
            "roe": 5.32,
            "roe_4q": 16.68,
            "gross_profit": 446801,
            "gross_margin": 43.72,
            "gross_margin_4q_avg": 42.73,
            "net_income": 170698,
            "net_income_4q": null,
            "revenue": 1021915,
            "revenue_4q": null,
            "common_shares": 1678770,
            "book_valuer_per_share": 18.02,
            "book_valuer_per_share_4q_avg": 19.09,
            "equity": 3025009,
            "current_ratio": 302.87,
            "debt_ratio": 28.73,
            "inventory_turnover_ratio": 1.4,
            "account_receivable_turnover_ratio": 1.93,
            "reinvestment_rate": -0.26,
            "research_to_sale_ratio": 19.56,
            "price_fair": 116.29,
            "eps_avg_yearly": 3.32,
            "eps_latest_yearly": 4.08,
            "eps_growth_yearly": 39.28
        },
        "20143": {
            "year_quarter": 20143,
            "year": 2014,
            "quarter": 3,
            "eps": 0.78,
            "eps_growth_year": 14.71,
            "eps_4q": 3.29,
            "eps_4q_growth_year": 18.06,
            "roe": 4.25,
            "roe_4q": 17.22,
            "gross_profit": 384673,
            "gross_margin": 42.49,
            "gross_margin_4q_avg": 42.66,
            "net_income": 131429,
            "net_income_4q": null,
            "revenue": 905388,
            "revenue_4q": null,
            "common_shares": 1678770,
            "book_valuer_per_share": 18.81,
            "book_valuer_per_share_4q_avg": 19.14,
            "equity": 3158493,
            "current_ratio": 554.2,
            "debt_ratio": 16.64,
            "inventory_turnover_ratio": 1.29,
            "account_receivable_turnover_ratio": 1.7,
            "reinvestment_rate": -0.58,
            "research_to_sale_ratio": 22.39,
            "price_fair": 111.39,
            "eps_avg_yearly": 3.18,
            "eps_latest_yearly": 3.12,
            "eps_growth_yearly": 34.3
        },
        "20144": {
            "year_quarter": 20144,
            "year": 2014,
            "quarter": 4,
            "eps": 0.63,
            "eps_growth_year": -20.49,
            "eps_4q": 3.12,
            "eps_4q_growth_year": 1.88,
            "roe": 3.28,
            "roe_4q": 16.35,
            "gross_profit": 351421,
            "gross_margin": 42.01,
            "gross_margin_4q_avg": 42.62,
            "net_income": 105528,
            "net_income_4q": null,
            "revenue": 836574,
            "revenue_4q": null,
            "common_shares": 1678770,
            "book_valuer_per_share": 19.51,
            "book_valuer_per_share_4q_avg": 19.14,
            "equity": 3275081,
            "current_ratio": 571.74,
            "debt_ratio": 16.39,
            "inventory_turnover_ratio": 1.18,
            "account_receivable_turnover_ratio": 1.79,
            "reinvestment_rate": -1.48,
            "research_to_sale_ratio": 22.24,
            "price_fair": 111.39,
            "eps_avg_yearly": 3.18,
            "eps_latest_yearly": 2.52,
            "eps_growth_yearly": 42.74
        },
        "20151": {
            "year_quarter": 20151,
            "year": 2015,
            "quarter": 1,
            "eps": 0.43,
            "eps_growth_year": -38.57,
            "eps_4q": 2.85,
            "eps_4q_growth_year": -7.98,
            "roe": 2.16,
            "roe_4q": 15.01,
            "gross_profit": 304563,
            "gross_margin": 43.02,
            "gross_margin_4q_avg": 42.81,
            "net_income": 71441,
            "net_income_4q": null,
            "revenue": 707982,
            "revenue_4q": null,
            "common_shares": 1678770,
            "book_valuer_per_share": 19.9,
            "book_valuer_per_share_4q_avg": 19.06,
            "equity": 3341007,
            "current_ratio": 621.81,
            "debt_ratio": 15.14,
            "inventory_turnover_ratio": 0.91,
            "account_receivable_turnover_ratio": 1.73,
            "reinvestment_rate": -1.24,
            "research_to_sale_ratio": 25.19,
            "price_fair": 108.06,
            "eps_avg_yearly": 3.09,
            "eps_latest_yearly": 1.72,
            "eps_growth_yearly": 27.66
        },
        "20152": {
            "year_quarter": 20152,
            "year": 2015,
            "quarter": 2,
            "eps": 0.79,
            "eps_growth_year": -22.55,
            "eps_4q": 2.63,
            "eps_4q_growth_year": -17.35,
            "roe": 4.25,
            "roe_4q": 13.94,
            "gross_profit": 401301,
            "gross_margin": 42.28,
            "gross_margin_4q_avg": 42.45,
            "net_income": 133257,
            "net_income_4q": null,
            "revenue": 949044,
            "revenue_4q": null,
            "common_shares": 1678770,
            "book_valuer_per_share": 17.47,
            "book_valuer_per_share_4q_avg": 18.92,
            "equity": 2933166,
            "current_ratio": 300.33,
            "debt_ratio": 29.28,
            "inventory_turnover_ratio": 1.17,
            "account_receivable_turnover_ratio": 2.06,
            "reinvestment_rate": -1.03,
            "research_to_sale_ratio": 21.18,
            "price_fair": 103.78,
            "eps_avg_yearly": 2.97,
            "eps_latest_yearly": 3.16,
            "eps_growth_yearly": 34.08
        },
        "20153": {
            "year_quarter": 20153,
            "year": 2015,
            "quarter": 3,
            "eps": 0.67,
            "eps_growth_year": -14.1,
            "eps_4q": 2.51,
            "eps_4q_growth_year": -23.51,
            "roe": 3.73,
            "roe_4q": 13.42,
            "gross_profit": 372668,
            "gross_margin": 44.47,
            "gross_margin_4q_avg": 42.95,
            "net_income": 111753,
            "net_income_4q": null,
            "revenue": 837948,
            "revenue_4q": null,
            "common_shares": 1678770,
            "book_valuer_per_share": 18.18,
            "book_valuer_per_share_4q_avg": 18.77,
            "equity": 3051898,
            "current_ratio": 577.58,
            "debt_ratio": 16.21,
            "inventory_turnover_ratio": 1.08,
            "account_receivable_turnover_ratio": 1.71,
            "reinvestment_rate": -0.9,
            "research_to_sale_ratio": 28.95,
            "price_fair": 101.5,
            "eps_avg_yearly": 2.9,
            "eps_latest_yearly": 2.68,
            "eps_growth_yearly": 37.12
        },
        "20154": {
            "year_quarter": 20154,
            "year": 2015,
            "quarter": 4,
            "eps": 0.43,
            "eps_growth_year": -31.27,
            "eps_4q": 2.32,
            "eps_4q_growth_year": -25.83,
            "roe": 2.35,
            "roe_4q": 12.49,
            "gross_profit": 347947,
            "gross_margin": 42.89,
            "gross_margin_4q_avg": 43.17,
            "net_income": 72534,
            "net_income_4q": null,
            "revenue": 811255,
            "revenue_4q": null,
            "common_shares": 1678770,
            "book_valuer_per_share": 18.54,
            "book_valuer_per_share_4q_avg": 18.52,
            "equity": 3112777,
            "current_ratio": 575.01,
            "debt_ratio": 16.49,
            "inventory_turnover_ratio": 1.29,
            "account_receivable_turnover_ratio": 1.81,
            "reinvestment_rate": -0.74,
            "research_to_sale_ratio": 26.92,
            "price_fair": 102.55,
            "eps_avg_yearly": 2.93,
            "eps_latest_yearly": 1.72,
            "eps_growth_yearly": 44.83
        },
        "20161": {
            "year_quarter": 20161,
            "year": 2016,
            "quarter": 1,
            "eps": 0.16,
            "eps_growth_year": -62.79,
            "eps_4q": 2.05,
            "eps_4q_growth_year": -28.02,
            "roe": 0.87,
            "roe_4q": 11.2,
            "gross_profit": 257736,
            "gross_margin": 41.66,
            "gross_margin_4q_avg": 42.83,
            "net_income": 27300,
            "net_income_4q": null,
            "revenue": 618610,
            "revenue_4q": null,
            "common_shares": 1678770,
            "book_valuer_per_share": 18.69,
            "book_valuer_per_share_4q_avg": 18.22,
            "equity": 3137180,
            "current_ratio": 716.52,
            "debt_ratio": 13.79,
            "inventory_turnover_ratio": 1.01,
            "account_receivable_turnover_ratio": 1.51,
            "reinvestment_rate": -0.28,
            "research_to_sale_ratio": 28.15,
            "price_fair": 8.36,
            "eps_avg_yearly": 2.79,
            "eps_latest_yearly": 0.64,
            "eps_growth_yearly": -4.74
        },
        "20162": {
            "year_quarter": 20162,
            "year": 2016,
            "quarter": 2,
            "eps": 0.68,
            "eps_growth_year": -13.92,
            "eps_4q": 1.94,
            "eps_4q_growth_year": -26.4,
            "roe": 3.77,
            "roe_4q": 10.72,
            "gross_profit": 392621,
            "gross_margin": 41.49,
            "gross_margin_4q_avg": 42.63,
            "net_income": 113475,
            "net_income_4q": null,
            "revenue": 946192,
            "revenue_4q": null,
            "common_shares": 1678770,
            "book_valuer_per_share": 17.14,
            "book_valuer_per_share_4q_avg": 18.14,
            "equity": 2877924,
            "current_ratio": 348.31,
            "debt_ratio": 25.73,
            "inventory_turnover_ratio": 1.52,
            "account_receivable_turnover_ratio": 2.08,
            "reinvestment_rate": -0.78,
            "research_to_sale_ratio": 21.53,
            "price_fair": 93.36,
            "eps_avg_yearly": 2.67,
            "eps_latest_yearly": 2.72,
            "eps_growth_yearly": 61.79
        },
        "20163": {
            "year_quarter": 20163,
            "year": 2016,
            "quarter": 3,
            "eps": 0.43,
            "eps_growth_year": -35.82,
            "eps_4q": 1.7,
            "eps_4q_growth_year": -32.47,
            "roe": 2.46,
            "roe_4q": 9.450000000000001,
            "gross_profit": 332400,
            "gross_margin": 40.31,
            "gross_margin_4q_avg": 41.59,
            "net_income": 71648,
            "net_income_4q": null,
            "revenue": 824685,
            "revenue_4q": null,
            "common_shares": 1678770,
            "book_valuer_per_share": 17.51,
            "book_valuer_per_share_4q_avg": 17.97,
            "equity": 2939336,
            "current_ratio": 544.44,
            "debt_ratio": 17.36,
            "inventory_turnover_ratio": 1.33,
            "account_receivable_turnover_ratio": 1.66,
            "reinvestment_rate": -1.5,
            "research_to_sale_ratio": 24.28,
            "price_fair": 90.04,
            "eps_avg_yearly": 2.57,
            "eps_latest_yearly": 1.72,
            "eps_growth_yearly": 60.14
        },
        "20164": {
            "year_quarter": 20164,
            "year": 2016,
            "quarter": 4,
            "eps": 0.4,
            "eps_growth_year": -7.35,
            "eps_4q": 1.67,
            "eps_4q_growth_year": -28.11,
            "roe": 2.26,
            "roe_4q": 9.36,
            "gross_profit": 327309,
            "gross_margin": 39.56,
            "gross_margin_4q_avg": 40.76,
            "net_income": 67201,
            "net_income_4q": null,
            "revenue": 827356,
            "revenue_4q": null,
            "common_shares": 1678770,
            "book_valuer_per_share": 17.86,
            "book_valuer_per_share_4q_avg": 17.8,
            "equity": 2997763,
            "current_ratio": 512.31,
            "debt_ratio": 18.84,
            "inventory_turnover_ratio": 1.1,
            "account_receivable_turnover_ratio": 1.8,
            "reinvestment_rate": -1.83,
            "research_to_sale_ratio": 24.52,
            "price_fair": 89.08,
            "eps_avg_yearly": 2.55,
            "eps_latest_yearly": 1.6,
            "eps_growth_yearly": 67.65
        },
        "20171": {
            "year_quarter": 20171,
            "year": 2017,
            "quarter": 1,
            "eps": 0.19,
            "eps_growth_year": 18.75,
            "eps_4q": 1.69,
            "eps_4q_growth_year": -17.62,
            "roe": 1.06,
            "roe_4q": 9.549999999999999,
            "gross_profit": 280673,
            "gross_margin": 38.29,
            "gross_margin_4q_avg": 39.91,
            "net_income": 31762,
            "net_income_4q": null,
            "revenue": 732961,
            "revenue_4q": null,
            "common_shares": 1678770,
            "book_valuer_per_share": 17.97,
            "book_valuer_per_share_4q_avg": 17.62,
            "equity": 3016137,
            "current_ratio": 520.48,
            "debt_ratio": 18.28,
            "inventory_turnover_ratio": 0.82,
            "account_receivable_turnover_ratio": 1.65,
            "reinvestment_rate": -1.15,
            "research_to_sale_ratio": 23.59,
            "price_fair": 84.96,
            "eps_avg_yearly": 2.43,
            "eps_latest_yearly": 0.76,
            "eps_growth_yearly": 47.17
        },
        "20172": {
            "year_quarter": 20172,
            "year": 2017,
            "quarter": 2,
            "eps": 0.51,
            "eps_growth_year": -25,
            "eps_4q": 1.53,
            "eps_4q_growth_year": -21.15,
            "roe": 2.94,
            "roe_4q": 8.719999999999999,
            "gross_profit": 350876,
            "gross_margin": 37.25,
            "gross_margin_4q_avg": 38.85,
            "net_income": 85703,
            "net_income_4q": null,
            "revenue": 941844,
            "revenue_4q": null,
            "common_shares": 1678770,
            "book_valuer_per_share": 16.72,
            "book_valuer_per_share_4q_avg": 17.52,
            "equity": 2806584,
            "current_ratio": 347.78,
            "debt_ratio": 26.29,
            "inventory_turnover_ratio": 1,
            "account_receivable_turnover_ratio": 1.95,
            "reinvestment_rate": -4.63,
            "research_to_sale_ratio": 21.87,
            "price_fair": 81.29,
            "eps_avg_yearly": 2.32,
            "eps_latest_yearly": 2.04,
            "eps_growth_yearly": 79.05
        },
        "20173": {
            "year_quarter": 20173,
            "year": 2017,
            "quarter": 3,
            "eps": 0.48,
            "eps_growth_year": 11.63,
            "eps_4q": 1.58,
            "eps_4q_growth_year": -6.86,
            "roe": 2.83,
            "roe_4q": 9.09,
            "gross_profit": 346470,
            "gross_margin": 39.03,
            "gross_margin_4q_avg": 38.53,
            "net_income": 80732,
            "net_income_4q": null,
            "revenue": 887663,
            "revenue_4q": null,
            "common_shares": 1678770,
            "book_valuer_per_share": 17.23,
            "book_valuer_per_share_4q_avg": 17.45,
            "equity": 2892272,
            "current_ratio": 565.88,
            "debt_ratio": 17.29,
            "inventory_turnover_ratio": 0.93,
            "account_receivable_turnover_ratio": 1.74,
            "reinvestment_rate": -6.43,
            "research_to_sale_ratio": 22.51,
            "price_fair": 79.54,
            "eps_avg_yearly": 2.27,
            "eps_latest_yearly": 1.92,
            "eps_growth_yearly": 84.3
        },
        "20174": {
            "year_quarter": 20174,
            "year": 2017,
            "quarter": 4,
            "eps": 0.23,
            "eps_growth_year": -41.95,
            "eps_4q": 1.41,
            "eps_4q_growth_year": -15.17,
            "roe": 1.34,
            "roe_4q": 8.17,
            "gross_profit": 300527,
            "gross_margin": 38.59,
            "gross_margin_4q_avg": 38.29,
            "net_income": 39009,
            "net_income_4q": null,
            "revenue": 778812,
            "revenue_4q": null,
            "common_shares": 1678770,
            "book_valuer_per_share": 17.47,
            "book_valuer_per_share_4q_avg": 17.35,
            "equity": 2932595,
            "current_ratio": 537.14,
            "debt_ratio": 17.67,
            "inventory_turnover_ratio": 0.81,
            "account_receivable_turnover_ratio": 1.76,
            "reinvestment_rate": -6.4,
            "research_to_sale_ratio": 24.71,
            "price_fair": 74.64,
            "eps_avg_yearly": 2.13,
            "eps_latest_yearly": 0.92,
            "eps_growth_yearly": 67.24
        },
        "20181": {
            "year_quarter": 20181,
            "year": 2018,
            "quarter": 1,
            "eps": 0.15,
            "eps_growth_year": -21.05,
            "eps_4q": 1.38,
            "eps_4q_growth_year": -18.55,
            "roe": 0.87,
            "roe_4q": 7.98,
            "gross_profit": 225097,
            "gross_margin": 36.56,
            "gross_margin_4q_avg": 37.86,
            "net_income": 25935,
            "net_income_4q": null,
            "revenue": 615751,
            "revenue_4q": null,
            "common_shares": 1678770,
            "book_valuer_per_share": 17.94,
            "book_valuer_per_share_4q_avg": 17.34,
            "equity": 3012407,
            "current_ratio": 521.1,
            "debt_ratio": 16.08,
            "inventory_turnover_ratio": 0.6,
            "account_receivable_turnover_ratio": 1.68,
            "reinvestment_rate": -7.09,
            "research_to_sale_ratio": 25.5,
            "price_fair": 69.83,
            "eps_avg_yearly": 2,
            "eps_latest_yearly": 0.6,
            "eps_growth_yearly": 61.39
        },
        "20182": {
            "year_quarter": 20182,
            "year": 2018,
            "quarter": 2,
            "eps": 0.7,
            "eps_growth_year": 37.25,
            "eps_4q": 1.57,
            "eps_4q_growth_year": 2.52,
            "roe": 3.98,
            "roe_4q": 9.02,
            "gross_profit": 345875,
            "gross_margin": 37.98,
            "gross_margin_4q_avg": 38.04,
            "net_income": 117085,
            "net_income_4q": null,
            "revenue": 910663,
            "revenue_4q": null,
            "common_shares": 1678770,
            "book_valuer_per_share": 17.14,
            "book_valuer_per_share_4q_avg": 17.45,
            "equity": 2878019,
            "current_ratio": 289.67,
            "debt_ratio": 24.08,
            "inventory_turnover_ratio": 0.85,
            "account_receivable_turnover_ratio": 2.13,
            "reinvestment_rate": -6.83,
            "research_to_sale_ratio": 20.5,
            "price_fair": 67.03,
            "eps_avg_yearly": 1.92,
            "eps_latest_yearly": 2.8,
            "eps_growth_yearly": 141.63
        },
        "20183": {
            "year_quarter": 20183,
            "year": 2018,
            "quarter": 3,
            "eps": 0.81,
            "eps_growth_year": 68.75,
            "eps_4q": 1.9,
            "eps_4q_growth_year": 20.06,
            "roe": 4.71,
            "roe_4q": 10.899999999999999,
            "gross_profit": 354131,
            "gross_margin": 41.19,
            "gross_margin_4q_avg": 38.58,
            "net_income": 136608,
            "net_income_4q": null,
            "revenue": 859817,
            "revenue_4q": null,
            "common_shares": 1678770,
            "book_valuer_per_share": 17.38,
            "book_valuer_per_share_4q_avg": 17.48,
            "equity": 2918305,
            "current_ratio": 442.58,
            "debt_ratio": 16.61,
            "inventory_turnover_ratio": 0.82,
            "account_receivable_turnover_ratio": 1.66,
            "reinvestment_rate": -7.03,
            "research_to_sale_ratio": 22.65,
            "price_fair": 67.29,
            "eps_avg_yearly": 1.92,
            "eps_latest_yearly": 3.24,
            "eps_growth_yearly": 151.44
        },
        "20184": {
            "year_quarter": 20184,
            "year": 2018,
            "quarter": 4,
            "eps": 0.35,
            "eps_growth_year": 51.36,
            "eps_4q": 2.02,
            "eps_4q_growth_year": 42.78,
            "roe": 2.01,
            "roe_4q": 11.569999999999999,
            "gross_profit": 292582,
            "gross_margin": 37.93,
            "gross_margin_4q_avg": 38.42,
            "net_income": 59044,
            "net_income_4q": null,
            "revenue": 771324,
            "revenue_4q": null,
            "common_shares": 1678770,
            "book_valuer_per_share": 17.65,
            "book_valuer_per_share_4q_avg": 17.53,
            "equity": 2962397,
            "current_ratio": 489.52,
            "debt_ratio": 15.32,
            "inventory_turnover_ratio": 0.81,
            "account_receivable_turnover_ratio": 1.73,
            "reinvestment_rate": -4.78,
            "research_to_sale_ratio": 21.99,
            "price_fair": 64.84,
            "eps_avg_yearly": 1.85,
            "eps_latest_yearly": 1.4,
            "eps_growth_yearly": 142.05
        },
        "20191": {
            "year_quarter": 20191,
            "year": 2019,
            "quarter": 1,
            "eps": 0.25,
            "eps_growth_year": 66.67,
            "eps_4q": 2.11,
            "eps_4q_growth_year": 53,
            "roe": 1.36,
            "roe_4q": 12.06,
            "gross_profit": 231707,
            "gross_margin": 37.54,
            "gross_margin_4q_avg": 38.66,
            "net_income": 41278,
            "net_income_4q": null,
            "revenue": 617308,
            "revenue_4q": null,
            "common_shares": 1678770,
            "book_valuer_per_share": 18.52,
            "book_valuer_per_share_4q_avg": 17.67,
            "equity": 3109118,
            "current_ratio": 499.47,
            "debt_ratio": 14.79,
            "inventory_turnover_ratio": 0.69,
            "account_receivable_turnover_ratio": 1.59,
            "reinvestment_rate": 27.86,
            "research_to_sale_ratio": 25.11,
            "price_fair": 63.26,
            "eps_avg_yearly": 1.81,
            "eps_latest_yearly": 1,
            "eps_growth_yearly": 142.84
        },
        "20192": {
            "year_quarter": 20192,
            "year": 2019,
            "quarter": 2,
            "eps": 0.76,
            "eps_growth_year": 8.57,
            "eps_4q": 2.17,
            "eps_4q_growth_year": 38.88,
            "roe": 4.28,
            "roe_4q": 12.36,
            "gross_profit": 373208,
            "gross_margin": 39.98,
            "gross_margin_4q_avg": 39.16,
            "net_income": 127993,
            "net_income_4q": null,
            "revenue": 933603,
            "revenue_4q": null,
            "common_shares": 1678770,
            "book_valuer_per_share": 17.07,
            "book_valuer_per_share_4q_avg": 17.66,
            "equity": 2866376,
            "current_ratio": 281.41,
            "debt_ratio": 25.29,
            "inventory_turnover_ratio": 1.09,
            "account_receivable_turnover_ratio": 2.01,
            "reinvestment_rate": 26,
            "research_to_sale_ratio": 19.86,
            "price_fair": 63,
            "eps_avg_yearly": 1.8,
            "eps_latest_yearly": 3.04,
            "eps_growth_yearly": 172.91
        },
        "20193": {
            "year_quarter": 20193,
            "year": 2019,
            "quarter": 3,
            "eps": 0.53,
            "eps_growth_year": -34.57,
            "eps_4q": 1.89,
            "eps_4q_growth_year": -0.22,
            "roe": 3.08,
            "roe_4q": 10.73,
            "gross_profit": 349368,
            "gross_margin": 41.36,
            "gross_margin_4q_avg": 39.2,
            "net_income": 89607,
            "net_income_4q": null,
            "revenue": 844613,
            "revenue_4q": null,
            "common_shares": 1678770,
            "book_valuer_per_share": 17.61,
            "book_valuer_per_share_4q_avg": 17.71,
            "equity": 2956809,
            "current_ratio": 403.95,
            "debt_ratio": 18.13,
            "inventory_turnover_ratio": 0.93,
            "account_receivable_turnover_ratio": 1.72,
            "reinvestment_rate": 25.08,
            "research_to_sale_ratio": 22.43,
            "price_fair": 61.78,
            "eps_avg_yearly": 1.77,
            "eps_latest_yearly": 2.12,
            "eps_growth_yearly": 169.14
        },
        "20194": {
            "year_quarter": 20194,
            "year": 2019,
            "quarter": 4,
            "eps": 0.49,
            "eps_growth_year": 39.97,
            "eps_4q": 2.03,
            "eps_4q_growth_year": 0.84,
            "roe": 2.77,
            "roe_4q": 11.489999999999998,
            "gross_profit": 334941,
            "gross_margin": 39.92,
            "gross_margin_4q_avg": 39.7,
            "net_income": 82644,
            "net_income_4q": null,
            "revenue": 838979,
            "revenue_4q": null,
            "common_shares": 1678770,
            "book_valuer_per_share": 17.93,
            "book_valuer_per_share_4q_avg": 17.78,
            "equity": 3010204,
            "current_ratio": 439.09,
            "debt_ratio": 17.23,
            "inventory_turnover_ratio": 0.8,
            "account_receivable_turnover_ratio": 1.99,
            "reinvestment_rate": 24.82,
            "research_to_sale_ratio": 20.39,
            "price_fair": 62.3,
            "eps_avg_yearly": 1.78,
            "eps_latest_yearly": 1.96,
            "eps_growth_yearly": 176.21
        },
        "20201": {
            "year_quarter": 20201,
            "year": 2020,
            "quarter": 1,
            "eps": 0.86,
            "eps_growth_year": 244,
            "eps_4q": 2.65,
            "eps_4q_growth_year": 25.56,
            "roe": 4.74,
            "roe_4q": 14.870000000000001,
            "gross_profit": 383046,
            "gross_margin": 45.91,
            "gross_margin_4q_avg": 41.79,
            "net_income": 144265,
            "net_income_4q": null,
            "revenue": 834342,
            "revenue_4q": null,
            "common_shares": 1678770,
            "book_valuer_per_share": 18.35,
            "book_valuer_per_share_4q_avg": 17.74,
            "equity": 3080224,
            "current_ratio": 373.98,
            "debt_ratio": 20.48,
            "inventory_turnover_ratio": 0.62,
            "account_receivable_turnover_ratio": 1.98,
            "reinvestment_rate": 22.54,
            "research_to_sale_ratio": 20.22,
            "price_fair": 68.43,
            "eps_avg_yearly": 1.96,
            "eps_latest_yearly": 3.44,
            "eps_growth_yearly": 210.79
        },
        "20202": {
            "year_quarter": 20202,
            "year": 2020,
            "quarter": 2,
            "eps": 1.98,
            "eps_growth_year": 160.53,
            "eps_4q": 3.86,
            "eps_4q_growth_year": 77.72,
            "roe": 10.49,
            "roe_4q": 21.08,
            "gross_profit": 667227,
            "gross_margin": 44.75,
            "gross_margin_4q_avg": 42.99,
            "net_income": 332008,
            "net_income_4q": null,
            "revenue": 1490901,
            "revenue_4q": null,
            "common_shares": 1678770,
            "book_valuer_per_share": 19.35,
            "book_valuer_per_share_4q_avg": 18.31,
            "equity": 3248498,
            "current_ratio": 249.13,
            "debt_ratio": 29.67,
            "inventory_turnover_ratio": 0.96,
            "account_receivable_turnover_ratio": 2.91,
            "reinvestment_rate": 18.64,
            "research_to_sale_ratio": 14.15,
            "price_fair": 79.8,
            "eps_avg_yearly": 2.28,
            "eps_latest_yearly": 7.92,
            "eps_growth_yearly": 162.1
        },
        "20203": {
            "year_quarter": 20203,
            "year": 2020,
            "quarter": 3,
            "eps": 1.73,
            "eps_growth_year": 226.42,
            "eps_4q": 5.06,
            "eps_4q_growth_year": 167.02,
            "roe": 8.6,
            "roe_4q": 26.599999999999998,
            "gross_profit": 616279,
            "gross_margin": 40.27,
            "gross_margin_4q_avg": 42.71,
            "net_income": 290001,
            "net_income_4q": null,
            "revenue": 1530287,
            "revenue_4q": null,
            "common_shares": 1678770,
            "book_valuer_per_share": 20.84,
            "book_valuer_per_share_4q_avg": 19.12,
            "equity": 3498070,
            "current_ratio": 357.51,
            "debt_ratio": 21.77,
            "inventory_turnover_ratio": 0.99,
            "account_receivable_turnover_ratio": 2.3,
            "reinvestment_rate": 17.96,
            "research_to_sale_ratio": 13.2,
            "price_fair": 91.18,
            "eps_avg_yearly": 2.61,
            "eps_latest_yearly": 6.92,
            "eps_growth_yearly": 168.13
        },
        "20204": {
            "year_quarter": 20204,
            "year": 2020,
            "quarter": 4,
            "eps": 1.54,
            "eps_growth_year": 213.79,
            "eps_4q": 6.11,
            "eps_4q_growth_year": 200.3,
            "roe": 7.01,
            "roe_4q": 30.840000000000003,
            "gross_profit": 615918,
            "gross_margin": 40.65,
            "gross_margin_4q_avg": 42.9,
            "net_income": 259327,
            "net_income_4q": null,
            "revenue": 1515096,
            "revenue_4q": null,
            "common_shares": 1678770,
            "book_valuer_per_share": 23.22,
            "book_valuer_per_share_4q_avg": 20.44,
            "equity": 3897860,
            "current_ratio": 348.21,
            "debt_ratio": 23.46,
            "inventory_turnover_ratio": 0.98,
            "account_receivable_turnover_ratio": 2.15,
            "reinvestment_rate": 16.73,
            "research_to_sale_ratio": 12.58,
            "price_fair": 101.15,
            "eps_avg_yearly": 2.89,
            "eps_latest_yearly": 6.16,
            "eps_growth_yearly": 167.13
        },
        "20211": {
            "year_quarter": 20211,
            "year": 2021,
            "quarter": 1,
            "eps": 1.6,
            "eps_growth_year": 86.05,
            "eps_4q": 6.85,
            "eps_4q_growth_year": 158.85,
            "roe": 6.69,
            "roe_4q": 32.79,
            "gross_profit": 613042,
            "gross_margin": 44.2,
            "gross_margin_4q_avg": 42.47,
            "net_income": 269276,
            "net_income_4q": null,
            "revenue": 1387121,
            "revenue_4q": null,
            "common_shares": 1678770,
            "book_valuer_per_share": 24.72,
            "book_valuer_per_share_4q_avg": 22.03,
            "equity": 4150092,
            "current_ratio": 360.62,
            "debt_ratio": 23.03,
            "inventory_turnover_ratio": 0.8,
            "account_receivable_turnover_ratio": 2.16,
            "reinvestment_rate": 12.79,
            "research_to_sale_ratio": 13.69,
            "price_fair": 113.49,
            "eps_avg_yearly": 3.24,
            "eps_latest_yearly": 6.4,
            "eps_growth_yearly": 181.23
        },
        "20212": {
            "year_quarter": 20212,
            "year": 2021,
            "quarter": 2,
            "eps": 2.37,
            "eps_growth_year": 19.7,
            "eps_4q": 7.25,
            "eps_4q_growth_year": 87.57,
            "roe": 9.22,
            "roe_4q": 31.520000000000003,
            "gross_profit": 820670,
            "gross_margin": 52.12,
            "gross_margin_4q_avg": 44.31,
            "net_income": 397855,
            "net_income_4q": null,
            "revenue": 1574640,
            "revenue_4q": null,
            "common_shares": 1678770,
            "book_valuer_per_share": 26.7,
            "book_valuer_per_share_4q_avg": 23.87,
            "equity": 4482198,
            "current_ratio": 409.5,
            "debt_ratio": 21.55,
            "inventory_turnover_ratio": 0.73,
            "account_receivable_turnover_ratio": 2.49,
            "reinvestment_rate": 11.41,
            "research_to_sale_ratio": 14.41,
            "price_fair": 129.76,
            "eps_avg_yearly": 3.71,
            "eps_latest_yearly": 9.48,
            "eps_growth_yearly": 151.15
        },
        "20213": {
            "year_quarter": 20213,
            "year": 2021,
            "quarter": 3,
            "eps": 3.05,
            "eps_growth_year": 76.3,
            "eps_4q": 8.57,
            "eps_4q_growth_year": 69.5,
            "roe": 12.05,
            "roe_4q": 34.970000000000006,
            "gross_profit": 961808,
            "gross_margin": 56.69,
            "gross_margin_4q_avg": 48.42,
            "net_income": 512494,
            "net_income_4q": null,
            "revenue": 1696716,
            "revenue_4q": null,
            "common_shares": 1678770,
            "book_valuer_per_share": 23.98,
            "book_valuer_per_share_4q_avg": 24.66,
            "equity": 4026435,
            "current_ratio": 365.68,
            "debt_ratio": 24.71,
            "inventory_turnover_ratio": 0.64,
            "account_receivable_turnover_ratio": 2.37,
            "reinvestment_rate": 10.09,
            "research_to_sale_ratio": 14.58,
            "price_fair": 152.25,
            "eps_avg_yearly": 4.35,
            "eps_latest_yearly": 12.2,
            "eps_growth_yearly": 159.8
        },
        "20214": {
            "year_quarter": 20214,
            "year": 2021,
            "quarter": 4,
            "eps": 1.68,
            "eps_growth_year": 9.01,
            "eps_4q": 8.71,
            "eps_4q_growth_year": 42.58,
            "roe": 6.76,
            "roe_4q": 34.72,
            "gross_profit": 618481,
            "gross_margin": 51.24,
            "gross_margin_4q_avg": 51.06,
            "net_income": 282695,
            "net_income_4q": null,
            "revenue": 1207062,
            "revenue_4q": null,
            "common_shares": 1678770,
            "book_valuer_per_share": 25.8,
            "book_valuer_per_share_4q_avg": 25.3,
            "equity": 4331480,
            "current_ratio": 405.93,
            "debt_ratio": 22.67,
            "inventory_turnover_ratio": 0.44,
            "account_receivable_turnover_ratio": 1.81,
            "reinvestment_rate": 9.57,
            "research_to_sale_ratio": 16.6,
            "price_fair": 164.94,
            "eps_avg_yearly": 4.71,
            "eps_latest_yearly": 6.72,
            "eps_growth_yearly": 161.59
        },
        "20221": {
            "year_quarter": 20221,
            "year": 2022,
            "quarter": 1,
            "eps": 1.27,
            "eps_growth_year": -20.62,
            "eps_4q": 8.38,
            "eps_4q_growth_year": 22.23,
            "roe": 4.75,
            "roe_4q": 32.78,
            "gross_profit": 481125,
            "gross_margin": 46.85,
            "gross_margin_4q_avg": 51.73,
            "net_income": 213359,
            "net_income_4q": null,
            "revenue": 1026865,
            "revenue_4q": null,
            "common_shares": 1678770,
            "book_valuer_per_share": 27.68,
            "book_valuer_per_share_4q_avg": 26.04,
            "equity": 4646540,
            "current_ratio": 442.61,
            "debt_ratio": 20.76,
            "inventory_turnover_ratio": 0.38,
            "account_receivable_turnover_ratio": 1.87,
            "reinvestment_rate": 9.56,
            "research_to_sale_ratio": 18.31,
            "price_fair": 174.74,
            "eps_avg_yearly": 4.99,
            "eps_latest_yearly": 5.08,
            "eps_growth_yearly": 164.18
        },
        "20222": {
            "year_quarter": 20222,
            "year": 2022,
            "quarter": 2,
            "eps": 1.49,
            "eps_growth_year": -37.13,
            "eps_4q": 7.5,
            "eps_4q_growth_year": 3.48,
            "roe": 6.11,
            "roe_4q": 29.669999999999998,
            "gross_profit": 489580,
            "gross_margin": 47.66,
            "gross_margin_4q_avg": 50.61,
            "net_income": 250254,
            "net_income_4q": null,
            "revenue": 1027183,
            "revenue_4q": null,
            "common_shares": 1678770,
            "book_valuer_per_share": 21.12,
            "book_valuer_per_share_4q_avg": 24.65,
            "equity": 3546166,
            "current_ratio": 220.67,
            "debt_ratio": 38.44,
            "inventory_turnover_ratio": 0.39,
            "account_receivable_turnover_ratio": 1.93,
            "reinvestment_rate": 8.73,
            "research_to_sale_ratio": 20,
            "price_fair": 181.65,
            "eps_avg_yearly": 5.19,
            "eps_latest_yearly": 5.96,
            "eps_growth_yearly": 76.85
        },
        "20223": {
            "year_quarter": 20223,
            "year": 2022,
            "quarter": 3,
            "eps": 0.56,
            "eps_growth_year": -81.64,
            "eps_4q": 5.01,
            "eps_4q_growth_year": -41.59,
            "roe": 2.65,
            "roe_4q": 20.27,
            "gross_profit": 337490,
            "gross_margin": 45.33,
            "gross_margin_4q_avg": 47.77,
            "net_income": 94172,
            "net_income_4q": null,
            "revenue": 744462,
            "revenue_4q": null,
            "common_shares": 1678770,
            "book_valuer_per_share": 21.28,
            "book_valuer_per_share_4q_avg": 23.97,
            "equity": 3572222,
            "current_ratio": 579.38,
            "debt_ratio": 16.67,
            "inventory_turnover_ratio": 0.31,
            "account_receivable_turnover_ratio": 1.66,
            "reinvestment_rate": 9.09,
            "research_to_sale_ratio": 25.41,
            "price_fair": 179.46,
            "eps_avg_yearly": 5.13,
            "eps_latest_yearly": 2.24,
            "eps_growth_yearly": 57.31
        },
        "20224": {
            "year_quarter": 20224,
            "year": 2022,
            "quarter": 4,
            "eps": 0.12,
            "eps_growth_year": -92.65,
            "eps_4q": 3.45,
            "eps_4q_growth_year": -60.43,
            "roe": 0.58,
            "roe_4q": 14.09,
            "gross_profit": 255038,
            "gross_margin": 45.91,
            "gross_margin_4q_avg": 46.44,
            "net_income": 20783,
            "net_income_4q": null,
            "revenue": 555557,
            "revenue_4q": null,
            "common_shares": 1678770,
            "book_valuer_per_share": 21.45,
            "book_valuer_per_share_4q_avg": 22.88,
            "equity": 3601732,
            "current_ratio": 705.61,
            "debt_ratio": 13.71,
            "inventory_turnover_ratio": 0.24,
            "account_receivable_turnover_ratio": 1.78,
            "reinvestment_rate": 9.01,
            "research_to_sale_ratio": 29.35,
            "price_fair": 177.45,
            "eps_avg_yearly": 5.07,
            "eps_latest_yearly": 0.48,
            "eps_growth_yearly": 51.87
        },
        "20231": {
            "year_quarter": 20231,
            "year": 2023,
            "quarter": 1,
            "eps": 0.05,
            "eps_growth_year": -96.06,
            "eps_4q": 2.23,
            "eps_4q_growth_year": -73.39,
            "roe": 0.25,
            "roe_4q": 9.59,
            "gross_profit": 214678,
            "gross_margin": 39.87,
            "gross_margin_4q_avg": 44.69,
            "net_income": 8968,
            "net_income_4q": null,
            "revenue": 538446,
            "revenue_4q": null,
            "common_shares": 1678770,
            "book_valuer_per_share": 21.91,
            "book_valuer_per_share_4q_avg": 21.44,
            "equity": 3678246,
            "current_ratio": 908.61,
            "debt_ratio": 10.97,
            "inventory_turnover_ratio": 0.28,
            "account_receivable_turnover_ratio": 2.06,
            "reinvestment_rate": -2.89,
            "research_to_sale_ratio": 29.1,
            "price_fair": 175.7,
            "eps_avg_yearly": 5.02,
            "eps_latest_yearly": 0.2,
            "eps_growth_yearly": 44.43
        },
        "20232": {
            "year_quarter": 20232,
            "year": 2023,
            "quarter": 2,
            "eps": 0.45,
            "eps_growth_year": -69.8,
            "eps_4q": 1.18,
            "eps_4q_growth_year": -84.24,
            "roe": 2.1,
            "roe_4q": 5.58,
            "gross_profit": 267759,
            "gross_margin": 40.39,
            "gross_margin_4q_avg": 42.88,
            "net_income": 74464,
            "net_income_4q": null,
            "revenue": 662960,
            "revenue_4q": null,
            "common_shares": 1678770,
            "book_valuer_per_share": 20.39,
            "book_valuer_per_share_4q_avg": 21.26,
            "equity": 3423555,
            "current_ratio": 349.79,
            "debt_ratio": 22.29,
            "inventory_turnover_ratio": 0.39,
            "account_receivable_turnover_ratio": 2.15,
            "reinvestment_rate": -2.82,
            "research_to_sale_ratio": 26.83,
            "price_fair": 172.99,
            "eps_avg_yearly": 4.94,
            "eps_latest_yearly": 1.8,
            "eps_growth_yearly": 193.43
        },
        "20233": {
            "year_quarter": 20233,
            "year": 2023,
            "quarter": 3,
            "eps": 0.36,
            "eps_growth_year": -35.71,
            "eps_4q": 0.98,
            "eps_4q_growth_year": -80.37,
            "roe": 1.74,
            "roe_4q": 4.67,
            "gross_profit": 301764,
            "gross_margin": 43.21,
            "gross_margin_4q_avg": 42.35,
            "net_income": 60762,
            "net_income_4q": null,
            "revenue": 698301,
            "revenue_4q": null,
            "common_shares": 1678770,
            "book_valuer_per_share": 21.23,
            "book_valuer_per_share_4q_avg": 21.25,
            "equity": 3563386,
            "current_ratio": 674.96,
            "debt_ratio": 13.85,
            "inventory_turnover_ratio": 0.44,
            "account_receivable_turnover_ratio": 2.04,
            "reinvestment_rate": -2.55,
            "research_to_sale_ratio": 26.79,
            "price_fair": 171.5,
            "eps_avg_yearly": 4.9,
            "eps_latest_yearly": 1.44,
            "eps_growth_yearly": 195.99
        }
    },
    "months": {
        "2001-06": {
            "month": "2001-06",
            "price": "169.55",
            "revenue": 180452
        },
        "2001-07": {
            "month": "2001-07",
            "price": "156.67",
            "revenue": 173458
        },
        "2001-08": {
            "month": "2001-08",
            "price": "103.67",
            "revenue": 171664
        },
        "2001-09": {
            "month": "2001-09",
            "price": "81.32",
            "revenue": 109889
        },
        "2001-10": {
            "month": "2001-10",
            "price": "66.38",
            "revenue": 66213
        },
        "2001-11": {
            "month": "2001-11",
            "price": "86.86",
            "revenue": 68496
        },
        "2001-12": {
            "month": "2001-12",
            "price": "127.86",
            "revenue": 69790
        },
        "2002-01": {
            "month": "2002-01",
            "price": "144.48",
            "revenue": 65106
        },
        "2002-02": {
            "month": "2002-02",
            "price": "144.83",
            "revenue": 58933
        },
        "2002-03": {
            "month": "2002-03",
            "price": "157.83",
            "revenue": 102536
        },
        "2002-04": {
            "month": "2002-04",
            "price": "152.90",
            "revenue": 149371
        },
        "2002-05": {
            "month": "2002-05",
            "price": "139.27",
            "revenue": 173191
        },
        "2002-06": {
            "month": "2002-06",
            "price": "108.08",
            "revenue": 188363
        },
        "2002-07": {
            "month": "2002-07",
            "price": "94.91",
            "revenue": 187966
        },
        "2002-08": {
            "month": "2002-08",
            "price": "75.18",
            "revenue": 181105
        },
        "2002-09": {
            "month": "2002-09",
            "price": "67.58",
            "revenue": 135979
        },
        "2002-10": {
            "month": "2002-10",
            "price": "64.02",
            "revenue": 89318
        },
        "2002-11": {
            "month": "2002-11",
            "price": "67.48",
            "revenue": 97055
        },
        "2002-12": {
            "month": "2002-12",
            "price": "73.89",
            "revenue": 95563
        },
        "2003-01": {
            "month": "2003-01",
            "price": "69.05",
            "revenue": 77972
        },
        "2003-02": {
            "month": "2003-02",
            "price": "61.62",
            "revenue": 78861
        },
        "2003-03": {
            "month": "2003-03",
            "price": "64.74",
            "revenue": 123116
        },
        "2003-04": {
            "month": "2003-04",
            "price": "60.36",
            "revenue": 151296
        },
        "2003-05": {
            "month": "2003-05",
            "price": "54.14",
            "revenue": 166462
        },
        "2003-06": {
            "month": "2003-06",
            "price": "62.55",
            "revenue": 170728
        },
        "2003-07": {
            "month": "2003-07",
            "price": "65.11",
            "revenue": 191371
        },
        "2003-08": {
            "month": "2003-08",
            "price": "67.60",
            "revenue": 187083
        },
        "2003-09": {
            "month": "2003-09",
            "price": "64.05",
            "revenue": 131543
        },
        "2003-10": {
            "month": "2003-10",
            "price": "55.30",
            "revenue": 105556
        },
        "2003-11": {
            "month": "2003-11",
            "price": "55.42",
            "revenue": 105827
        },
        "2003-12": {
            "month": "2003-12",
            "price": "58.24",
            "revenue": 108547
        },
        "2004-01": {
            "month": "2004-01",
            "price": "62.30",
            "revenue": 87505
        },
        "2004-02": {
            "month": "2004-02",
            "price": "66.05",
            "revenue": 97559
        },
        "2004-03": {
            "month": "2004-03",
            "price": "62.02",
            "revenue": 134489
        },
        "2004-04": {
            "month": "2004-04",
            "price": "63.45",
            "revenue": 158592
        },
        "2004-05": {
            "month": "2004-05",
            "price": "50.87",
            "revenue": 200647
        },
        "2004-06": {
            "month": "2004-06",
            "price": "49.73",
            "revenue": 212410
        },
        "2004-07": {
            "month": "2004-07",
            "price": "46.45",
            "revenue": 216160
        },
        "2004-08": {
            "month": "2004-08",
            "price": "42.98",
            "revenue": 200884
        },
        "2004-09": {
            "month": "2004-09",
            "price": "44.12",
            "revenue": 162253
        },
        "2004-10": {
            "month": "2004-10",
            "price": "40.28",
            "revenue": 139958
        },
        "2004-11": {
            "month": "2004-11",
            "price": "37.90",
            "revenue": 120326
        },
        "2004-12": {
            "month": "2004-12",
            "price": "37.98",
            "revenue": 139974
        },
        "2005-01": {
            "month": "2005-01",
            "price": "37.91",
            "revenue": 102286
        },
        "2005-02": {
            "month": "2005-02",
            "price": "41.25",
            "revenue": 89038
        },
        "2005-03": {
            "month": "2005-03",
            "price": "42.16",
            "revenue": 139502
        },
        "2005-04": {
            "month": "2005-04",
            "price": "39.45",
            "revenue": 180105
        },
        "2005-05": {
            "month": "2005-05",
            "price": "33.26",
            "revenue": 202646
        },
        "2005-06": {
            "month": "2005-06",
            "price": "35.52",
            "revenue": 228045
        },
        "2005-07": {
            "month": "2005-07",
            "price": "41.14",
            "revenue": 210259
        },
        "2005-08": {
            "month": "2005-08",
            "price": "36.83",
            "revenue": 205661
        },
        "2005-09": {
            "month": "2005-09",
            "price": "38.97",
            "revenue": 175478
        },
        "2005-10": {
            "month": "2005-10",
            "price": "37.24",
            "revenue": 150939
        },
        "2005-11": {
            "month": "2005-11",
            "price": "36.05",
            "revenue": 143672
        },
        "2005-12": {
            "month": "2005-12",
            "price": "40.85",
            "revenue": 147361
        },
        "2006-01": {
            "month": "2006-01",
            "price": "43.60",
            "revenue": 121047
        },
        "2006-02": {
            "month": "2006-02",
            "price": "40.77",
            "revenue": 111138
        },
        "2006-03": {
            "month": "2006-03",
            "price": "42.56",
            "revenue": 200978
        },
        "2006-04": {
            "month": "2006-04",
            "price": "51.18",
            "revenue": 253743
        },
        "2006-05": {
            "month": "2006-05",
            "price": "64.15",
            "revenue": 303610
        },
        "2006-06": {
            "month": "2006-06",
            "price": "57.26",
            "revenue": 314447
        },
        "2006-07": {
            "month": "2006-07",
            "price": "53.39",
            "revenue": 301868
        },
        "2006-08": {
            "month": "2006-08",
            "price": "56.04",
            "revenue": 281458
        },
        "2006-09": {
            "month": "2006-09",
            "price": "56.35",
            "revenue": 265031
        },
        "2006-10": {
            "month": "2006-10",
            "price": "63.90",
            "revenue": 220329
        },
        "2006-11": {
            "month": "2006-11",
            "price": "73.72",
            "revenue": 225337
        },
        "2006-12": {
            "month": "2006-12",
            "price": "78.10",
            "revenue": 207952
        },
        "2007-01": {
            "month": "2007-01",
            "price": "81.79",
            "revenue": 160215
        },
        "2007-02": {
            "month": "2007-02",
            "price": "77.32",
            "revenue": 125546
        },
        "2007-03": {
            "month": "2007-03",
            "price": "87.90",
            "revenue": 252892
        },
        "2007-04": {
            "month": "2007-04",
            "price": "87.60",
            "revenue": 313263
        },
        "2007-05": {
            "month": "2007-05",
            "price": "86.92",
            "revenue": 350862
        },
        "2007-06": {
            "month": "2007-06",
            "price": "98.76",
            "revenue": 387594
        },
        "2007-07": {
            "month": "2007-07",
            "price": "118.20",
            "revenue": 400442
        },
        "2007-08": {
            "month": "2007-08",
            "price": "96.12",
            "revenue": 390274
        },
        "2007-09": {
            "month": "2007-09",
            "price": "84.28",
            "revenue": 373160
        },
        "2007-10": {
            "month": "2007-10",
            "price": "77.64",
            "revenue": 340273
        },
        "2007-11": {
            "month": "2007-11",
            "price": "75.63",
            "revenue": 286339
        },
        "2007-12": {
            "month": "2007-12",
            "price": "74.53",
            "revenue": 235070
        },
        "2008-01": {
            "month": "2008-01",
            "price": "73.52",
            "revenue": 268625
        },
        "2008-02": {
            "month": "2008-02",
            "price": "71.90",
            "revenue": 208157
        },
        "2008-03": {
            "month": "2008-03",
            "price": "80.05",
            "revenue": 324302
        },
        "2008-04": {
            "month": "2008-04",
            "price": "87.35",
            "revenue": 365848
        },
        "2008-05": {
            "month": "2008-05",
            "price": "86.47",
            "revenue": 379740
        },
        "2008-06": {
            "month": "2008-06",
            "price": "72.08",
            "revenue": 382764
        },
        "2008-07": {
            "month": "2008-07",
            "price": "63.63",
            "revenue": 408743
        },
        "2008-08": {
            "month": "2008-08",
            "price": "65.22",
            "revenue": 427305
        },
        "2008-09": {
            "month": "2008-09",
            "price": "53.31",
            "revenue": 401199
        },
        "2008-10": {
            "month": "2008-10",
            "price": "44.12",
            "revenue": 325464
        },
        "2008-11": {
            "month": "2008-11",
            "price": "33.57",
            "revenue": 228268
        },
        "2008-12": {
            "month": "2008-12",
            "price": "31.24",
            "revenue": 132367
        },
        "2009-01": {
            "month": "2009-01",
            "price": "37.95",
            "revenue": 124650
        },
        "2009-02": {
            "month": "2009-02",
            "price": "41.62",
            "revenue": 199192
        },
        "2009-03": {
            "month": "2009-03",
            "price": "47.95",
            "revenue": 282313
        },
        "2009-04": {
            "month": "2009-04",
            "price": "53.78",
            "revenue": 324023
        },
        "2009-05": {
            "month": "2009-05",
            "price": "66.96",
            "revenue": 336298
        },
        "2009-06": {
            "month": "2009-06",
            "price": "58.43",
            "revenue": 318810
        },
        "2009-07": {
            "month": "2009-07",
            "price": "66.50",
            "revenue": 325908
        },
        "2009-08": {
            "month": "2009-08",
            "price": "62.28",
            "revenue": 382093
        },
        "2009-09": {
            "month": "2009-09",
            "price": "65.56",
            "revenue": 349245
        },
        "2009-10": {
            "month": "2009-10",
            "price": "64.13",
            "revenue": 325115
        },
        "2009-11": {
            "month": "2009-11",
            "price": "72.11",
            "revenue": 303535
        },
        "2009-12": {
            "month": "2009-12",
            "price": "81.96",
            "revenue": 343793
        },
        "2010-01": {
            "month": "2010-01",
            "price": "80.37",
            "revenue": 343745
        },
        "2010-02": {
            "month": "2010-02",
            "price": "73.54",
            "revenue": 299874
        },
        "2010-03": {
            "month": "2010-03",
            "price": "79.33",
            "revenue": 372853
        },
        "2010-04": {
            "month": "2010-04",
            "price": "79.23",
            "revenue": 407791
        },
        "2010-05": {
            "month": "2010-05",
            "price": "73.49",
            "revenue": 376184
        },
        "2010-06": {
            "month": "2010-06",
            "price": "67.91",
            "revenue": 391679
        },
        "2010-07": {
            "month": "2010-07",
            "price": "67.38",
            "revenue": 379274
        },
        "2010-08": {
            "month": "2010-08",
            "price": "65.55",
            "revenue": 379316
        },
        "2010-09": {
            "month": "2010-09",
            "price": "66.96",
            "revenue": 315410
        },
        "2010-10": {
            "month": "2010-10",
            "price": "65.60",
            "revenue": 337954
        },
        "2010-11": {
            "month": "2010-11",
            "price": "65.48",
            "revenue": 305696
        },
        "2010-12": {
            "month": "2010-12",
            "price": "68.63",
            "revenue": 279229
        },
        "2011-01": {
            "month": "2011-01",
            "price": "66.68",
            "revenue": 255619
        },
        "2011-02": {
            "month": "2011-02",
            "price": "59.20",
            "revenue": 205062
        },
        "2011-03": {
            "month": "2011-03",
            "price": "55.22",
            "revenue": 317912
        },
        "2011-04": {
            "month": "2011-04",
            "price": "56.21",
            "revenue": 415656
        },
        "2011-05": {
            "month": "2011-05",
            "price": "64.68",
            "revenue": 402617
        },
        "2011-06": {
            "month": "2011-06",
            "price": "62.60",
            "revenue": 308134
        },
        "2011-07": {
            "month": "2011-07",
            "price": "52.53",
            "revenue": 284358
        },
        "2011-08": {
            "month": "2011-08",
            "price": "42.88",
            "revenue": 272776
        },
        "2011-09": {
            "month": "2011-09",
            "price": "43.60",
            "revenue": 261348
        },
        "2011-10": {
            "month": "2011-10",
            "price": "42.05",
            "revenue": 241844
        },
        "2011-11": {
            "month": "2011-11",
            "price": "41.47",
            "revenue": 214029
        },
        "2011-12": {
            "month": "2011-12",
            "price": "36.97",
            "revenue": 203867
        },
        "2012-01": {
            "month": "2012-01",
            "price": "38.55",
            "revenue": 172397
        },
        "2012-02": {
            "month": "2012-02",
            "price": "46.85",
            "revenue": 206841
        },
        "2012-03": {
            "month": "2012-03",
            "price": "48.91",
            "revenue": 350989
        },
        "2012-04": {
            "month": "2012-04",
            "price": "49.49",
            "revenue": 324748
        },
        "2012-05": {
            "month": "2012-05",
            "price": "49.35",
            "revenue": 371451
        },
        "2012-06": {
            "month": "2012-06",
            "price": "44.83",
            "revenue": 350636
        },
        "2012-07": {
            "month": "2012-07",
            "price": "43.54",
            "revenue": 333893
        },
        "2012-08": {
            "month": "2012-08",
            "price": "42.47",
            "revenue": 290232
        },
        "2012-09": {
            "month": "2012-09",
            "price": "43.07",
            "revenue": 231501
        },
        "2012-10": {
            "month": "2012-10",
            "price": "38.95",
            "revenue": 232243
        },
        "2012-11": {
            "month": "2012-11",
            "price": "36.73",
            "revenue": 223269
        },
        "2012-12": {
            "month": "2012-12",
            "price": "38.96",
            "revenue": 233122
        },
        "2013-01": {
            "month": "2013-01",
            "price": "41.09",
            "revenue": 282337
        },
        "2013-02": {
            "month": "2013-02",
            "price": "42.79",
            "revenue": 203561
        },
        "2013-03": {
            "month": "2013-03",
            "price": "42.64",
            "revenue": 290388
        },
        "2013-04": {
            "month": "2013-04",
            "price": "42.17",
            "revenue": 302904
        },
        "2013-05": {
            "month": "2013-05",
            "price": "42.98",
            "revenue": 345169
        },
        "2013-06": {
            "month": "2013-06",
            "price": "42.86",
            "revenue": 352579
        },
        "2013-07": {
            "month": "2013-07",
            "price": "40.96",
            "revenue": 330918
        },
        "2013-08": {
            "month": "2013-08",
            "price": "38.45",
            "revenue": 304376
        },
        "2013-09": {
            "month": "2013-09",
            "price": "39.05",
            "revenue": 294058
        },
        "2013-10": {
            "month": "2013-10",
            "price": "39.44",
            "revenue": 300312
        },
        "2013-11": {
            "month": "2013-11",
            "price": "39.32",
            "revenue": 332713
        },
        "2013-12": {
            "month": "2013-12",
            "price": "41.55",
            "revenue": 303024
        },
        "2014-01": {
            "month": "2014-01",
            "price": "47.52",
            "revenue": 227649
        },
        "2014-02": {
            "month": "2014-02",
            "price": "50.51",
            "revenue": 249522
        },
        "2014-03": {
            "month": "2014-03",
            "price": "52.28",
            "revenue": 312315
        },
        "2014-04": {
            "month": "2014-04",
            "price": "55.04",
            "revenue": 352171
        },
        "2014-05": {
            "month": "2014-05",
            "price": "57.10",
            "revenue": 344416
        },
        "2014-06": {
            "month": "2014-06",
            "price": "61.88",
            "revenue": 325328
        },
        "2014-07": {
            "month": "2014-07",
            "price": "58.05",
            "revenue": 336738
        },
        "2014-08": {
            "month": "2014-08",
            "price": "51.38",
            "revenue": 301529
        },
        "2014-09": {
            "month": "2014-09",
            "price": "50.27",
            "revenue": 267121
        },
        "2014-10": {
            "month": "2014-10",
            "price": "43.87",
            "revenue": 269151
        },
        "2014-11": {
            "month": "2014-11",
            "price": "43.16",
            "revenue": 295892
        },
        "2014-12": {
            "month": "2014-12",
            "price": "45.64",
            "revenue": 271531
        },
        "2015-01": {
            "month": "2015-01",
            "price": "45.78",
            "revenue": 271063
        },
        "2015-02": {
            "month": "2015-02",
            "price": "47.68",
            "revenue": 164864
        },
        "2015-03": {
            "month": "2015-03",
            "price": "48.05",
            "revenue": 272055
        },
        "2015-04": {
            "month": "2015-04",
            "price": "47.51",
            "revenue": 318019
        },
        "2015-05": {
            "month": "2015-05",
            "price": "44.80",
            "revenue": 324061
        },
        "2015-06": {
            "month": "2015-06",
            "price": "43.10",
            "revenue": 306964
        },
        "2015-07": {
            "month": "2015-07",
            "price": "40.12",
            "revenue": 305354
        },
        "2015-08": {
            "month": "2015-08",
            "price": "34.07",
            "revenue": 276638
        },
        "2015-09": {
            "month": "2015-09",
            "price": "36.74",
            "revenue": 255956
        },
        "2015-10": {
            "month": "2015-10",
            "price": "38.13",
            "revenue": 252438
        },
        "2015-11": {
            "month": "2015-11",
            "price": "35.38",
            "revenue": 263765
        },
        "2015-12": {
            "month": "2015-12",
            "price": "34.98",
            "revenue": 295052
        },
        "2016-01": {
            "month": "2016-01",
            "price": "34.97",
            "revenue": 210154
        },
        "2016-02": {
            "month": "2016-02",
            "price": "35.48",
            "revenue": 153324
        },
        "2016-03": {
            "month": "2016-03",
            "price": "36.14",
            "revenue": 255132
        },
        "2016-04": {
            "month": "2016-04",
            "price": "33.59",
            "revenue": 318231
        },
        "2016-05": {
            "month": "2016-05",
            "price": "31.77",
            "revenue": 320261
        },
        "2016-06": {
            "month": "2016-06",
            "price": "32.83",
            "revenue": 307700
        },
        "2016-07": {
            "month": "2016-07",
            "price": "34.51",
            "revenue": 272219
        },
        "2016-08": {
            "month": "2016-08",
            "price": "35.87",
            "revenue": 276622
        },
        "2016-09": {
            "month": "2016-09",
            "price": "34.38",
            "revenue": 275844
        },
        "2016-10": {
            "month": "2016-10",
            "price": "32.71",
            "revenue": 255448
        },
        "2016-11": {
            "month": "2016-11",
            "price": "31.23",
            "revenue": 280144
        },
        "2016-12": {
            "month": "2016-12",
            "price": "31.93",
            "revenue": 291764
        },
        "2017-01": {
            "month": "2017-01",
            "price": "32.23",
            "revenue": 204497
        },
        "2017-02": {
            "month": "2017-02",
            "price": "33.03",
            "revenue": 207501
        },
        "2017-03": {
            "month": "2017-03",
            "price": "33.48",
            "revenue": 320963
        },
        "2017-04": {
            "month": "2017-04",
            "price": "33.83",
            "revenue": 312698
        },
        "2017-05": {
            "month": "2017-05",
            "price": "33.94",
            "revenue": 321796
        },
        "2017-06": {
            "month": "2017-06",
            "price": "33.92",
            "revenue": 307350
        },
        "2017-07": {
            "month": "2017-07",
            "price": "33.40",
            "revenue": 315065
        },
        "2017-08": {
            "month": "2017-08",
            "price": "31.99",
            "revenue": 286770
        },
        "2017-09": {
            "month": "2017-09",
            "price": "32.50",
            "revenue": 285828
        },
        "2017-10": {
            "month": "2017-10",
            "price": "33.66",
            "revenue": 235045
        },
        "2017-11": {
            "month": "2017-11",
            "price": "36.27",
            "revenue": 280710
        },
        "2017-12": {
            "month": "2017-12",
            "price": "37.57",
            "revenue": 263060
        },
        "2018-01": {
            "month": "2018-01",
            "price": "35.53",
            "revenue": 232317
        },
        "2018-02": {
            "month": "2018-02",
            "price": "35.46",
            "revenue": 147159
        },
        "2018-03": {
            "month": "2018-03",
            "price": "37.23",
            "revenue": 236275
        },
        "2018-04": {
            "month": "2018-04",
            "price": "35.07",
            "revenue": 283086
        },
        "2018-05": {
            "month": "2018-05",
            "price": "32.09",
            "revenue": 326362
        },
        "2018-06": {
            "month": "2018-06",
            "price": "31.71",
            "revenue": 301215
        },
        "2018-07": {
            "month": "2018-07",
            "price": "29.85",
            "revenue": 286111
        },
        "2018-08": {
            "month": "2018-08",
            "price": "30.79",
            "revenue": 291592
        },
        "2018-09": {
            "month": "2018-09",
            "price": "30.32",
            "revenue": 282114
        },
        "2018-10": {
            "month": "2018-10",
            "price": "28.68",
            "revenue": 263191
        },
        "2018-11": {
            "month": "2018-11",
            "price": "28.40",
            "revenue": 270914
        },
        "2018-12": {
            "month": "2018-12",
            "price": "29.22",
            "revenue": 237219
        },
        "2019-01": {
            "month": "2019-01",
            "price": "28.58",
            "revenue": 210483
        },
        "2019-02": {
            "month": "2019-02",
            "price": "29.13",
            "revenue": 155136
        },
        "2019-03": {
            "month": "2019-03",
            "price": "29.93",
            "revenue": 251689
        },
        "2019-04": {
            "month": "2019-04",
            "price": "31.99",
            "revenue": 291081
        },
        "2019-05": {
            "month": "2019-05",
            "price": "30.74",
            "revenue": 334245
        },
        "2019-06": {
            "month": "2019-06",
            "price": "31.04",
            "revenue": 308277
        },
        "2019-07": {
            "month": "2019-07",
            "price": "31.36",
            "revenue": 306579
        },
        "2019-08": {
            "month": "2019-08",
            "price": "32.79",
            "revenue": 277817
        },
        "2019-09": {
            "month": "2019-09",
            "price": "34.30",
            "revenue": 260217
        },
        "2019-10": {
            "month": "2019-10",
            "price": "33.09",
            "revenue": 293677
        },
        "2019-11": {
            "month": "2019-11",
            "price": "32.70",
            "revenue": 290075
        },
        "2019-12": {
            "month": "2019-12",
            "price": "32.52",
            "revenue": 255227
        },
        "2020-01": {
            "month": "2020-01",
            "price": "32.60",
            "revenue": 170651
        },
        "2020-02": {
            "month": "2020-02",
            "price": "34.10",
            "revenue": 211255
        },
        "2020-03": {
            "month": "2020-03",
            "price": "36.37",
            "revenue": 452436
        },
        "2020-04": {
            "month": "2020-04",
            "price": "44.74",
            "revenue": 552333
        },
        "2020-05": {
            "month": "2020-05",
            "price": "56.84",
            "revenue": 484556
        },
        "2020-06": {
            "month": "2020-06",
            "price": "54.68",
            "revenue": 454012
        },
        "2020-07": {
            "month": "2020-07",
            "price": "55.94",
            "revenue": 460014
        },
        "2020-08": {
            "month": "2020-08",
            "price": "53.93",
            "revenue": 500779
        },
        "2020-09": {
            "month": "2020-09",
            "price": "62.06",
            "revenue": 569494
        },
        "2020-10": {
            "month": "2020-10",
            "price": "69.04",
            "revenue": 518966
        },
        "2020-11": {
            "month": "2020-11",
            "price": "66.82",
            "revenue": 531973
        },
        "2020-12": {
            "month": "2020-12",
            "price": "65.72",
            "revenue": 464157
        },
        "2021-01": {
            "month": "2021-01",
            "price": "68.08",
            "revenue": 508557
        },
        "2021-02": {
            "month": "2021-02",
            "price": "77.87",
            "revenue": 376924
        },
        "2021-03": {
            "month": "2021-03",
            "price": "92.03",
            "revenue": 501640
        },
        "2021-04": {
            "month": "2021-04",
            "price": "110.79",
            "revenue": 547974
        },
        "2021-05": {
            "month": "2021-05",
            "price": "92.30",
            "revenue": 519236
        },
        "2021-06": {
            "month": "2021-06",
            "price": "94.22",
            "revenue": 507430
        },
        "2021-07": {
            "month": "2021-07",
            "price": "102.25",
            "revenue": 537682
        },
        "2021-08": {
            "month": "2021-08",
            "price": "96.27",
            "revenue": 601480
        },
        "2021-09": {
            "month": "2021-09",
            "price": "92.56",
            "revenue": 557554
        },
        "2021-10": {
            "month": "2021-10",
            "price": "84.36",
            "revenue": 460077
        },
        "2021-11": {
            "month": "2021-11",
            "price": "90.26",
            "revenue": 413439
        },
        "2021-12": {
            "month": "2021-12",
            "price": "92.03",
            "revenue": 333546
        },
        "2022-01": {
            "month": "2022-01",
            "price": "87.48",
            "revenue": 336154
        },
        "2022-02": {
            "month": "2022-02",
            "price": "85.39",
            "revenue": 304638
        },
        "2022-03": {
            "month": "2022-03",
            "price": "87.80",
            "revenue": 386073
        },
        "2022-04": {
            "month": "2022-04",
            "price": "81.46",
            "revenue": 355897
        },
        "2022-05": {
            "month": "2022-05",
            "price": "75.48",
            "revenue": 334314
        },
        "2022-06": {
            "month": "2022-06",
            "price": "72.03",
            "revenue": 336972
        },
        "2022-07": {
            "month": "2022-07",
            "price": "61.73",
            "revenue": 260396
        },
        "2022-08": {
            "month": "2022-08",
            "price": "58.07",
            "revenue": 254784
        },
        "2022-09": {
            "month": "2022-09",
            "price": "54.42",
            "revenue": 229282
        },
        "2022-10": {
            "month": "2022-10",
            "price": "46.69",
            "revenue": 186159
        },
        "2022-11": {
            "month": "2022-11",
            "price": "48.39",
            "revenue": 187996
        },
        "2022-12": {
            "month": "2022-12",
            "price": "50.88",
            "revenue": 181402
        },
        "2023-01": {
            "month": "2023-01",
            "price": "50.73",
            "revenue": 161645
        },
        "2023-02": {
            "month": "2023-02",
            "price": "54.36",
            "revenue": 175613
        },
        "2023-03": {
            "month": "2023-03",
            "price": "54.03",
            "revenue": 201188
        },
        "2023-04": {
            "month": "2023-04",
            "price": "52.52",
            "revenue": 202533
        },
        "2023-05": {
            "month": "2023-05",
            "price": "50.21",
            "revenue": 226989
        },
        "2023-06": {
            "month": "2023-06",
            "price": "51.09",
            "revenue": 233438
        },
        "2023-07": {
            "month": "2023-07",
            "price": "48.71",
            "revenue": 221329
        },
        "2023-08": {
            "month": "2023-08",
            "price": "44.26",
            "revenue": 230340
        },
        "2023-09": {
            "month": "2023-09",
            "price": "45.81",
            "revenue": 246632
        },
        "2023-10": {
            "month": "2023-10",
            "price": "47.46",
            "revenue": 247673
        },
        "2023-11": {
            "month": "2023-11",
            "price": "52.40",
            "revenue": 230101
        },
        "2023-12": {
            "month": "2023-12",
            "price": "56.20",
            "revenue": 232456
        }
    }
}
