{
    "summary": {
        "stock_name": "聰泰",
        "stock_id": "5474",
        "category": "電腦及週邊設備",
        "main_business": "一般進出口貿易業務<br>電子、電腦零件製造加工之買賣業務<br>代理各項有關國內外廠商產品之經銷及投標業務",
        "website_url": "https://www.yuan.com.tw",
        "ceo": "林宏沛",
        "pe_ratio": 14,
        "report_year_from": 2001,
        "report_year_to": 2023,
        "age": 22,
        "eps_negative_percentage": 13,
        "eps_growth_avg": {
            "last_all": 6.43,
            "last_2y": 10.48,
            "last_4y": 17.52,
            "last_8y": 19.67,
            "last_12y": 16.1,
            "last_16y": 8.45,
            "last_20y": 6.43,
            "at_2006_last_3y": 22.25,
            "at_2007_last_3y": -12.14,
            "at_2008_last_3y": -13.76,
            "at_2009_last_3y": -12.58,
            "at_2010_last_3y": -62.58,
            "at_2011_last_3y": -70.92,
            "at_2012_last_3y": -97.18,
            "at_2013_last_3y": 0,
            "at_2014_last_3y": 77.43,
            "at_2015_last_3y": 69.21,
            "at_2016_last_3y": 55.34,
            "at_2017_last_3y": 22.36,
            "at_2018_last_3y": 22.19,
            "at_2019_last_3y": 9.49,
            "at_2020_last_3y": 31.06,
            "at_2021_last_3y": 28.51,
            "at_2022_last_3y": 8.36,
            "at_2023_last_3y": 8.36,
            "at_2006_last_all": 22.25,
            "at_2007_last_all": 10.29,
            "at_2008_last_all": 5.51,
            "at_2009_last_all": -8.76,
            "at_2010_last_all": -20.16,
            "at_2011_last_all": -20.16,
            "at_2012_last_all": -20.16,
            "at_2013_last_all": -6.81,
            "at_2014_last_all": -0.65,
            "at_2015_last_all": 4.21,
            "at_2016_last_all": 5,
            "at_2017_last_all": 2.16,
            "at_2018_last_all": 5.88,
            "at_2019_last_all": 5.62,
            "at_2020_last_all": 11.52,
            "at_2021_last_all": 8.36,
            "at_2022_last_all": 6.43,
            "at_2023_last_all": 6.43
        },
        "latest_eps": 6.86,
        "latest_price": 93.3,
        "latest_roe": 17.21,
        "latest_gross_margin": 50.86,
        "latest_equity": 1646921,
        "latest_revenue": 252512,
        "latest_gross_profit": 128429,
        "latest_net_income": 38012,
        "latest_debt_ratio": 23.63,
        "latest_current_ratio": 213.7,
        "latest_account_receivable_turnover_ratio": 81.57,
        "latest_inventory_turnover_ratio": 0.33,
        "latest_reinvestment_rate": 0.12,
        "latest_research_to_sale_ratio": 17.39
    },
    "eps_dividends": {
        "1999": {
            "cash": 0.5,
            "stock": 0.5,
            "eps": 0
        },
        "2000": {
            "cash": 0.5,
            "stock": 0.5,
            "eps": 0
        },
        "2001": {
            "cash": 0.45,
            "stock": 0.45,
            "eps": -2.98
        },
        "2002": {
            "cash": 0,
            "stock": 0,
            "eps": 0.58
        },
        "2003": {
            "cash": 0,
            "stock": 0,
            "eps": 1.26
        },
        "2004": {
            "cash": 0,
            "stock": 0,
            "eps": 1.11
        },
        "2005": {
            "cash": 0,
            "stock": 0,
            "eps": 0.01
        },
        "2006": {
            "cash": 0,
            "stock": 0,
            "eps": 5.22
        },
        "2007": {
            "cash": 0.5,
            "stock": 2,
            "eps": 3.26
        },
        "2008": {
            "cash": 2.5,
            "stock": 0,
            "eps": 2.66
        },
        "2009": {
            "cash": 1.5,
            "stock": 0,
            "eps": 0.15
        },
        "2010": {
            "cash": 1,
            "stock": 0,
            "eps": -0.34
        },
        "2011": {
            "cash": 0,
            "stock": 0,
            "eps": -0.15
        },
        "2012": {
            "cash": 0,
            "stock": 0,
            "eps": 1.06
        },
        "2013": {
            "cash": 0.8,
            "stock": 0,
            "eps": 2.68
        },
        "2014": {
            "cash": 2.5,
            "stock": 0,
            "eps": 4.15
        },
        "2015": {
            "cash": 3.5,
            "stock": 0,
            "eps": 6.34
        },
        "2016": {
            "cash": 4.2,
            "stock": 0,
            "eps": 7.21
        },
        "2017": {
            "cash": 3.3,
            "stock": 0,
            "eps": 4.91
        },
        "2018": {
            "cash": 3.3,
            "stock": 0,
            "eps": 7.57
        },
        "2019": {
            "cash": 3.8,
            "stock": 0,
            "eps": 7.72
        },
        "2020": {
            "cash": 4.5,
            "stock": 0,
            "eps": 18.55
        },
        "2021": {
            "cash": 8,
            "stock": 2,
            "eps": 10.74
        },
        "2022": {
            "cash": 5,
            "stock": 0,
            "eps": 7.9
        },
        "2023": {
            "cash": 3.8,
            "stock": 0,
            "eps": 0.96
        }
    },
    "dividends": {
        "1999-06-10": {
            "cash": 0.5,
            "stock": 0.5
        },
        "2000-04-14": {
            "cash": 0.5,
            "stock": 0.5
        },
        "2001-06-07": {
            "cash": 0.45,
            "stock": 0.45
        },
        "2007-04-23": {
            "cash": 0.5,
            "stock": 2
        },
        "2008-04-21": {
            "cash": 2.5,
            "stock": 0
        },
        "2009-03-25": {
            "cash": 1.5,
            "stock": 0
        },
        "2010-04-20": {
            "cash": 1,
            "stock": 0
        },
        "2013-06-18": {
            "cash": 0.8,
            "stock": 0
        },
        "2014-06-06": {
            "cash": 2.5,
            "stock": 0
        },
        "2015-07-30": {
            "cash": 3.5,
            "stock": 0
        },
        "2016-07-29": {
            "cash": 4.2,
            "stock": 0
        },
        "2017-08-08": {
            "cash": 3.3,
            "stock": 0
        },
        "2018-08-03": {
            "cash": 3.3,
            "stock": 0
        },
        "2019-08-02": {
            "cash": 3.8,
            "stock": 0
        },
        "2020-07-31": {
            "cash": 4.5,
            "stock": 0
        },
        "2021-08-27": {
            "cash": 8,
            "stock": 2
        },
        "2022-07-22": {
            "cash": 5,
            "stock": 0
        },
        "2023-03-08": {
            "cash": 3.8,
            "stock": 0
        }
    },
    "prices": {
        "200101": "無",
        "200102": "無",
        "200103": "15.50",
        "200104": "22.30",
        "200105": "20.17",
        "200106": "20.50",
        "200107": "17.14",
        "200108": "15.47",
        "200109": "13.88",
        "200110": "11.86",
        "200111": "11.65",
        "200112": "12.18",
        "200201": "12.75",
        "200202": "11.74",
        "200203": "12.67",
        "200204": "18.34",
        "200205": "17.07",
        "200206": "15.82",
        "200207": "14.20",
        "200208": "13.68",
        "200209": "11.57",
        "200210": "13.76",
        "200211": "16.52",
        "200212": "15.29",
        "200301": "14.70",
        "200302": "12.75",
        "200303": "13.62",
        "200304": "13.14",
        "200305": "12.32",
        "200306": "14.50",
        "200307": "14.92",
        "200308": "15.44",
        "200309": "13.97",
        "200310": "13.11",
        "200311": "12.90",
        "200312": "13.56",
        "200401": "14.20",
        "200402": "15.58",
        "200403": "14.97",
        "200404": "16.15",
        "200405": "14.12",
        "200406": "13.75",
        "200407": "10.64",
        "200408": "9.62",
        "200409": "10.10",
        "200410": "9.57",
        "200411": "9.07",
        "200412": "11.98",
        "200501": "11.97",
        "200502": "10.89",
        "200503": "10.40",
        "200504": "9.71",
        "200505": "9.34",
        "200506": "9.17",
        "200507": "10.22",
        "200508": "9.74",
        "200509": "8.89",
        "200510": "9.18",
        "200511": "9.40",
        "200512": "19.30",
        "200601": "41.95",
        "200602": "41.12",
        "200603": "31.72",
        "200604": "28.79",
        "200605": "26.50",
        "200606": "29.42",
        "200607": "27.69",
        "200608": "27.05",
        "200609": "25.91",
        "200610": "36.19",
        "200611": "42.09",
        "200612": "76.22",
        "200701": "66.61",
        "200702": "57.42",
        "200703": "54.58",
        "200704": "56.50",
        "200705": "52.15",
        "200706": "61.60",
        "200707": "67.30",
        "200708": "54.44",
        "200709": "41.42",
        "200710": "41.48",
        "200711": "45.43",
        "200712": "49.90",
        "200801": "37.76",
        "200802": "32.30",
        "200803": "33.63",
        "200804": "34.35",
        "200805": "36.25",
        "200806": "34.65",
        "200807": "29.15",
        "200808": "36.05",
        "200809": "25.01",
        "200810": "24.95",
        "200811": "20.77",
        "200812": "18.48",
        "200901": "19.19",
        "200902": "19.70",
        "200903": "21.69",
        "200904": "24.15",
        "200905": "24.44",
        "200906": "22.45",
        "200907": "22.40",
        "200908": "21.44",
        "200909": "18.85",
        "200910": "22.18",
        "200911": "20.60",
        "200912": "23.29",
        "201001": "27.34",
        "201002": "23.58",
        "201003": "27.65",
        "201004": "25.66",
        "201005": "22.18",
        "201006": "21.66",
        "201007": "21.52",
        "201008": "20.86",
        "201009": "18.90",
        "201010": "18.06",
        "201011": "15.31",
        "201012": "16.05",
        "201101": "15.36",
        "201102": "14.50",
        "201103": "15.03",
        "201104": "16.86",
        "201105": "15.57",
        "201106": "15.22",
        "201107": "15.45",
        "201108": "12.57",
        "201109": "11.14",
        "201110": "10.29",
        "201111": "9.68",
        "201112": "8.43",
        "201201": "8.66",
        "201202": "11.20",
        "201203": "11.20",
        "201204": "9.68",
        "201205": "9.51",
        "201206": "10.13",
        "201207": "9.85",
        "201208": "10.20",
        "201209": "13.98",
        "201210": "15.40",
        "201211": "13.31",
        "201212": "14.29",
        "201301": "15.98",
        "201302": "15.80",
        "201303": "19.56",
        "201304": "29.84",
        "201305": "35.55",
        "201306": "54.28",
        "201307": "55.66",
        "201308": "45.96",
        "201309": "42.58",
        "201310": "41.78",
        "201311": "39.95",
        "201312": "46.87",
        "201401": "48.15",
        "201402": "44.96",
        "201403": "44.75",
        "201404": "41.66",
        "201405": "38.36",
        "201406": "39.20",
        "201407": "34.18",
        "201408": "31.10",
        "201409": "38.39",
        "201410": "34.85",
        "201411": "37.92",
        "201412": "44.93",
        "201501": "55.54",
        "201502": "59.27",
        "201503": "66.90",
        "201504": "95.42",
        "201505": "90.82",
        "201506": "75.66",
        "201507": "65.17",
        "201508": "52.18",
        "201509": "62.66",
        "201510": "72.31",
        "201511": "72.09",
        "201512": "67.58",
        "201601": "56.30",
        "201602": "60.29",
        "201603": "66.98",
        "201604": "61.86",
        "201605": "60.30",
        "201606": "62.32",
        "201607": "74.22",
        "201608": "83.19",
        "201609": "79.55",
        "201610": "71.48",
        "201611": "74.27",
        "201612": "71.56",
        "201701": "71.61",
        "201702": "69.69",
        "201703": "67.42",
        "201704": "70.00",
        "201705": "62.88",
        "201706": "61.61",
        "201707": "57.60",
        "201708": "51.40",
        "201709": "49.63",
        "201710": "50.79",
        "201711": "49.75",
        "201712": "51.36",
        "201801": "50.72",
        "201802": "44.67",
        "201803": "52.29",
        "201804": "59.80",
        "201805": "58.96",
        "201806": "64.33",
        "201807": "59.56",
        "201808": "70.98",
        "201809": "80.98",
        "201810": "72.98",
        "201811": "70.86",
        "201812": "74.92",
        "201901": "69.44",
        "201902": "73.58",
        "201903": "76.42",
        "201904": "72.92",
        "201905": "71.19",
        "201906": "73.06",
        "201907": "82.80",
        "201908": "90.11",
        "201909": "84.38",
        "201910": "83.30",
        "201911": "78.73",
        "201912": "78.92",
        "202001": "77.37",
        "202002": "73.52",
        "202003": "63.10",
        "202004": "70.22",
        "202005": "87.60",
        "202006": "140.75",
        "202007": "207.39",
        "202008": "271.38",
        "202009": "313.11",
        "202010": "242.66",
        "202011": "224.60",
        "202012": "198.41",
        "202101": "177.52",
        "202102": "180.62",
        "202103": "198.07",
        "202104": "207.42",
        "202105": "175.36",
        "202106": "176.57",
        "202107": "167.55",
        "202108": "139.86",
        "202109": "117.22",
        "202110": "101.42",
        "202111": "115.05",
        "202112": "110.45",
        "202201": "105.69",
        "202202": "107.17",
        "202203": "98.03",
        "202204": "101.69",
        "202205": "95.85",
        "202206": "87.34",
        "202207": "73.32",
        "202208": "77.67",
        "202209": "71.55",
        "202210": "62.12",
        "202211": "69.67",
        "202212": "73.94",
        "202301": "72.92",
        "202302": "76.72",
        "202303": "82.60",
        "202304": "88.14",
        "202305": "85.38"
    },
    "quarters": {
        "20011": {
            "year_quarter": 20011,
            "year": 2001,
            "quarter": 1,
            "eps": 0.44,
            "eps_growth_year": 83.33,
            "eps_4q": 0.77,
            "eps_4q_growth_year": null,
            "roe": 3.97,
            "roe_4q": 3.97,
            "gross_profit": 42605,
            "gross_margin": 12.47,
            "gross_margin_4q_avg": 12.47,
            "net_income": 11622,
            "revenue": 341670,
            "common_shares": 265973,
            "book_valuer_per_share": 11.23,
            "book_valuer_per_share_4q_avg": 11.23,
            "equity": 298666,
            "current_ratio": 151.8,
            "debt_ratio": 61.12,
            "inventory_turnover_ratio": 1.28,
            "account_receivable_turnover_ratio": null,
            "reinvestment_rate": null,
            "research_to_sale_ratio": null,
            "price_fair": 0,
            "eps_avg_yearly": 0,
            "eps_latest_yearly": 0,
            "eps_growth_yearly": 0
        },
        "20012": {
            "year_quarter": 20012,
            "year": 2001,
            "quarter": 2,
            "eps": -1.1,
            "eps_growth_year": -389.47,
            "eps_4q": -0.7,
            "eps_4q_growth_year": null,
            "roe": -10.35,
            "roe_4q": -6.379999999999999,
            "gross_profit": 13059,
            "gross_margin": 5,
            "gross_margin_4q_avg": 8.74,
            "net_income": -29384,
            "revenue": 261351,
            "common_shares": 265973,
            "book_valuer_per_share": 10.11,
            "book_valuer_per_share_4q_avg": 10.67,
            "equity": 269025,
            "current_ratio": 161.1,
            "debt_ratio": 58.31,
            "inventory_turnover_ratio": 1.09,
            "account_receivable_turnover_ratio": null,
            "reinvestment_rate": null,
            "research_to_sale_ratio": null,
            "price_fair": 0,
            "eps_avg_yearly": 0,
            "eps_latest_yearly": 0,
            "eps_growth_yearly": 0
        },
        "20013": {
            "year_quarter": 20013,
            "year": 2001,
            "quarter": 3,
            "eps": -0.25,
            "eps_growth_year": -238.89,
            "eps_4q": -1.12,
            "eps_4q_growth_year": null,
            "roe": -2.46,
            "roe_4q": -8.839999999999998,
            "gross_profit": 20559,
            "gross_margin": 7.49,
            "gross_margin_4q_avg": 8.32,
            "net_income": -6547,
            "revenue": 274463,
            "common_shares": 265973,
            "book_valuer_per_share": 9.87,
            "book_valuer_per_share_4q_avg": 10.4,
            "equity": 262478,
            "current_ratio": 140.28,
            "debt_ratio": 66.54,
            "inventory_turnover_ratio": 1.17,
            "account_receivable_turnover_ratio": null,
            "reinvestment_rate": null,
            "research_to_sale_ratio": null,
            "price_fair": 0,
            "eps_avg_yearly": 0,
            "eps_latest_yearly": 0,
            "eps_growth_yearly": 0
        },
        "20014": {
            "year_quarter": 20014,
            "year": 2001,
            "quarter": 4,
            "eps": -2.07,
            "eps_growth_year": null,
            "eps_4q": -2.95,
            "eps_4q_growth_year": -636.36,
            "roe": -24.74,
            "roe_4q": -33.58,
            "gross_profit": -53475,
            "gross_margin": -26.11,
            "gross_margin_4q_avg": -0.29,
            "net_income": -57779,
            "revenue": 204843,
            "common_shares": 278585,
            "book_valuer_per_share": 7.35,
            "book_valuer_per_share_4q_avg": 9.64,
            "equity": 204699,
            "current_ratio": 129.69,
            "debt_ratio": 54.66,
            "inventory_turnover_ratio": 1.6,
            "account_receivable_turnover_ratio": null,
            "reinvestment_rate": null,
            "research_to_sale_ratio": null,
            "price_fair": 0,
            "eps_avg_yearly": 0,
            "eps_latest_yearly": 0,
            "eps_growth_yearly": 0
        },
        "20021": {
            "year_quarter": 20021,
            "year": 2002,
            "quarter": 1,
            "eps": 0.2,
            "eps_growth_year": -54.55,
            "eps_4q": -3.12,
            "eps_4q_growth_year": -506.9,
            "roe": 2.72,
            "roe_4q": -34.83,
            "gross_profit": 25284,
            "gross_margin": 31.2,
            "gross_margin_4q_avg": 4.4,
            "net_income": 5645,
            "revenue": 81030,
            "common_shares": 278585,
            "book_valuer_per_share": 7.55,
            "book_valuer_per_share_4q_avg": 8.72,
            "equity": 210344,
            "current_ratio": 179.13,
            "debt_ratio": 37.38,
            "inventory_turnover_ratio": 0.78,
            "account_receivable_turnover_ratio": null,
            "reinvestment_rate": null,
            "research_to_sale_ratio": null,
            "price_fair": 0,
            "eps_avg_yearly": 0,
            "eps_latest_yearly": 0,
            "eps_growth_yearly": 0
        },
        "20022": {
            "year_quarter": 20022,
            "year": 2002,
            "quarter": 2,
            "eps": -0.15,
            "eps_growth_year": null,
            "eps_4q": -2.26,
            "eps_4q_growth_year": null,
            "roe": -2.04,
            "roe_4q": -26.52,
            "gross_profit": 9098,
            "gross_margin": 32.03,
            "gross_margin_4q_avg": 11.15,
            "net_income": -4256,
            "revenue": 28406,
            "common_shares": 278585,
            "book_valuer_per_share": 7.4,
            "book_valuer_per_share_4q_avg": 8.04,
            "equity": 206088,
            "current_ratio": 192.16,
            "debt_ratio": 33.16,
            "inventory_turnover_ratio": 0.31,
            "account_receivable_turnover_ratio": null,
            "reinvestment_rate": null,
            "research_to_sale_ratio": null,
            "price_fair": 0,
            "eps_avg_yearly": 0,
            "eps_latest_yearly": 0,
            "eps_growth_yearly": 0
        },
        "20023": {
            "year_quarter": 20023,
            "year": 2002,
            "quarter": 3,
            "eps": 0.07,
            "eps_growth_year": null,
            "eps_4q": -1.92,
            "eps_4q_growth_year": null,
            "roe": 0.96,
            "roe_4q": -23.099999999999998,
            "gross_profit": 11090,
            "gross_margin": 5.2,
            "gross_margin_4q_avg": 10.58,
            "net_income": 1980,
            "revenue": 213094,
            "common_shares": 278585,
            "book_valuer_per_share": 7.47,
            "book_valuer_per_share_4q_avg": 7.44,
            "equity": 208068,
            "current_ratio": 134.89,
            "debt_ratio": 58.08,
            "inventory_turnover_ratio": 2.38,
            "account_receivable_turnover_ratio": null,
            "reinvestment_rate": null,
            "research_to_sale_ratio": null,
            "price_fair": 0,
            "eps_avg_yearly": 0,
            "eps_latest_yearly": 0,
            "eps_growth_yearly": 0
        },
        "20024": {
            "year_quarter": 20024,
            "year": 2002,
            "quarter": 4,
            "eps": 0.46,
            "eps_growth_year": null,
            "eps_4q": 0.58,
            "eps_4q_growth_year": null,
            "roe": 5.95,
            "roe_4q": 7.59,
            "gross_profit": 25948,
            "gross_margin": 7.57,
            "gross_margin_4q_avg": 19,
            "net_income": 12770,
            "revenue": 342890,
            "common_shares": 278585,
            "book_valuer_per_share": 7.93,
            "book_valuer_per_share_4q_avg": 7.59,
            "equity": 220838,
            "current_ratio": 172.16,
            "debt_ratio": 43.26,
            "inventory_turnover_ratio": 3.23,
            "account_receivable_turnover_ratio": null,
            "reinvestment_rate": null,
            "research_to_sale_ratio": null,
            "price_fair": 64.4,
            "eps_avg_yearly": 1.84,
            "eps_latest_yearly": 1.84,
            "eps_growth_yearly": 2228.57
        },
        "20031": {
            "year_quarter": 20031,
            "year": 2003,
            "quarter": 1,
            "eps": 0.17,
            "eps_growth_year": -15,
            "eps_4q": 0.55,
            "eps_4q_growth_year": null,
            "roe": 2.11,
            "roe_4q": 6.9799999999999995,
            "gross_profit": 26193,
            "gross_margin": 9.2,
            "gross_margin_4q_avg": 13.5,
            "net_income": 4715,
            "revenue": 284653,
            "common_shares": 278585,
            "book_valuer_per_share": 8.1,
            "book_valuer_per_share_4q_avg": 7.73,
            "equity": 225553,
            "current_ratio": 166.86,
            "debt_ratio": 44.08,
            "inventory_turnover_ratio": 2.73,
            "account_receivable_turnover_ratio": null,
            "reinvestment_rate": null,
            "research_to_sale_ratio": null,
            "price_fair": 44.1,
            "eps_avg_yearly": 1.26,
            "eps_latest_yearly": 0.68,
            "eps_growth_yearly": 988.2
        },
        "20032": {
            "year_quarter": 20032,
            "year": 2003,
            "quarter": 2,
            "eps": 0.27,
            "eps_growth_year": null,
            "eps_4q": 0.96,
            "eps_4q_growth_year": null,
            "roe": 3.31,
            "roe_4q": 12.330000000000002,
            "gross_profit": 24489,
            "gross_margin": 10.66,
            "gross_margin_4q_avg": 8.16,
            "net_income": 7582,
            "revenue": 229749,
            "common_shares": 278585,
            "book_valuer_per_share": 8.37,
            "book_valuer_per_share_4q_avg": 7.97,
            "equity": 233135,
            "current_ratio": 180.25,
            "debt_ratio": 40.51,
            "inventory_turnover_ratio": 2.1,
            "account_receivable_turnover_ratio": null,
            "reinvestment_rate": null,
            "research_to_sale_ratio": null,
            "price_fair": 42,
            "eps_avg_yearly": 1.2,
            "eps_latest_yearly": 1.08,
            "eps_growth_yearly": 737.23
        },
        "20033": {
            "year_quarter": 20033,
            "year": 2003,
            "quarter": 3,
            "eps": 0.08,
            "eps_growth_year": 14.29,
            "eps_4q": 0.99,
            "eps_4q_growth_year": null,
            "roe": 0.94,
            "roe_4q": 12.309999999999999,
            "gross_profit": 15958,
            "gross_margin": 8.28,
            "gross_margin_4q_avg": 8.93,
            "net_income": 2207,
            "revenue": 192716,
            "common_shares": 278585,
            "book_valuer_per_share": 8.45,
            "book_valuer_per_share_4q_avg": 8.21,
            "equity": 235342,
            "current_ratio": 174.36,
            "debt_ratio": 42.3,
            "inventory_turnover_ratio": 1.74,
            "account_receivable_turnover_ratio": null,
            "reinvestment_rate": null,
            "research_to_sale_ratio": null,
            "price_fair": 34.3,
            "eps_avg_yearly": 0.98,
            "eps_latest_yearly": 0.32,
            "eps_growth_yearly": 482.55
        },
        "20034": {
            "year_quarter": 20034,
            "year": 2003,
            "quarter": 4,
            "eps": 0.74,
            "eps_growth_year": 60.87,
            "eps_4q": 1.26,
            "eps_4q_growth_year": 116.73,
            "roe": 8.4,
            "roe_4q": 14.76,
            "gross_profit": 40762,
            "gross_margin": 11.49,
            "gross_margin_4q_avg": 9.91,
            "net_income": 20641,
            "revenue": 354848,
            "common_shares": 278585,
            "book_valuer_per_share": 9.19,
            "book_valuer_per_share_4q_avg": 8.53,
            "equity": 255983,
            "current_ratio": 194.57,
            "debt_ratio": 40.26,
            "inventory_turnover_ratio": 3.15,
            "account_receivable_turnover_ratio": null,
            "reinvestment_rate": null,
            "research_to_sale_ratio": null,
            "price_fair": 48.16,
            "eps_avg_yearly": 1.38,
            "eps_latest_yearly": 2.96,
            "eps_growth_yearly": 1046.04
        },
        "20041": {
            "year_quarter": 20041,
            "year": 2004,
            "quarter": 1,
            "eps": 0.33,
            "eps_growth_year": 94.12,
            "eps_4q": 1.41,
            "eps_4q_growth_year": 157,
            "roe": 3.57,
            "roe_4q": 16.22,
            "gross_profit": 29928,
            "gross_margin": 8.01,
            "gross_margin_4q_avg": 9.61,
            "net_income": 9304,
            "revenue": 373613,
            "common_shares": 278585,
            "book_valuer_per_share": 9.52,
            "book_valuer_per_share_4q_avg": 8.88,
            "equity": 265288,
            "current_ratio": 174.45,
            "debt_ratio": 46.29,
            "inventory_turnover_ratio": 3.39,
            "account_receivable_turnover_ratio": null,
            "reinvestment_rate": null,
            "research_to_sale_ratio": null,
            "price_fair": 47.83,
            "eps_avg_yearly": 1.37,
            "eps_latest_yearly": 1.32,
            "eps_growth_yearly": 834.76
        },
        "20042": {
            "year_quarter": 20042,
            "year": 2004,
            "quarter": 2,
            "eps": 0.39,
            "eps_growth_year": 44.44,
            "eps_4q": 1.56,
            "eps_4q_growth_year": 61.7,
            "roe": 3.97,
            "roe_4q": 16.880000000000003,
            "gross_profit": 28797,
            "gross_margin": 6.64,
            "gross_margin_4q_avg": 8.61,
            "net_income": 10741,
            "revenue": 433881,
            "common_shares": 278585,
            "book_valuer_per_share": 9.91,
            "book_valuer_per_share_4q_avg": 9.27,
            "equity": 276028,
            "current_ratio": 169.07,
            "debt_ratio": 48.4,
            "inventory_turnover_ratio": 4.01,
            "account_receivable_turnover_ratio": null,
            "reinvestment_rate": null,
            "research_to_sale_ratio": null,
            "price_fair": 48.8,
            "eps_avg_yearly": 1.39,
            "eps_latest_yearly": 1.56,
            "eps_growth_yearly": 725.9
        },
        "20043": {
            "year_quarter": 20043,
            "year": 2004,
            "quarter": 3,
            "eps": 0.38,
            "eps_growth_year": 375,
            "eps_4q": 1.83,
            "eps_4q_growth_year": 84.85,
            "roe": 3.79,
            "roe_4q": 19.73,
            "gross_profit": 26558,
            "gross_margin": 19.44,
            "gross_margin_4q_avg": 11.4,
            "net_income": 10681,
            "revenue": 136595,
            "common_shares": 278585,
            "book_valuer_per_share": 10.32,
            "book_valuer_per_share_4q_avg": 9.74,
            "equity": 287502,
            "current_ratio": 229.39,
            "debt_ratio": 34.47,
            "inventory_turnover_ratio": 1.2,
            "account_receivable_turnover_ratio": null,
            "reinvestment_rate": null,
            "research_to_sale_ratio": null,
            "price_fair": 49.35,
            "eps_avg_yearly": 1.41,
            "eps_latest_yearly": 1.52,
            "eps_growth_yearly": 633.88
        },
        "20044": {
            "year_quarter": 20044,
            "year": 2004,
            "quarter": 4,
            "eps": 0.01,
            "eps_growth_year": -98.65,
            "eps_4q": 1.11,
            "eps_4q_growth_year": -11.9,
            "roe": 0.05,
            "roe_4q": 11.38,
            "gross_profit": 22747,
            "gross_margin": 17.03,
            "gross_margin_4q_avg": 12.78,
            "net_income": 147,
            "revenue": 133606,
            "common_shares": 278585,
            "book_valuer_per_share": 10.33,
            "book_valuer_per_share_4q_avg": 10.02,
            "equity": 287649,
            "current_ratio": 244.9,
            "debt_ratio": 32.21,
            "inventory_turnover_ratio": 1.17,
            "account_receivable_turnover_ratio": null,
            "reinvestment_rate": -76168.12,
            "research_to_sale_ratio": null,
            "price_fair": 44.02,
            "eps_avg_yearly": 1.26,
            "eps_latest_yearly": 0.04,
            "eps_growth_yearly": 520.18
        },
        "20051": {
            "year_quarter": 20051,
            "year": 2005,
            "quarter": 1,
            "eps": 0.2,
            "eps_growth_year": -39.39,
            "eps_4q": 0.98,
            "eps_4q_growth_year": -30.23,
            "roe": 1.9,
            "roe_4q": 9.71,
            "gross_profit": 26914,
            "gross_margin": 22.41,
            "gross_margin_4q_avg": 16.38,
            "net_income": 5507,
            "revenue": 120086,
            "common_shares": 278585,
            "book_valuer_per_share": 10.52,
            "book_valuer_per_share_4q_avg": 10.27,
            "equity": 293156,
            "current_ratio": 250.68,
            "debt_ratio": 31.58,
            "inventory_turnover_ratio": 1.01,
            "account_receivable_turnover_ratio": null,
            "reinvestment_rate": null,
            "research_to_sale_ratio": null,
            "price_fair": 42.42,
            "eps_avg_yearly": 1.21,
            "eps_latest_yearly": 0.8,
            "eps_growth_yearly": 1228.16
        },
        "20052": {
            "year_quarter": 20052,
            "year": 2005,
            "quarter": 2,
            "eps": -1.68,
            "eps_growth_year": -530.77,
            "eps_4q": -1.09,
            "eps_4q_growth_year": -170.18,
            "roe": -17.34,
            "roe_4q": -11.599999999999998,
            "gross_profit": 34887,
            "gross_margin": 27.5,
            "gross_margin_4q_avg": 21.6,
            "net_income": -46784,
            "revenue": 126877,
            "common_shares": 278585,
            "book_valuer_per_share": 8.84,
            "book_valuer_per_share_4q_avg": 10,
            "equity": 246372,
            "current_ratio": 238.96,
            "debt_ratio": 32.54,
            "inventory_turnover_ratio": 1.35,
            "account_receivable_turnover_ratio": null,
            "reinvestment_rate": null,
            "research_to_sale_ratio": null,
            "price_fair": 42.42,
            "eps_avg_yearly": 1.21,
            "eps_latest_yearly": 0.8,
            "eps_growth_yearly": 1228.16
        },
        "20053": {
            "year_quarter": 20053,
            "year": 2005,
            "quarter": 3,
            "eps": 0.09,
            "eps_growth_year": -76.32,
            "eps_4q": -1.37,
            "eps_4q_growth_year": -175.11,
            "roe": 1.02,
            "roe_4q": -14.37,
            "gross_profit": 21230,
            "gross_margin": 27.21,
            "gross_margin_4q_avg": 23.54,
            "net_income": 2531,
            "revenue": 78015,
            "common_shares": 278585,
            "book_valuer_per_share": 8.93,
            "book_valuer_per_share_4q_avg": 9.66,
            "equity": 248902,
            "current_ratio": 292.03,
            "debt_ratio": 31.05,
            "inventory_turnover_ratio": 1.06,
            "account_receivable_turnover_ratio": null,
            "reinvestment_rate": null,
            "research_to_sale_ratio": null,
            "price_fair": 42.42,
            "eps_avg_yearly": 1.21,
            "eps_latest_yearly": 0.8,
            "eps_growth_yearly": 1228.16
        },
        "20054": {
            "year_quarter": 20054,
            "year": 2005,
            "quarter": 4,
            "eps": 1.4,
            "eps_growth_year": 13900,
            "eps_4q": 0.01,
            "eps_4q_growth_year": -98.88,
            "roe": 14.56,
            "roe_4q": 0.14000000000000012,
            "gross_profit": 12386,
            "gross_margin": 6.86,
            "gross_margin_4q_avg": 21,
            "net_income": 39093,
            "revenue": 180463,
            "common_shares": 278585,
            "book_valuer_per_share": 10.34,
            "book_valuer_per_share_4q_avg": 9.66,
            "equity": 287996,
            "current_ratio": 239.15,
            "debt_ratio": 39.13,
            "inventory_turnover_ratio": 2.39,
            "account_receivable_turnover_ratio": null,
            "reinvestment_rate": -116.64,
            "research_to_sale_ratio": null,
            "price_fair": 56.38,
            "eps_avg_yearly": 1.61,
            "eps_latest_yearly": 5.6,
            "eps_growth_yearly": 1645.8
        },
        "20061": {
            "year_quarter": 20061,
            "year": 2006,
            "quarter": 1,
            "eps": 0.46,
            "eps_growth_year": 130,
            "eps_4q": 0.27,
            "eps_4q_growth_year": -72.18,
            "roe": 4.33,
            "roe_4q": 2.5700000000000003,
            "gross_profit": 44359,
            "gross_margin": 22.04,
            "gross_margin_4q_avg": 20.9,
            "net_income": 12733,
            "revenue": 201287,
            "common_shares": 278585,
            "book_valuer_per_share": 10.79,
            "book_valuer_per_share_4q_avg": 9.73,
            "equity": 300729,
            "current_ratio": 262.71,
            "debt_ratio": 35.66,
            "inventory_turnover_ratio": 2.14,
            "account_receivable_turnover_ratio": null,
            "reinvestment_rate": -90.68,
            "research_to_sale_ratio": null,
            "price_fair": 57.05,
            "eps_avg_yearly": 1.63,
            "eps_latest_yearly": 1.84,
            "eps_growth_yearly": 1486.27
        },
        "20062": {
            "year_quarter": 20062,
            "year": 2006,
            "quarter": 2,
            "eps": 1.06,
            "eps_growth_year": null,
            "eps_4q": 3.02,
            "eps_4q_growth_year": null,
            "roe": 9.33,
            "roe_4q": 29.24,
            "gross_profit": 65796,
            "gross_margin": 22.41,
            "gross_margin_4q_avg": 19.63,
            "net_income": 29441,
            "revenue": 293617,
            "common_shares": 278585,
            "book_valuer_per_share": 11.85,
            "book_valuer_per_share_4q_avg": 10.48,
            "equity": 330170,
            "current_ratio": 211.76,
            "debt_ratio": 45.01,
            "inventory_turnover_ratio": 2.38,
            "account_receivable_turnover_ratio": null,
            "reinvestment_rate": -65.67,
            "research_to_sale_ratio": null,
            "price_fair": 64.08,
            "eps_avg_yearly": 1.83,
            "eps_latest_yearly": 4.24,
            "eps_growth_yearly": 1412.08
        },
        "20063": {
            "year_quarter": 20063,
            "year": 2006,
            "quarter": 3,
            "eps": 2.18,
            "eps_growth_year": 2322.22,
            "eps_4q": 5.09,
            "eps_4q_growth_year": null,
            "roe": 16.87,
            "roe_4q": 45.09,
            "gross_profit": 102810,
            "gross_margin": 25.9,
            "gross_margin_4q_avg": 19.3,
            "net_income": 60833,
            "revenue": 396947,
            "common_shares": 278585,
            "book_valuer_per_share": 14.04,
            "book_valuer_per_share_4q_avg": 11.76,
            "equity": 391003,
            "current_ratio": 230.43,
            "debt_ratio": 42.15,
            "inventory_turnover_ratio": 2.88,
            "account_receivable_turnover_ratio": null,
            "reinvestment_rate": -43.22,
            "research_to_sale_ratio": null,
            "price_fair": 81.3,
            "eps_avg_yearly": 2.32,
            "eps_latest_yearly": 8.72,
            "eps_growth_yearly": 1341.4
        },
        "20064": {
            "year_quarter": 20064,
            "year": 2006,
            "quarter": 4,
            "eps": 1.52,
            "eps_growth_year": 8.57,
            "eps_4q": 5.23,
            "eps_4q_growth_year": 41947.16,
            "roe": 10.25,
            "roe_4q": 40.78,
            "gross_profit": 84972,
            "gross_margin": 28.86,
            "gross_margin_4q_avg": 24.8,
            "net_income": 42257,
            "revenue": 294466,
            "common_shares": 278585,
            "book_valuer_per_share": 15.55,
            "book_valuer_per_share_4q_avg": 13.06,
            "equity": 433260,
            "current_ratio": 253.69,
            "debt_ratio": 38.46,
            "inventory_turnover_ratio": 2.94,
            "account_receivable_turnover_ratio": null,
            "reinvestment_rate": -36.64,
            "research_to_sale_ratio": null,
            "price_fair": 91.9,
            "eps_avg_yearly": 2.63,
            "eps_latest_yearly": 6.08,
            "eps_growth_yearly": 1173.57
        },
        "20071": {
            "year_quarter": 20071,
            "year": 2007,
            "quarter": 1,
            "eps": 1.09,
            "eps_growth_year": 136.96,
            "eps_4q": 5.84,
            "eps_4q_growth_year": 2036.34,
            "roe": 6.77,
            "roe_4q": 43.22,
            "gross_profit": 56691,
            "gross_margin": 33.37,
            "gross_margin_4q_avg": 27.64,
            "net_income": 30382,
            "revenue": 169865,
            "common_shares": 278585,
            "book_valuer_per_share": 16.64,
            "book_valuer_per_share_4q_avg": 14.52,
            "equity": 463642,
            "current_ratio": 396.83,
            "debt_ratio": 25,
            "inventory_turnover_ratio": 2.3,
            "account_receivable_turnover_ratio": null,
            "reinvestment_rate": -32.49,
            "research_to_sale_ratio": null,
            "price_fair": 101.1,
            "eps_avg_yearly": 2.89,
            "eps_latest_yearly": 4.36,
            "eps_growth_yearly": 1183.5
        },
        "20072": {
            "year_quarter": 20072,
            "year": 2007,
            "quarter": 2,
            "eps": 0.39,
            "eps_growth_year": -63.21,
            "eps_4q": 5.24,
            "eps_4q_growth_year": 73.58,
            "roe": 2.33,
            "roe_4q": 36.22,
            "gross_profit": 43765,
            "gross_margin": 33.45,
            "gross_margin_4q_avg": 30.4,
            "net_income": 10739,
            "revenue": 130846,
            "common_shares": 278585,
            "book_valuer_per_share": 16.45,
            "book_valuer_per_share_4q_avg": 15.67,
            "equity": 458204,
            "current_ratio": 402.46,
            "debt_ratio": 24.75,
            "inventory_turnover_ratio": 2.31,
            "account_receivable_turnover_ratio": null,
            "reinvestment_rate": -31.9,
            "research_to_sale_ratio": null,
            "price_fair": 102.3,
            "eps_avg_yearly": 2.92,
            "eps_latest_yearly": 1.56,
            "eps_growth_yearly": 1148.34
        },
        "20073": {
            "year_quarter": 20073,
            "year": 2007,
            "quarter": 3,
            "eps": 0.76,
            "eps_growth_year": -65.14,
            "eps_4q": 3.24,
            "eps_4q_growth_year": -36.37,
            "roe": 5.42,
            "roe_4q": 24.77,
            "gross_profit": 55157,
            "gross_margin": 35.12,
            "gross_margin_4q_avg": 32.7,
            "net_income": 25549,
            "revenue": 157049,
            "common_shares": 337298,
            "book_valuer_per_share": 14.34,
            "book_valuer_per_share_4q_avg": 15.75,
            "equity": 483754,
            "current_ratio": 383.16,
            "debt_ratio": 25.89,
            "inventory_turnover_ratio": 2.37,
            "account_receivable_turnover_ratio": null,
            "reinvestment_rate": -28.68,
            "research_to_sale_ratio": null,
            "price_fair": 109.1,
            "eps_avg_yearly": 3.12,
            "eps_latest_yearly": 3.04,
            "eps_growth_yearly": 1195.55
        },
        "20074": {
            "year_quarter": 20074,
            "year": 2007,
            "quarter": 4,
            "eps": 1.02,
            "eps_growth_year": -32.89,
            "eps_4q": 2.99,
            "eps_4q_growth_year": -42.81,
            "roe": 6.9,
            "roe_4q": 21.42,
            "gross_profit": 63824,
            "gross_margin": 32.46,
            "gross_margin_4q_avg": 33.6,
            "net_income": 34548,
            "revenue": 196652,
            "common_shares": 337298,
            "book_valuer_per_share": 15.37,
            "book_valuer_per_share_4q_avg": 15.7,
            "equity": 518301,
            "current_ratio": 435.26,
            "debt_ratio": 23.09,
            "inventory_turnover_ratio": 3.31,
            "account_receivable_turnover_ratio": null,
            "reinvestment_rate": -17.98,
            "research_to_sale_ratio": null,
            "price_fair": 111.9,
            "eps_avg_yearly": 3.2,
            "eps_latest_yearly": 4.08,
            "eps_growth_yearly": 969.61
        },
        "20081": {
            "year_quarter": 20081,
            "year": 2008,
            "quarter": 1,
            "eps": 0.13,
            "eps_growth_year": -88.07,
            "eps_4q": 2.31,
            "eps_4q_growth_year": -60.55,
            "roe": 0.81,
            "roe_4q": 15.46,
            "gross_profit": 43684,
            "gross_margin": 32.81,
            "gross_margin_4q_avg": 33.46,
            "net_income": 4232,
            "revenue": 133139,
            "common_shares": 337298,
            "book_valuer_per_share": 15.49,
            "book_valuer_per_share_4q_avg": 15.41,
            "equity": 522533,
            "current_ratio": 380.88,
            "debt_ratio": 26.17,
            "inventory_turnover_ratio": 1.48,
            "account_receivable_turnover_ratio": null,
            "reinvestment_rate": -17.19,
            "research_to_sale_ratio": null,
            "price_fair": 109.9,
            "eps_avg_yearly": 3.14,
            "eps_latest_yearly": 0.52,
            "eps_growth_yearly": 960.51
        },
        "20082": {
            "year_quarter": 20082,
            "year": 2008,
            "quarter": 2,
            "eps": 0.63,
            "eps_growth_year": 61.54,
            "eps_4q": 2.55,
            "eps_4q_growth_year": -51.38,
            "roe": 4.34,
            "roe_4q": 17.47,
            "gross_profit": 55391,
            "gross_margin": 22.14,
            "gross_margin_4q_avg": 30.63,
            "net_income": 21149,
            "revenue": 250142,
            "common_shares": 337298,
            "book_valuer_per_share": 13.43,
            "book_valuer_per_share_4q_avg": 14.66,
            "equity": 453010,
            "current_ratio": 227.15,
            "debt_ratio": 43.18,
            "inventory_turnover_ratio": 1.69,
            "account_receivable_turnover_ratio": null,
            "reinvestment_rate": -16.64,
            "research_to_sale_ratio": null,
            "price_fair": 112.3,
            "eps_avg_yearly": 3.21,
            "eps_latest_yearly": 2.52,
            "eps_growth_yearly": 1065.21
        },
        "20083": {
            "year_quarter": 20083,
            "year": 2008,
            "quarter": 3,
            "eps": 1.35,
            "eps_growth_year": 77.63,
            "eps_4q": 3.13,
            "eps_4q_growth_year": -3.31,
            "roe": 9.54,
            "roe_4q": 21.59,
            "gross_profit": 106815,
            "gross_margin": 20.71,
            "gross_margin_4q_avg": 27.03,
            "net_income": 45375,
            "revenue": 515814,
            "common_shares": 337298,
            "book_valuer_per_share": 14.78,
            "book_valuer_per_share_4q_avg": 14.77,
            "equity": 498385,
            "current_ratio": 207.37,
            "debt_ratio": 47.42,
            "inventory_turnover_ratio": 2.2,
            "account_receivable_turnover_ratio": null,
            "reinvestment_rate": -14.8,
            "research_to_sale_ratio": null,
            "price_fair": 122,
            "eps_avg_yearly": 3.49,
            "eps_latest_yearly": 5.4,
            "eps_growth_yearly": 1098.6
        },
        "20084": {
            "year_quarter": 20084,
            "year": 2008,
            "quarter": 4,
            "eps": 0.55,
            "eps_growth_year": -46.08,
            "eps_4q": 2.63,
            "eps_4q_growth_year": -11.93,
            "roe": 3.68,
            "roe_4q": 18.369999999999997,
            "gross_profit": 83992,
            "gross_margin": 18.23,
            "gross_margin_4q_avg": 23.47,
            "net_income": 18692,
            "revenue": 460655,
            "common_shares": 337298,
            "book_valuer_per_share": 15.33,
            "book_valuer_per_share_4q_avg": 14.76,
            "equity": 517077,
            "current_ratio": 307.83,
            "debt_ratio": 32.15,
            "inventory_turnover_ratio": 2.32,
            "account_receivable_turnover_ratio": 2.73,
            "reinvestment_rate": -13.94,
            "research_to_sale_ratio": null,
            "price_fair": 127.4,
            "eps_avg_yearly": 3.64,
            "eps_latest_yearly": 2.2,
            "eps_growth_yearly": 1109.48
        },
        "20091": {
            "year_quarter": 20091,
            "year": 2009,
            "quarter": 1,
            "eps": 0.47,
            "eps_growth_year": 261.54,
            "eps_4q": 2.99,
            "eps_4q_growth_year": 29.74,
            "roe": 3.02,
            "roe_4q": 20.58,
            "gross_profit": 34306,
            "gross_margin": 20.32,
            "gross_margin_4q_avg": 20.35,
            "net_income": 15882,
            "revenue": 168859,
            "common_shares": 337298,
            "book_valuer_per_share": 15.8,
            "book_valuer_per_share_4q_avg": 14.84,
            "equity": 532959,
            "current_ratio": 449.47,
            "debt_ratio": 22.5,
            "inventory_turnover_ratio": 1.78,
            "account_receivable_turnover_ratio": 0.82,
            "reinvestment_rate": -21.64,
            "research_to_sale_ratio": null,
            "price_fair": 130.1,
            "eps_avg_yearly": 3.72,
            "eps_latest_yearly": 1.88,
            "eps_growth_yearly": 562.47
        },
        "20092": {
            "year_quarter": 20092,
            "year": 2009,
            "quarter": 2,
            "eps": -0.44,
            "eps_growth_year": -169.84,
            "eps_4q": 1.93,
            "eps_4q_growth_year": -24.2,
            "roe": -2.97,
            "roe_4q": 13.27,
            "gross_profit": 24794,
            "gross_margin": 17.51,
            "gross_margin_4q_avg": 19.19,
            "net_income": -14849,
            "revenue": 141609,
            "common_shares": 337298,
            "book_valuer_per_share": 13.86,
            "book_valuer_per_share_4q_avg": 14.94,
            "equity": 467515,
            "current_ratio": 364.73,
            "debt_ratio": 27.51,
            "inventory_turnover_ratio": 2.65,
            "account_receivable_turnover_ratio": 2.02,
            "reinvestment_rate": -20.12,
            "research_to_sale_ratio": null,
            "price_fair": 130.1,
            "eps_avg_yearly": 3.72,
            "eps_latest_yearly": 1.88,
            "eps_growth_yearly": 562.47
        },
        "20093": {
            "year_quarter": 20093,
            "year": 2009,
            "quarter": 3,
            "eps": -0.06,
            "eps_growth_year": -104.44,
            "eps_4q": 0.52,
            "eps_4q_growth_year": -83.35,
            "roe": -0.46,
            "roe_4q": 3.27,
            "gross_profit": 22594,
            "gross_margin": 24.68,
            "gross_margin_4q_avg": 20.19,
            "net_income": -2134,
            "revenue": 91544,
            "common_shares": 337298,
            "book_valuer_per_share": 13.8,
            "book_valuer_per_share_4q_avg": 14.7,
            "equity": 465382,
            "current_ratio": 545.06,
            "debt_ratio": 19.01,
            "inventory_turnover_ratio": 1.95,
            "account_receivable_turnover_ratio": 2.22,
            "reinvestment_rate": -9.81,
            "research_to_sale_ratio": null,
            "price_fair": 130.1,
            "eps_avg_yearly": 3.72,
            "eps_latest_yearly": 1.88,
            "eps_growth_yearly": 562.47
        },
        "20094": {
            "year_quarter": 20094,
            "year": 2009,
            "quarter": 4,
            "eps": 0.18,
            "eps_growth_year": -67.27,
            "eps_4q": 0.15,
            "eps_4q_growth_year": -94.22,
            "roe": 1.33,
            "roe_4q": 0.9199999999999999,
            "gross_profit": 23691,
            "gross_margin": 25.86,
            "gross_margin_4q_avg": 22.09,
            "net_income": 6230,
            "revenue": 91630,
            "common_shares": 337298,
            "book_valuer_per_share": 13.98,
            "book_valuer_per_share_4q_avg": 14.36,
            "equity": 471611,
            "current_ratio": 600.12,
            "debt_ratio": 17.55,
            "inventory_turnover_ratio": 2.07,
            "account_receivable_turnover_ratio": 5.46,
            "reinvestment_rate": -1.05,
            "research_to_sale_ratio": null,
            "price_fair": 125.03,
            "eps_avg_yearly": 3.57,
            "eps_latest_yearly": 1.88,
            "eps_growth_yearly": 157.87
        },
        "20101": {
            "year_quarter": 20101,
            "year": 2010,
            "quarter": 1,
            "eps": -0.07,
            "eps_growth_year": -114.89,
            "eps_4q": -0.39,
            "eps_4q_growth_year": -112.9,
            "roe": -0.48,
            "roe_4q": -2.58,
            "gross_profit": 22560,
            "gross_margin": 31.78,
            "gross_margin_4q_avg": 24.96,
            "net_income": -2262,
            "revenue": 70994,
            "common_shares": 337298,
            "book_valuer_per_share": 13.91,
            "book_valuer_per_share_4q_avg": 13.89,
            "equity": 469349,
            "current_ratio": 693.4,
            "debt_ratio": 15.44,
            "inventory_turnover_ratio": 1.65,
            "account_receivable_turnover_ratio": 3.07,
            "reinvestment_rate": -1.3,
            "research_to_sale_ratio": 12.65,
            "price_fair": 130.08,
            "eps_avg_yearly": 3.72,
            "eps_latest_yearly": 1.88,
            "eps_growth_yearly": 193.41
        },
        "20102": {
            "year_quarter": 20102,
            "year": 2010,
            "quarter": 2,
            "eps": -0.04,
            "eps_growth_year": null,
            "eps_4q": 0.01,
            "eps_4q_growth_year": -99.48,
            "roe": -0.33,
            "roe_4q": 0.06,
            "gross_profit": 35901,
            "gross_margin": 33.77,
            "gross_margin_4q_avg": 29.02,
            "net_income": -1493,
            "revenue": 106315,
            "common_shares": 337298,
            "book_valuer_per_share": 12.87,
            "book_valuer_per_share_4q_avg": 13.64,
            "equity": 434126,
            "current_ratio": 395.88,
            "debt_ratio": 25.75,
            "inventory_turnover_ratio": 2.09,
            "account_receivable_turnover_ratio": 5.25,
            "reinvestment_rate": -1.39,
            "research_to_sale_ratio": 9.15,
            "price_fair": 128.42,
            "eps_avg_yearly": 3.67,
            "eps_latest_yearly": 1.88,
            "eps_growth_yearly": 163.56
        },
        "20103": {
            "year_quarter": 20103,
            "year": 2010,
            "quarter": 3,
            "eps": -0.12,
            "eps_growth_year": null,
            "eps_4q": -0.05,
            "eps_4q_growth_year": -109.39,
            "roe": -0.96,
            "roe_4q": -0.43999999999999995,
            "gross_profit": 24877,
            "gross_margin": 34.94,
            "gross_margin_4q_avg": 31.59,
            "net_income": -4127,
            "revenue": 71192,
            "common_shares": 337298,
            "book_valuer_per_share": 12.75,
            "book_valuer_per_share_4q_avg": 13.38,
            "equity": 430000,
            "current_ratio": 567.78,
            "debt_ratio": 18.45,
            "inventory_turnover_ratio": 1.16,
            "account_receivable_turnover_ratio": 3.01,
            "reinvestment_rate": -2.28,
            "research_to_sale_ratio": 11.36,
            "price_fair": 110.74,
            "eps_avg_yearly": 3.16,
            "eps_latest_yearly": 1.88,
            "eps_growth_yearly": 137.66
        },
        "20104": {
            "year_quarter": 20104,
            "year": 2010,
            "quarter": 4,
            "eps": -0.11,
            "eps_growth_year": -162.94,
            "eps_4q": -0.35,
            "eps_4q_growth_year": -328.17,
            "roe": -0.89,
            "roe_4q": -2.66,
            "gross_profit": 16317,
            "gross_margin": 23.1,
            "gross_margin_4q_avg": 30.9,
            "net_income": -3821,
            "revenue": 70628,
            "common_shares": 337298,
            "book_valuer_per_share": 12.64,
            "book_valuer_per_share_4q_avg": 13.04,
            "equity": 426178,
            "current_ratio": 732.62,
            "debt_ratio": 15.07,
            "inventory_turnover_ratio": 1.53,
            "account_receivable_turnover_ratio": 3.79,
            "reinvestment_rate": -2.74,
            "research_to_sale_ratio": 11.99,
            "price_fair": 99.4,
            "eps_avg_yearly": 2.84,
            "eps_latest_yearly": 1.88,
            "eps_growth_yearly": 166.41
        },
        "20111": {
            "year_quarter": 20111,
            "year": 2011,
            "quarter": 1,
            "eps": -0.08,
            "eps_growth_year": null,
            "eps_4q": -0.36,
            "eps_4q_growth_year": null,
            "roe": -0.66,
            "roe_4q": -2.84,
            "gross_profit": 19171,
            "gross_margin": 28.97,
            "gross_margin_4q_avg": 30.2,
            "net_income": -2793,
            "revenue": 66175,
            "common_shares": 337298,
            "book_valuer_per_share": 12.55,
            "book_valuer_per_share_4q_avg": 12.7,
            "equity": 423385,
            "current_ratio": 626.33,
            "debt_ratio": 17.24,
            "inventory_turnover_ratio": 1.52,
            "account_receivable_turnover_ratio": 4.02,
            "reinvestment_rate": -3.41,
            "research_to_sale_ratio": 12.98,
            "price_fair": 92.75,
            "eps_avg_yearly": 2.65,
            "eps_latest_yearly": 1.88,
            "eps_growth_yearly": 201.35
        },
        "20112": {
            "year_quarter": 20112,
            "year": 2011,
            "quarter": 2,
            "eps": -0.16,
            "eps_growth_year": null,
            "eps_4q": -0.48,
            "eps_4q_growth_year": -4814.25,
            "roe": -1.27,
            "roe_4q": -3.7800000000000002,
            "gross_profit": 24357,
            "gross_margin": 28.78,
            "gross_margin_4q_avg": 28.95,
            "net_income": -5335,
            "revenue": 84627,
            "common_shares": 337298,
            "book_valuer_per_share": 12.39,
            "book_valuer_per_share_4q_avg": 12.58,
            "equity": 418050,
            "current_ratio": 575.82,
            "debt_ratio": 18.65,
            "inventory_turnover_ratio": 1.65,
            "account_receivable_turnover_ratio": 4.43,
            "reinvestment_rate": -3.3,
            "research_to_sale_ratio": 11.41,
            "price_fair": 98.2,
            "eps_avg_yearly": 2.81,
            "eps_latest_yearly": 1.88,
            "eps_growth_yearly": 266.81
        },
        "20113": {
            "year_quarter": 20113,
            "year": 2011,
            "quarter": 3,
            "eps": 0.13,
            "eps_growth_year": null,
            "eps_4q": -0.22,
            "eps_4q_growth_year": null,
            "roe": 1.08,
            "roe_4q": -1.74,
            "gross_profit": 17866,
            "gross_margin": 25.85,
            "gross_margin_4q_avg": 26.68,
            "net_income": 4526,
            "revenue": 69127,
            "common_shares": 337298,
            "book_valuer_per_share": 12.53,
            "book_valuer_per_share_4q_avg": 12.53,
            "equity": 422577,
            "current_ratio": 575.69,
            "debt_ratio": 18.67,
            "inventory_turnover_ratio": 1.37,
            "account_receivable_turnover_ratio": 3.73,
            "reinvestment_rate": -4.12,
            "research_to_sale_ratio": 11.98,
            "price_fair": 96.83,
            "eps_avg_yearly": 2.77,
            "eps_latest_yearly": 1.88,
            "eps_growth_yearly": 248.03
        },
        "20114": {
            "year_quarter": 20114,
            "year": 2011,
            "quarter": 4,
            "eps": -0.04,
            "eps_growth_year": null,
            "eps_4q": -0.14,
            "eps_4q_growth_year": null,
            "roe": -0.3,
            "roe_4q": -1.15,
            "gross_profit": 22490,
            "gross_margin": 32.7,
            "gross_margin_4q_avg": 29.08,
            "net_income": -1264,
            "revenue": 68770,
            "common_shares": 337298,
            "book_valuer_per_share": 12.49,
            "book_valuer_per_share_4q_avg": 12.49,
            "equity": 421233,
            "current_ratio": 611.64,
            "debt_ratio": 17.77,
            "inventory_turnover_ratio": 1.36,
            "account_receivable_turnover_ratio": 3.69,
            "reinvestment_rate": -5.62,
            "research_to_sale_ratio": 13.75,
            "price_fair": 87.64,
            "eps_avg_yearly": 2.5,
            "eps_latest_yearly": 1.88,
            "eps_growth_yearly": 270.27
        },
        "20121": {
            "year_quarter": 20121,
            "year": 2012,
            "quarter": 1,
            "eps": -0.33,
            "eps_growth_year": null,
            "eps_4q": -0.39,
            "eps_4q_growth_year": null,
            "roe": -2.68,
            "roe_4q": -3.17,
            "gross_profit": 20833,
            "gross_margin": 31.45,
            "gross_margin_4q_avg": 29.7,
            "net_income": -11145,
            "revenue": 66236,
            "common_shares": 337298,
            "book_valuer_per_share": 12.16,
            "book_valuer_per_share_4q_avg": 12.39,
            "equity": 410088,
            "current_ratio": 541.38,
            "debt_ratio": 19.78,
            "inventory_turnover_ratio": 1.23,
            "account_receivable_turnover_ratio": 3.34,
            "reinvestment_rate": -14.82,
            "research_to_sale_ratio": 16.22,
            "price_fair": 105,
            "eps_avg_yearly": 3,
            "eps_latest_yearly": 1.88,
            "eps_growth_yearly": 425.1
        },
        "20122": {
            "year_quarter": 20122,
            "year": 2012,
            "quarter": 2,
            "eps": 0.38,
            "eps_growth_year": null,
            "eps_4q": 0.15,
            "eps_4q_growth_year": null,
            "roe": 3.08,
            "roe_4q": 1.18,
            "gross_profit": 34640,
            "gross_margin": 34.31,
            "gross_margin_4q_avg": 31.08,
            "net_income": 12824,
            "revenue": 100960,
            "common_shares": 337298,
            "book_valuer_per_share": 12.54,
            "book_valuer_per_share_4q_avg": 12.43,
            "equity": 422912,
            "current_ratio": 500.32,
            "debt_ratio": 21.12,
            "inventory_turnover_ratio": 1.43,
            "account_receivable_turnover_ratio": 8.86,
            "reinvestment_rate": -16.58,
            "research_to_sale_ratio": 10.58,
            "price_fair": 110.6,
            "eps_avg_yearly": 3.16,
            "eps_latest_yearly": 1.88,
            "eps_growth_yearly": 53.97
        },
        "20123": {
            "year_quarter": 20123,
            "year": 2012,
            "quarter": 3,
            "eps": 0.27,
            "eps_growth_year": 97.66,
            "eps_4q": 0.28,
            "eps_4q_growth_year": null,
            "roe": 2.09,
            "roe_4q": 2.19,
            "gross_profit": 43171,
            "gross_margin": 31.11,
            "gross_margin_4q_avg": 32.39,
            "net_income": 8946,
            "revenue": 138770,
            "common_shares": 337298,
            "book_valuer_per_share": 12.8,
            "book_valuer_per_share_4q_avg": 12.5,
            "equity": 431858,
            "current_ratio": 423.02,
            "debt_ratio": 24.69,
            "inventory_turnover_ratio": 2.01,
            "account_receivable_turnover_ratio": 6.18,
            "reinvestment_rate": -45.07,
            "research_to_sale_ratio": 7.68,
            "price_fair": 5.16,
            "eps_avg_yearly": 1.72,
            "eps_latest_yearly": 1.08,
            "eps_growth_yearly": -137
        },
        "20124": {
            "year_quarter": 20124,
            "year": 2012,
            "quarter": 4,
            "eps": 0.74,
            "eps_growth_year": null,
            "eps_4q": 1.05,
            "eps_4q_growth_year": null,
            "roe": 5.59,
            "roe_4q": 8.08,
            "gross_profit": 57535,
            "gross_margin": 31.22,
            "gross_margin_4q_avg": 32.02,
            "net_income": 24842,
            "revenue": 184267,
            "common_shares": 337298,
            "book_valuer_per_share": 13.54,
            "book_valuer_per_share_4q_avg": 12.76,
            "equity": 456779,
            "current_ratio": 359.21,
            "debt_ratio": 27.91,
            "inventory_turnover_ratio": 2.85,
            "account_receivable_turnover_ratio": 6.69,
            "reinvestment_rate": -33.92,
            "research_to_sale_ratio": 6.98,
            "price_fair": 69.07,
            "eps_avg_yearly": 1.97,
            "eps_latest_yearly": 2.96,
            "eps_growth_yearly": 174.11
        },
        "20131": {
            "year_quarter": 20131,
            "year": 2013,
            "quarter": 1,
            "eps": 0.79,
            "eps_growth_year": null,
            "eps_4q": 2.17,
            "eps_4q_growth_year": null,
            "roe": 5.67,
            "roe_4q": 16.43,
            "gross_profit": 55848,
            "gross_margin": 33.65,
            "gross_margin_4q_avg": 32.57,
            "net_income": 26483,
            "revenue": 165967,
            "common_shares": 337298,
            "book_valuer_per_share": 14.17,
            "book_valuer_per_share_4q_avg": 13.26,
            "equity": 477841,
            "current_ratio": 372.55,
            "debt_ratio": 29.05,
            "inventory_turnover_ratio": 1.8,
            "account_receivable_turnover_ratio": 10.68,
            "reinvestment_rate": -22.08,
            "research_to_sale_ratio": 6.67,
            "price_fair": 84,
            "eps_avg_yearly": 2.4,
            "eps_latest_yearly": 3.16,
            "eps_growth_yearly": 202.51
        },
        "20132": {
            "year_quarter": 20132,
            "year": 2013,
            "quarter": 2,
            "eps": 0.59,
            "eps_growth_year": 55.18,
            "eps_4q": 2.38,
            "eps_4q_growth_year": 1522.26,
            "roe": 4.19,
            "roe_4q": 17.54,
            "gross_profit": 57450,
            "gross_margin": 34.47,
            "gross_margin_4q_avg": 32.61,
            "net_income": 19885,
            "revenue": 166646,
            "common_shares": 337298,
            "book_valuer_per_share": 13.96,
            "book_valuer_per_share_4q_avg": 13.62,
            "equity": 470742,
            "current_ratio": 370.13,
            "debt_ratio": 29.18,
            "inventory_turnover_ratio": 1.45,
            "account_receivable_turnover_ratio": 8.41,
            "reinvestment_rate": -11.06,
            "research_to_sale_ratio": 7.16,
            "price_fair": 83.65,
            "eps_avg_yearly": 2.39,
            "eps_latest_yearly": 2.36,
            "eps_growth_yearly": 126.57
        },
        "20133": {
            "year_quarter": 20133,
            "year": 2013,
            "quarter": 3,
            "eps": 0.61,
            "eps_growth_year": 129.99,
            "eps_4q": 2.72,
            "eps_4q_growth_year": 880.31,
            "roe": 4.27,
            "roe_4q": 19.72,
            "gross_profit": 58511,
            "gross_margin": 36.89,
            "gross_margin_4q_avg": 34.06,
            "net_income": 20557,
            "revenue": 158610,
            "common_shares": 337298,
            "book_valuer_per_share": 14.57,
            "book_valuer_per_share_4q_avg": 14.06,
            "equity": 491299,
            "current_ratio": 353.28,
            "debt_ratio": 30.72,
            "inventory_turnover_ratio": 1.24,
            "account_receivable_turnover_ratio": 9.04,
            "reinvestment_rate": -4.37,
            "research_to_sale_ratio": 7.5,
            "price_fair": 84,
            "eps_avg_yearly": 2.4,
            "eps_latest_yearly": 2.44,
            "eps_growth_yearly": 103.97
        },
        "20134": {
            "year_quarter": 20134,
            "year": 2013,
            "quarter": 4,
            "eps": 0.69,
            "eps_growth_year": -6.18,
            "eps_4q": 2.68,
            "eps_4q_growth_year": 154.41,
            "roe": 4.63,
            "roe_4q": 18.759999999999998,
            "gross_profit": 51569,
            "gross_margin": 29.5,
            "gross_margin_4q_avg": 33.63,
            "net_income": 23307,
            "revenue": 174831,
            "common_shares": 337298,
            "book_valuer_per_share": 15.26,
            "book_valuer_per_share_4q_avg": 14.49,
            "equity": 514551,
            "current_ratio": 410.16,
            "debt_ratio": 26.72,
            "inventory_turnover_ratio": 1.57,
            "account_receivable_turnover_ratio": 27.52,
            "reinvestment_rate": -3.57,
            "research_to_sale_ratio": 8.46,
            "price_fair": 86.1,
            "eps_avg_yearly": 2.46,
            "eps_latest_yearly": 2.76,
            "eps_growth_yearly": 95.38
        },
        "20141": {
            "year_quarter": 20141,
            "year": 2014,
            "quarter": 1,
            "eps": 0.52,
            "eps_growth_year": -34.18,
            "eps_4q": 2.41,
            "eps_4q_growth_year": 11.29,
            "roe": 3.36,
            "roe_4q": 16.45,
            "gross_profit": 48963,
            "gross_margin": 35.9,
            "gross_margin_4q_avg": 34.19,
            "net_income": 17598,
            "revenue": 136382,
            "common_shares": 337298,
            "book_valuer_per_share": 15.78,
            "book_valuer_per_share_4q_avg": 14.89,
            "equity": 532149,
            "current_ratio": 441.15,
            "debt_ratio": 25.21,
            "inventory_turnover_ratio": 1.19,
            "account_receivable_turnover_ratio": 13.54,
            "reinvestment_rate": -3,
            "research_to_sale_ratio": 10.69,
            "price_fair": 84.2,
            "eps_avg_yearly": 2.41,
            "eps_latest_yearly": 2.08,
            "eps_growth_yearly": 67.68
        },
        "20142": {
            "year_quarter": 20142,
            "year": 2014,
            "quarter": 2,
            "eps": 0.44,
            "eps_growth_year": -25.42,
            "eps_4q": 2.26,
            "eps_4q_growth_year": -4.76,
            "roe": 2.99,
            "roe_4q": 15.25,
            "gross_profit": 52586,
            "gross_margin": 33.52,
            "gross_margin_4q_avg": 33.95,
            "net_income": 14876,
            "revenue": 156872,
            "common_shares": 337298,
            "book_valuer_per_share": 13.72,
            "book_valuer_per_share_4q_avg": 14.83,
            "equity": 462701,
            "current_ratio": 289.76,
            "debt_ratio": 36.52,
            "inventory_turnover_ratio": 1.33,
            "account_receivable_turnover_ratio": 7.65,
            "reinvestment_rate": -2.6,
            "research_to_sale_ratio": 8.75,
            "price_fair": 81.38,
            "eps_avg_yearly": 2.33,
            "eps_latest_yearly": 1.76,
            "eps_growth_yearly": 51.52
        },
        "20143": {
            "year_quarter": 20143,
            "year": 2014,
            "quarter": 3,
            "eps": 1.05,
            "eps_growth_year": 72.13,
            "eps_4q": 2.71,
            "eps_4q_growth_year": -0.54,
            "roe": 7.39,
            "roe_4q": 18.369999999999997,
            "gross_profit": 71625,
            "gross_margin": 38.54,
            "gross_margin_4q_avg": 34.37,
            "net_income": 35492,
            "revenue": 185853,
            "common_shares": 337298,
            "book_valuer_per_share": 14.77,
            "book_valuer_per_share_4q_avg": 14.88,
            "equity": 498193,
            "current_ratio": 347.34,
            "debt_ratio": 31.28,
            "inventory_turnover_ratio": 1.28,
            "account_receivable_turnover_ratio": 13.2,
            "reinvestment_rate": -2.03,
            "research_to_sale_ratio": 7.46,
            "price_fair": 88.67,
            "eps_avg_yearly": 2.53,
            "eps_latest_yearly": 4.2,
            "eps_growth_yearly": 107.42
        },
        "20144": {
            "year_quarter": 20144,
            "year": 2014,
            "quarter": 4,
            "eps": 2.14,
            "eps_growth_year": 209.75,
            "eps_4q": 4.16,
            "eps_4q_growth_year": 55.33,
            "roe": 13.52,
            "roe_4q": 27.259999999999998,
            "gross_profit": 119621,
            "gross_margin": 36.9,
            "gross_margin_4q_avg": 36.22,
            "net_income": 72193,
            "revenue": 324200,
            "common_shares": 337298,
            "book_valuer_per_share": 16.9,
            "book_valuer_per_share_4q_avg": 15.29,
            "equity": 569957,
            "current_ratio": 317.69,
            "debt_ratio": 33.64,
            "inventory_turnover_ratio": 2.06,
            "account_receivable_turnover_ratio": 88.87,
            "reinvestment_rate": -1.56,
            "research_to_sale_ratio": 5.75,
            "price_fair": 109.76,
            "eps_avg_yearly": 3.14,
            "eps_latest_yearly": 8.56,
            "eps_growth_yearly": 138.2
        },
        "20151": {
            "year_quarter": 20151,
            "year": 2015,
            "quarter": 1,
            "eps": 1.72,
            "eps_growth_year": 230.77,
            "eps_4q": 5.35,
            "eps_4q_growth_year": 122.03,
            "roe": 9.69,
            "roe_4q": 33.59,
            "gross_profit": 108527,
            "gross_margin": 38.07,
            "gross_margin_4q_avg": 36.76,
            "net_income": 58054,
            "revenue": 285043,
            "common_shares": 337298,
            "book_valuer_per_share": 18.62,
            "book_valuer_per_share_4q_avg": 16,
            "equity": 628011,
            "current_ratio": 352.1,
            "debt_ratio": 30.55,
            "inventory_turnover_ratio": 1.7,
            "account_receivable_turnover_ratio": 66.44,
            "reinvestment_rate": -1.03,
            "research_to_sale_ratio": 5.26,
            "price_fair": 121.67,
            "eps_avg_yearly": 3.48,
            "eps_latest_yearly": 6.88,
            "eps_growth_yearly": 118.5
        },
        "20152": {
            "year_quarter": 20152,
            "year": 2015,
            "quarter": 2,
            "eps": 0.92,
            "eps_growth_year": 109.09,
            "eps_4q": 5.84,
            "eps_4q_growth_year": 157.85,
            "roe": 5.32,
            "roe_4q": 35.92,
            "gross_profit": 81742,
            "gross_margin": 38.52,
            "gross_margin_4q_avg": 38.01,
            "net_income": 31100,
            "revenue": 212233,
            "common_shares": 337298,
            "book_valuer_per_share": 16.04,
            "book_valuer_per_share_4q_avg": 16.58,
            "equity": 541057,
            "current_ratio": 258.74,
            "debt_ratio": 40.62,
            "inventory_turnover_ratio": 1.03,
            "account_receivable_turnover_ratio": 28.56,
            "reinvestment_rate": -0.43,
            "research_to_sale_ratio": 7.5,
            "price_fair": 122.27,
            "eps_avg_yearly": 3.49,
            "eps_latest_yearly": 3.68,
            "eps_growth_yearly": 93.12
        },
        "20153": {
            "year_quarter": 20153,
            "year": 2015,
            "quarter": 3,
            "eps": 2.24,
            "eps_growth_year": 113.33,
            "eps_4q": 7.02,
            "eps_4q_growth_year": 159.58,
            "roe": 13.06,
            "roe_4q": 41.59,
            "gross_profit": 119175,
            "gross_margin": 42.6,
            "gross_margin_4q_avg": 39.02,
            "net_income": 75581,
            "revenue": 279785,
            "common_shares": 337298,
            "book_valuer_per_share": 18.28,
            "book_valuer_per_share_4q_avg": 17.46,
            "equity": 616638,
            "current_ratio": 375.84,
            "debt_ratio": 29.46,
            "inventory_turnover_ratio": 1.18,
            "account_receivable_turnover_ratio": 30.6,
            "reinvestment_rate": -0.33,
            "research_to_sale_ratio": 5.71,
            "price_fair": 136.98,
            "eps_avg_yearly": 3.91,
            "eps_latest_yearly": 8.96,
            "eps_growth_yearly": 130.1
        },
        "20154": {
            "year_quarter": 20154,
            "year": 2015,
            "quarter": 4,
            "eps": 1.46,
            "eps_growth_year": -31.99,
            "eps_4q": 6.34,
            "eps_4q_growth_year": 52.57,
            "roe": 7.67,
            "roe_4q": 35.74,
            "gross_profit": 110562,
            "gross_margin": 44.36,
            "gross_margin_4q_avg": 40.89,
            "net_income": 49101,
            "revenue": 249218,
            "common_shares": 337298,
            "book_valuer_per_share": 19.7,
            "book_valuer_per_share_4q_avg": 18.16,
            "equity": 664329,
            "current_ratio": 381.9,
            "debt_ratio": 29.11,
            "inventory_turnover_ratio": 1.13,
            "account_receivable_turnover_ratio": 29.84,
            "reinvestment_rate": -0.33,
            "research_to_sale_ratio": 10.84,
            "price_fair": 141.8,
            "eps_avg_yearly": 4.05,
            "eps_latest_yearly": 5.84,
            "eps_growth_yearly": 110.86
        },
        "20161": {
            "year_quarter": 20161,
            "year": 2016,
            "quarter": 1,
            "eps": 1.73,
            "eps_growth_year": 0.58,
            "eps_4q": 6.35,
            "eps_4q_growth_year": 18.65,
            "roe": 8.44,
            "roe_4q": 34.49,
            "gross_profit": 119142,
            "gross_margin": 50.43,
            "gross_margin_4q_avg": 43.98,
            "net_income": 58512,
            "revenue": 236242,
            "common_shares": 337298,
            "book_valuer_per_share": 21.43,
            "book_valuer_per_share_4q_avg": 18.86,
            "equity": 722841,
            "current_ratio": 397.89,
            "debt_ratio": 27.38,
            "inventory_turnover_ratio": 0.85,
            "account_receivable_turnover_ratio": 24.84,
            "reinvestment_rate": -0.02,
            "research_to_sale_ratio": 7.51,
            "price_fair": 148.49,
            "eps_avg_yearly": 4.24,
            "eps_latest_yearly": 6.92,
            "eps_growth_yearly": 108.4
        },
        "20162": {
            "year_quarter": 20162,
            "year": 2016,
            "quarter": 2,
            "eps": 1.64,
            "eps_growth_year": 78.26,
            "eps_4q": 7.07,
            "eps_4q_growth_year": 21.22,
            "roe": 8.15,
            "roe_4q": 37.32,
            "gross_profit": 114983,
            "gross_margin": 43.96,
            "gross_margin_4q_avg": 45.34,
            "net_income": 55412,
            "revenue": 261548,
            "common_shares": 337298,
            "book_valuer_per_share": 18.87,
            "book_valuer_per_share_4q_avg": 19.57,
            "equity": 636588,
            "current_ratio": 270.58,
            "debt_ratio": 38.64,
            "inventory_turnover_ratio": 1.02,
            "account_receivable_turnover_ratio": 18.08,
            "reinvestment_rate": 0.11,
            "research_to_sale_ratio": 7.24,
            "price_fair": 153.56,
            "eps_avg_yearly": 4.39,
            "eps_latest_yearly": 6.56,
            "eps_growth_yearly": 100.33
        },
        "20163": {
            "year_quarter": 20163,
            "year": 2016,
            "quarter": 3,
            "eps": 1.5,
            "eps_growth_year": -33.04,
            "eps_4q": 6.33,
            "eps_4q_growth_year": -9.89,
            "roe": 7.62,
            "roe_4q": 31.880000000000003,
            "gross_profit": 120904,
            "gross_margin": 44.7,
            "gross_margin_4q_avg": 45.86,
            "net_income": 50460,
            "revenue": 270492,
            "common_shares": 337298,
            "book_valuer_per_share": 20.37,
            "book_valuer_per_share_4q_avg": 20.09,
            "equity": 687048,
            "current_ratio": 376.36,
            "debt_ratio": 28.96,
            "inventory_turnover_ratio": 1.09,
            "account_receivable_turnover_ratio": 19.65,
            "reinvestment_rate": 0.11,
            "research_to_sale_ratio": 9.42,
            "price_fair": 164.33,
            "eps_avg_yearly": 4.7,
            "eps_latest_yearly": 6,
            "eps_growth_yearly": 105.43
        },
        "20164": {
            "year_quarter": 20164,
            "year": 2016,
            "quarter": 4,
            "eps": 2.34,
            "eps_growth_year": 60.68,
            "eps_4q": 7.21,
            "eps_4q_growth_year": 13.77,
            "roe": 10.88,
            "roe_4q": 35.089999999999996,
            "gross_profit": 135232,
            "gross_margin": 43.72,
            "gross_margin_4q_avg": 45.7,
            "net_income": 78894,
            "revenue": 309349,
            "common_shares": 337298,
            "book_valuer_per_share": 22.63,
            "book_valuer_per_share_4q_avg": 20.83,
            "equity": 763457,
            "current_ratio": 386.68,
            "debt_ratio": 28.3,
            "inventory_turnover_ratio": 1.28,
            "account_receivable_turnover_ratio": 29.41,
            "reinvestment_rate": 0.1,
            "research_to_sale_ratio": 6.6,
            "price_fair": 178.33,
            "eps_avg_yearly": 5.1,
            "eps_latest_yearly": 9.36,
            "eps_growth_yearly": 75.91
        },
        "20171": {
            "year_quarter": 20171,
            "year": 2017,
            "quarter": 1,
            "eps": 0.56,
            "eps_growth_year": -67.63,
            "eps_4q": 6.04,
            "eps_4q_growth_year": -4.92,
            "roe": 2.46,
            "roe_4q": 29.11,
            "gross_profit": 94868,
            "gross_margin": 49.22,
            "gross_margin_4q_avg": 45.4,
            "net_income": 18992,
            "revenue": 192762,
            "common_shares": 337298,
            "book_valuer_per_share": 23.2,
            "book_valuer_per_share_4q_avg": 21.27,
            "equity": 782449,
            "current_ratio": 434.71,
            "debt_ratio": 25.36,
            "inventory_turnover_ratio": 0.71,
            "account_receivable_turnover_ratio": 15.94,
            "reinvestment_rate": 0.07,
            "research_to_sale_ratio": 11.75,
            "price_fair": 176.31,
            "eps_avg_yearly": 5.04,
            "eps_latest_yearly": 2.24,
            "eps_growth_yearly": 55.2
        },
        "20172": {
            "year_quarter": 20172,
            "year": 2017,
            "quarter": 2,
            "eps": 0.7,
            "eps_growth_year": -57.32,
            "eps_4q": 5.1,
            "eps_4q_growth_year": -27.92,
            "roe": 3.2,
            "roe_4q": 24.16,
            "gross_profit": 96273,
            "gross_margin": 49.95,
            "gross_margin_4q_avg": 46.9,
            "net_income": 23643,
            "revenue": 192729,
            "common_shares": 337298,
            "book_valuer_per_share": 20.6,
            "book_valuer_per_share_4q_avg": 21.7,
            "equity": 694784,
            "current_ratio": 305.83,
            "debt_ratio": 34.6,
            "inventory_turnover_ratio": 0.66,
            "account_receivable_turnover_ratio": 14.64,
            "reinvestment_rate": 0.16,
            "research_to_sale_ratio": 13.78,
            "price_fair": 177.28,
            "eps_avg_yearly": 5.07,
            "eps_latest_yearly": 2.8,
            "eps_growth_yearly": 67.78
        },
        "20173": {
            "year_quarter": 20173,
            "year": 2017,
            "quarter": 3,
            "eps": 1.19,
            "eps_growth_year": -20.67,
            "eps_4q": 4.79,
            "eps_4q_growth_year": -24.26,
            "roe": 5.62,
            "roe_4q": 22.160000000000004,
            "gross_profit": 104578,
            "gross_margin": 47.87,
            "gross_margin_4q_avg": 47.69,
            "net_income": 40164,
            "revenue": 218444,
            "common_shares": 337298,
            "book_valuer_per_share": 21.79,
            "book_valuer_per_share_4q_avg": 22.06,
            "equity": 734948,
            "current_ratio": 383.28,
            "debt_ratio": 28.33,
            "inventory_turnover_ratio": 0.74,
            "account_receivable_turnover_ratio": 15.5,
            "reinvestment_rate": 0.23,
            "research_to_sale_ratio": 12.28,
            "price_fair": 182.35,
            "eps_avg_yearly": 5.21,
            "eps_latest_yearly": 4.76,
            "eps_growth_yearly": 84.44
        },
        "20174": {
            "year_quarter": 20174,
            "year": 2017,
            "quarter": 4,
            "eps": 2.46,
            "eps_growth_year": 5.08,
            "eps_4q": 4.91,
            "eps_4q_growth_year": -31.89,
            "roe": 10.68,
            "roe_4q": 21.96,
            "gross_profit": 140807,
            "gross_margin": 47.33,
            "gross_margin_4q_avg": 48.59,
            "net_income": 82901,
            "revenue": 297504,
            "common_shares": 337298,
            "book_valuer_per_share": 24.22,
            "book_valuer_per_share_4q_avg": 22.45,
            "equity": 817024,
            "current_ratio": 390.3,
            "debt_ratio": 27.65,
            "inventory_turnover_ratio": 1.06,
            "account_receivable_turnover_ratio": 23.25,
            "reinvestment_rate": 0.19,
            "research_to_sale_ratio": 6.86,
            "price_fair": 197.84,
            "eps_avg_yearly": 5.65,
            "eps_latest_yearly": 9.84,
            "eps_growth_yearly": 107.84
        },
        "20181": {
            "year_quarter": 20181,
            "year": 2018,
            "quarter": 1,
            "eps": 1.32,
            "eps_growth_year": 135.71,
            "eps_4q": 5.67,
            "eps_4q_growth_year": -6.08,
            "roe": 5.32,
            "roe_4q": 24.82,
            "gross_profit": 123032,
            "gross_margin": 48.4,
            "gross_margin_4q_avg": 48.39,
            "net_income": 44661,
            "revenue": 254196,
            "common_shares": 337298,
            "book_valuer_per_share": 25.55,
            "book_valuer_per_share_4q_avg": 23.04,
            "equity": 861685,
            "current_ratio": 382.14,
            "debt_ratio": 27.82,
            "inventory_turnover_ratio": 0.83,
            "account_receivable_turnover_ratio": 19.08,
            "reinvestment_rate": 0.72,
            "research_to_sale_ratio": 10.92,
            "price_fair": 204.84,
            "eps_avg_yearly": 5.85,
            "eps_latest_yearly": 5.28,
            "eps_growth_yearly": 102.41
        },
        "20182": {
            "year_quarter": 20182,
            "year": 2018,
            "quarter": 2,
            "eps": 1.97,
            "eps_growth_year": 181.43,
            "eps_4q": 6.94,
            "eps_4q_growth_year": 36.17,
            "roe": 7.92,
            "roe_4q": 29.540000000000003,
            "gross_profit": 133383,
            "gross_margin": 51.25,
            "gross_margin_4q_avg": 48.71,
            "net_income": 66476,
            "revenue": 260260,
            "common_shares": 337298,
            "book_valuer_per_share": 24.22,
            "book_valuer_per_share_4q_avg": 23.95,
            "equity": 816853,
            "current_ratio": 320.48,
            "debt_ratio": 32.85,
            "inventory_turnover_ratio": 0.72,
            "account_receivable_turnover_ratio": 14.21,
            "reinvestment_rate": 0.84,
            "research_to_sale_ratio": 10.63,
            "price_fair": 218.23,
            "eps_avg_yearly": 6.24,
            "eps_latest_yearly": 7.88,
            "eps_growth_yearly": 118.57
        },
        "20183": {
            "year_quarter": 20183,
            "year": 2018,
            "quarter": 3,
            "eps": 2.26,
            "eps_growth_year": 89.92,
            "eps_4q": 8.02,
            "eps_4q_growth_year": 67.2,
            "roe": 8.93,
            "roe_4q": 32.85,
            "gross_profit": 156367,
            "gross_margin": 47.73,
            "gross_margin_4q_avg": 48.68,
            "net_income": 76316,
            "revenue": 327585,
            "common_shares": 337298,
            "book_valuer_per_share": 26.48,
            "book_valuer_per_share_4q_avg": 25.12,
            "equity": 893169,
            "current_ratio": 381.93,
            "debt_ratio": 28.08,
            "inventory_turnover_ratio": 0.93,
            "account_receivable_turnover_ratio": 13.62,
            "reinvestment_rate": 0.74,
            "research_to_sale_ratio": 9.65,
            "price_fair": 228.81,
            "eps_avg_yearly": 6.54,
            "eps_latest_yearly": 9.04,
            "eps_growth_yearly": 87.59
        },
        "20184": {
            "year_quarter": 20184,
            "year": 2018,
            "quarter": 4,
            "eps": 2.02,
            "eps_growth_year": -17.75,
            "eps_4q": 7.58,
            "eps_4q_growth_year": 54.28,
            "roe": 7.35,
            "roe_4q": 29.520000000000003,
            "gross_profit": 136863,
            "gross_margin": 44.82,
            "gross_margin_4q_avg": 48.05,
            "net_income": 68185,
            "revenue": 305337,
            "common_shares": 337298,
            "book_valuer_per_share": 28.53,
            "book_valuer_per_share_4q_avg": 26.2,
            "equity": 962346,
            "current_ratio": 463.27,
            "debt_ratio": 23.96,
            "inventory_turnover_ratio": 0.95,
            "account_receivable_turnover_ratio": 9.97,
            "reinvestment_rate": 0.69,
            "research_to_sale_ratio": 8.06,
            "price_fair": 227.76,
            "eps_avg_yearly": 6.51,
            "eps_latest_yearly": 8.08,
            "eps_growth_yearly": 58.98
        },
        "20191": {
            "year_quarter": 20191,
            "year": 2019,
            "quarter": 1,
            "eps": 1.46,
            "eps_growth_year": 10.61,
            "eps_4q": 7.71,
            "eps_4q_growth_year": 35.97,
            "roe": 4.99,
            "roe_4q": 29.189999999999998,
            "gross_profit": 127520,
            "gross_margin": 47.9,
            "gross_margin_4q_avg": 47.93,
            "net_income": 49234,
            "revenue": 266204,
            "common_shares": 337298,
            "book_valuer_per_share": 29.99,
            "book_valuer_per_share_4q_avg": 27.31,
            "equity": 1011580,
            "current_ratio": 427.73,
            "debt_ratio": 24.93,
            "inventory_turnover_ratio": 0.87,
            "account_receivable_turnover_ratio": 9.81,
            "reinvestment_rate": 0.84,
            "research_to_sale_ratio": 12.59,
            "price_fair": 225.49,
            "eps_avg_yearly": 6.44,
            "eps_latest_yearly": 5.84,
            "eps_growth_yearly": 56.96
        },
        "20192": {
            "year_quarter": 20192,
            "year": 2019,
            "quarter": 2,
            "eps": 2.35,
            "eps_growth_year": 19.29,
            "eps_4q": 8.09,
            "eps_4q_growth_year": 16.58,
            "roe": 8.03,
            "roe_4q": 29.299999999999997,
            "gross_profit": 171757,
            "gross_margin": 45.08,
            "gross_margin_4q_avg": 46.38,
            "net_income": 79294,
            "revenue": 381036,
            "common_shares": 337298,
            "book_valuer_per_share": 28.54,
            "book_valuer_per_share_4q_avg": 28.39,
            "equity": 962701,
            "current_ratio": 267.46,
            "debt_ratio": 38.38,
            "inventory_turnover_ratio": 1.05,
            "account_receivable_turnover_ratio": 22.78,
            "reinvestment_rate": 0.54,
            "research_to_sale_ratio": 9.14,
            "price_fair": 238,
            "eps_avg_yearly": 6.8,
            "eps_latest_yearly": 9.4,
            "eps_growth_yearly": 83.83
        },
        "20193": {
            "year_quarter": 20193,
            "year": 2019,
            "quarter": 3,
            "eps": 1.66,
            "eps_growth_year": -26.55,
            "eps_4q": 7.49,
            "eps_4q_growth_year": -6.56,
            "roe": 5.64,
            "roe_4q": 26.009999999999998,
            "gross_profit": 133419,
            "gross_margin": 42.89,
            "gross_margin_4q_avg": 45.17,
            "net_income": 55896,
            "revenue": 311043,
            "common_shares": 337298,
            "book_valuer_per_share": 30.2,
            "book_valuer_per_share_4q_avg": 29.32,
            "equity": 1018597,
            "current_ratio": 404.46,
            "debt_ratio": 26.74,
            "inventory_turnover_ratio": 0.84,
            "account_receivable_turnover_ratio": 26.87,
            "reinvestment_rate": 0.5,
            "research_to_sale_ratio": 12,
            "price_fair": 232.93,
            "eps_avg_yearly": 6.66,
            "eps_latest_yearly": 6.64,
            "eps_growth_yearly": 40.62
        },
        "20194": {
            "year_quarter": 20194,
            "year": 2019,
            "quarter": 4,
            "eps": 2.25,
            "eps_growth_year": 11.29,
            "eps_4q": 7.72,
            "eps_4q_growth_year": 1.83,
            "roe": 7.18,
            "roe_4q": 25.840000000000003,
            "gross_profit": 153222,
            "gross_margin": 45.62,
            "gross_margin_4q_avg": 45.37,
            "net_income": 75883,
            "revenue": 335881,
            "common_shares": 337298,
            "book_valuer_per_share": 32.46,
            "book_valuer_per_share_4q_avg": 30.3,
            "equity": 1094747,
            "current_ratio": 419.45,
            "debt_ratio": 25.77,
            "inventory_turnover_ratio": 1.04,
            "account_receivable_turnover_ratio": 38.47,
            "reinvestment_rate": 0.68,
            "research_to_sale_ratio": 6.88,
            "price_fair": 239.84,
            "eps_avg_yearly": 6.85,
            "eps_latest_yearly": 9,
            "eps_growth_yearly": 58.21
        },
        "20201": {
            "year_quarter": 20201,
            "year": 2020,
            "quarter": 1,
            "eps": 1.7,
            "eps_growth_year": 16.44,
            "eps_4q": 8.07,
            "eps_4q_growth_year": 4.58,
            "roe": 5.17,
            "roe_4q": 26.019999999999996,
            "gross_profit": 137646,
            "gross_margin": 47.46,
            "gross_margin_4q_avg": 45.26,
            "net_income": 57267,
            "revenue": 290017,
            "common_shares": 337298,
            "book_valuer_per_share": 33.75,
            "book_valuer_per_share_4q_avg": 31.24,
            "equity": 1122600,
            "current_ratio": 380.52,
            "debt_ratio": 27.77,
            "inventory_turnover_ratio": 0.76,
            "account_receivable_turnover_ratio": 30.4,
            "reinvestment_rate": 0.55,
            "research_to_sale_ratio": 12.91,
            "price_fair": 239.58,
            "eps_avg_yearly": 6.85,
            "eps_latest_yearly": 6.8,
            "eps_growth_yearly": 47.47
        },
        "20202": {
            "year_quarter": 20202,
            "year": 2020,
            "quarter": 2,
            "eps": 4.14,
            "eps_growth_year": 76.17,
            "eps_4q": 9.84,
            "eps_4q_growth_year": 21.6,
            "roe": 12.34,
            "roe_4q": 30.33,
            "gross_profit": 255897,
            "gross_margin": 42.18,
            "gross_margin_4q_avg": 44.54,
            "net_income": 137052,
            "revenue": 606674,
            "common_shares": 337298,
            "book_valuer_per_share": 33.17,
            "book_valuer_per_share_4q_avg": 32.4,
            "equity": 1098986,
            "current_ratio": 232.9,
            "debt_ratio": 43.45,
            "inventory_turnover_ratio": 1.23,
            "account_receivable_turnover_ratio": 14.85,
            "reinvestment_rate": 0.67,
            "research_to_sale_ratio": 6.19,
            "price_fair": 261.45,
            "eps_avg_yearly": 7.47,
            "eps_latest_yearly": 16.56,
            "eps_growth_yearly": 84.66
        },
        "20203": {
            "year_quarter": 20203,
            "year": 2020,
            "quarter": 3,
            "eps": 7.31,
            "eps_growth_year": 340.36,
            "eps_4q": 15.47,
            "eps_4q_growth_year": 106.51,
            "roe": 19.85,
            "roe_4q": 44.54,
            "gross_profit": 399456,
            "gross_margin": 40.88,
            "gross_margin_4q_avg": 44.04,
            "net_income": 242202,
            "revenue": 977128,
            "common_shares": 337298,
            "book_valuer_per_share": 40.48,
            "book_valuer_per_share_4q_avg": 34.97,
            "equity": 1341188,
            "current_ratio": 234.08,
            "debt_ratio": 40.44,
            "inventory_turnover_ratio": 1.64,
            "account_receivable_turnover_ratio": 23.42,
            "reinvestment_rate": 0.74,
            "research_to_sale_ratio": 4.07,
            "price_fair": 312.29,
            "eps_avg_yearly": 8.92,
            "eps_latest_yearly": 29.24,
            "eps_growth_yearly": 105.93
        },
        "20204": {
            "year_quarter": 20204,
            "year": 2020,
            "quarter": 4,
            "eps": 5.4,
            "eps_growth_year": 140.02,
            "eps_4q": 18.58,
            "eps_4q_growth_year": 140.7,
            "roe": 12.5,
            "roe_4q": 49.86,
            "gross_profit": 315897,
            "gross_margin": 37.99,
            "gross_margin_4q_avg": 42.13,
            "net_income": 178899,
            "revenue": 831523,
            "common_shares": 337298,
            "book_valuer_per_share": 45.9,
            "book_valuer_per_share_4q_avg": 38.33,
            "equity": 1520736,
            "current_ratio": 151.1,
            "debt_ratio": 34.71,
            "inventory_turnover_ratio": 1.47,
            "account_receivable_turnover_ratio": 66.5,
            "reinvestment_rate": 84,
            "research_to_sale_ratio": 4.66,
            "price_fair": 339.06,
            "eps_avg_yearly": 9.69,
            "eps_latest_yearly": 21.6,
            "eps_growth_yearly": 85.4
        },
        "20211": {
            "year_quarter": 20211,
            "year": 2021,
            "quarter": 1,
            "eps": 2.37,
            "eps_growth_year": 39.41,
            "eps_4q": 19.22,
            "eps_4q_growth_year": 138.18,
            "roe": 5.03,
            "roe_4q": 49.72,
            "gross_profit": 186519,
            "gross_margin": 44.05,
            "gross_margin_4q_avg": 41.28,
            "net_income": 78468,
            "revenue": 423389,
            "common_shares": 337298,
            "book_valuer_per_share": 48.27,
            "book_valuer_per_share_4q_avg": 41.96,
            "equity": 1599204,
            "current_ratio": 174.93,
            "debt_ratio": 29.79,
            "inventory_turnover_ratio": 0.65,
            "account_receivable_turnover_ratio": 26.29,
            "reinvestment_rate": 80.29,
            "research_to_sale_ratio": 10.74,
            "price_fair": 354.9,
            "eps_avg_yearly": 10.14,
            "eps_latest_yearly": 9.48,
            "eps_growth_yearly": 90.39
        },
        "20212": {
            "year_quarter": 20212,
            "year": 2021,
            "quarter": 2,
            "eps": 4.09,
            "eps_growth_year": -1.21,
            "eps_4q": 19.17,
            "eps_4q_growth_year": 94.72,
            "roe": 8.83,
            "roe_4q": 46.21,
            "gross_profit": 250650,
            "gross_margin": 41.1,
            "gross_margin_4q_avg": 41.01,
            "net_income": 135419,
            "revenue": 609789,
            "common_shares": 337298,
            "book_valuer_per_share": 44.36,
            "book_valuer_per_share_4q_avg": 44.75,
            "equity": 1469577,
            "current_ratio": 140.12,
            "debt_ratio": 38.51,
            "inventory_turnover_ratio": 0.88,
            "account_receivable_turnover_ratio": 26.24,
            "reinvestment_rate": 74.16,
            "research_to_sale_ratio": 7.67,
            "price_fair": 384.56,
            "eps_avg_yearly": 10.99,
            "eps_latest_yearly": 16.36,
            "eps_growth_yearly": 102.28
        },
        "20213": {
            "year_quarter": 20213,
            "year": 2021,
            "quarter": 3,
            "eps": 1.75,
            "eps_growth_year": -76.06,
            "eps_4q": 11.63,
            "eps_4q_growth_year": -24.79,
            "roe": 4.63,
            "roe_4q": 30.990000000000002,
            "gross_profit": 197469,
            "gross_margin": 48.63,
            "gross_margin_4q_avg": 42.94,
            "net_income": 69642,
            "revenue": 406090,
            "common_shares": 403559,
            "book_valuer_per_share": 38.72,
            "book_valuer_per_share_4q_avg": 44.31,
            "equity": 1539219,
            "current_ratio": 189.55,
            "debt_ratio": 25.32,
            "inventory_turnover_ratio": 0.48,
            "account_receivable_turnover_ratio": 19.21,
            "reinvestment_rate": 72.63,
            "research_to_sale_ratio": 11.31,
            "price_fair": 389.46,
            "eps_avg_yearly": 11.13,
            "eps_latest_yearly": 7,
            "eps_growth_yearly": 70.48
        },
        "20214": {
            "year_quarter": 20214,
            "year": 2021,
            "quarter": 4,
            "eps": 2.53,
            "eps_growth_year": -53.16,
            "eps_4q": 9.66,
            "eps_4q_growth_year": -47.99,
            "roe": 6.32,
            "roe_4q": 24.810000000000002,
            "gross_profit": 163197,
            "gross_margin": 46.21,
            "gross_margin_4q_avg": 45,
            "net_income": 100555,
            "revenue": 353171,
            "common_shares": 403559,
            "book_valuer_per_share": 41.28,
            "book_valuer_per_share_4q_avg": 43.16,
            "equity": 1641158,
            "current_ratio": 248.53,
            "debt_ratio": 19.66,
            "inventory_turnover_ratio": 0.46,
            "account_receivable_turnover_ratio": 12.16,
            "reinvestment_rate": 71.89,
            "research_to_sale_ratio": 5.81,
            "price_fair": 390.08,
            "eps_avg_yearly": 11.15,
            "eps_latest_yearly": 10.12,
            "eps_growth_yearly": 54.94
        },
        "20221": {
            "year_quarter": 20221,
            "year": 2022,
            "quarter": 1,
            "eps": 2,
            "eps_growth_year": -15.61,
            "eps_4q": 9.69,
            "eps_4q_growth_year": -49.57,
            "roe": 5.04,
            "roe_4q": 24.82,
            "gross_profit": 166301,
            "gross_margin": 41.41,
            "gross_margin_4q_avg": 44.34,
            "net_income": 79677,
            "revenue": 401568,
            "common_shares": 403559,
            "book_valuer_per_share": 38.28,
            "book_valuer_per_share_4q_avg": 40.66,
            "equity": 1522050,
            "current_ratio": 167.03,
            "debt_ratio": 30.11,
            "inventory_turnover_ratio": 0.62,
            "account_receivable_turnover_ratio": 16.87,
            "reinvestment_rate": 69.95,
            "research_to_sale_ratio": 10.53,
            "price_fair": 396.03,
            "eps_avg_yearly": 11.32,
            "eps_latest_yearly": 8,
            "eps_growth_yearly": 61.29
        },
        "20222": {
            "year_quarter": 20222,
            "year": 2022,
            "quarter": 2,
            "eps": 2.11,
            "eps_growth_year": -48.41,
            "eps_4q": 8.4,
            "eps_4q_growth_year": -56.19,
            "roe": 5.37,
            "roe_4q": 21.36,
            "gross_profit": 189013,
            "gross_margin": 46.09,
            "gross_margin_4q_avg": 45.59,
            "net_income": 83976,
            "revenue": 410100,
            "common_shares": 403559,
            "book_valuer_per_share": 40.4,
            "book_valuer_per_share_4q_avg": 39.67,
            "equity": 1606026,
            "current_ratio": 175.14,
            "debt_ratio": 30.6,
            "inventory_turnover_ratio": 0.57,
            "account_receivable_turnover_ratio": 23.05,
            "reinvestment_rate": 0.22,
            "research_to_sale_ratio": 10.42,
            "price_fair": 397.25,
            "eps_avg_yearly": 11.35,
            "eps_latest_yearly": 8.44,
            "eps_growth_yearly": 50.35
        },
        "20223": {
            "year_quarter": 20223,
            "year": 2022,
            "quarter": 3,
            "eps": 1.6,
            "eps_growth_year": -8.57,
            "eps_4q": 8.25,
            "eps_4q_growth_year": -29.11,
            "roe": 3.88,
            "roe_4q": 20.61,
            "gross_profit": 143850,
            "gross_margin": 53.74,
            "gross_margin_4q_avg": 46.86,
            "net_income": 63624,
            "revenue": 267692,
            "common_shares": 403559,
            "book_valuer_per_share": 42,
            "book_valuer_per_share_4q_avg": 40.49,
            "equity": 1669650,
            "current_ratio": 266.19,
            "debt_ratio": 18.81,
            "inventory_turnover_ratio": 0.32,
            "account_receivable_turnover_ratio": 12.77,
            "reinvestment_rate": 0.22,
            "research_to_sale_ratio": 16.45,
            "price_fair": 391.48,
            "eps_avg_yearly": 11.19,
            "eps_latest_yearly": 6.4,
            "eps_growth_yearly": 40.63
        },
        "20224": {
            "year_quarter": 20224,
            "year": 2022,
            "quarter": 4,
            "eps": 2.19,
            "eps_growth_year": -13.45,
            "eps_4q": 7.91,
            "eps_4q_growth_year": -18.17,
            "roe": 5.08,
            "roe_4q": 19.37,
            "gross_profit": 159104,
            "gross_margin": 54.23,
            "gross_margin_4q_avg": 48.87,
            "net_income": 87027,
            "revenue": 293413,
            "common_shares": 403559,
            "book_valuer_per_share": 44.27,
            "book_valuer_per_share_4q_avg": 41.24,
            "equity": 1759985,
            "current_ratio": 309.5,
            "debt_ratio": 16.77,
            "inventory_turnover_ratio": 0.36,
            "account_receivable_turnover_ratio": 36.5,
            "reinvestment_rate": 0.28,
            "research_to_sale_ratio": 9.72,
            "price_fair": 392.96,
            "eps_avg_yearly": 11.23,
            "eps_latest_yearly": 8.76,
            "eps_growth_yearly": 52.51
        },
        "20231": {
            "year_quarter": 20231,
            "year": 2023,
            "quarter": 1,
            "eps": 0.96,
            "eps_growth_year": -52,
            "eps_4q": 6.86,
            "eps_4q_growth_year": -29.24,
            "roe": 2.23,
            "roe_4q": 16.560000000000002,
            "gross_profit": 128429,
            "gross_margin": 50.86,
            "gross_margin_4q_avg": 51.23,
            "net_income": 38012,
            "revenue": 252512,
            "common_shares": 403559,
            "book_valuer_per_share": 41.42,
            "book_valuer_per_share_4q_avg": 42.02,
            "equity": 1646921,
            "current_ratio": 213.7,
            "debt_ratio": 23.63,
            "inventory_turnover_ratio": 0.33,
            "account_receivable_turnover_ratio": 81.57,
            "reinvestment_rate": 0.12,
            "research_to_sale_ratio": 17.39,
            "price_fair": 388.59,
            "eps_avg_yearly": 11.1,
            "eps_latest_yearly": 3.84,
            "eps_growth_yearly": 45.39
        }
    },
    "months": {
        "2001-06": {
            "month": "2001-06",
            "price": "20.50",
            "revenue": 67811
        },
        "2001-07": {
            "month": "2001-07",
            "price": "17.14",
            "revenue": 88003
        },
        "2001-08": {
            "month": "2001-08",
            "price": "15.47",
            "revenue": 105970
        },
        "2001-09": {
            "month": "2001-09",
            "price": "13.88",
            "revenue": 74871
        },
        "2001-10": {
            "month": "2001-10",
            "price": "11.86",
            "revenue": 92949
        },
        "2001-11": {
            "month": "2001-11",
            "price": "11.65",
            "revenue": 54160
        },
        "2001-12": {
            "month": "2001-12",
            "price": "12.18",
            "revenue": 60639
        },
        "2002-01": {
            "month": "2002-01",
            "price": "12.75",
            "revenue": 28332
        },
        "2002-02": {
            "month": "2002-02",
            "price": "11.74",
            "revenue": 22887
        },
        "2002-03": {
            "month": "2002-03",
            "price": "12.67",
            "revenue": 30061
        },
        "2002-04": {
            "month": "2002-04",
            "price": "18.34",
            "revenue": 13756
        },
        "2002-05": {
            "month": "2002-05",
            "price": "17.07",
            "revenue": 8749
        },
        "2002-06": {
            "month": "2002-06",
            "price": "15.82",
            "revenue": 5901
        },
        "2002-07": {
            "month": "2002-07",
            "price": "14.20",
            "revenue": 9885
        },
        "2002-08": {
            "month": "2002-08",
            "price": "13.68",
            "revenue": 53130
        },
        "2002-09": {
            "month": "2002-09",
            "price": "11.57",
            "revenue": 149829
        },
        "2002-10": {
            "month": "2002-10",
            "price": "13.76",
            "revenue": 191945
        },
        "2002-11": {
            "month": "2002-11",
            "price": "16.52",
            "revenue": 61278
        },
        "2002-12": {
            "month": "2002-12",
            "price": "15.29",
            "revenue": 89667
        },
        "2003-01": {
            "month": "2003-01",
            "price": "14.70",
            "revenue": 103020
        },
        "2003-02": {
            "month": "2003-02",
            "price": "12.75",
            "revenue": 91063
        },
        "2003-03": {
            "month": "2003-03",
            "price": "13.62",
            "revenue": 90492
        },
        "2003-04": {
            "month": "2003-04",
            "price": "13.14",
            "revenue": 81158
        },
        "2003-05": {
            "month": "2003-05",
            "price": "12.32",
            "revenue": 61743
        },
        "2003-06": {
            "month": "2003-06",
            "price": "14.50",
            "revenue": 86847
        },
        "2003-07": {
            "month": "2003-07",
            "price": "14.92",
            "revenue": 69610
        },
        "2003-08": {
            "month": "2003-08",
            "price": "15.44",
            "revenue": 60392
        },
        "2003-09": {
            "month": "2003-09",
            "price": "13.97",
            "revenue": 60463
        },
        "2003-10": {
            "month": "2003-10",
            "price": "13.11",
            "revenue": 83366
        },
        "2003-11": {
            "month": "2003-11",
            "price": "12.90",
            "revenue": 140257
        },
        "2003-12": {
            "month": "2003-12",
            "price": "13.56",
            "revenue": 131352
        },
        "2004-01": {
            "month": "2004-01",
            "price": "14.20",
            "revenue": 70750
        },
        "2004-02": {
            "month": "2004-02",
            "price": "15.58",
            "revenue": 130585
        },
        "2004-03": {
            "month": "2004-03",
            "price": "14.97",
            "revenue": 172060
        },
        "2004-04": {
            "month": "2004-04",
            "price": "16.15",
            "revenue": 174879
        },
        "2004-05": {
            "month": "2004-05",
            "price": "14.12",
            "revenue": 157836
        },
        "2004-06": {
            "month": "2004-06",
            "price": "13.75",
            "revenue": 96771
        },
        "2004-07": {
            "month": "2004-07",
            "price": "10.64",
            "revenue": 52845
        },
        "2004-08": {
            "month": "2004-08",
            "price": "9.62",
            "revenue": 41014
        },
        "2004-09": {
            "month": "2004-09",
            "price": "10.10",
            "revenue": 47581
        },
        "2004-10": {
            "month": "2004-10",
            "price": "9.57",
            "revenue": 46133
        },
        "2004-11": {
            "month": "2004-11",
            "price": "9.07",
            "revenue": 54098
        },
        "2004-12": {
            "month": "2004-12",
            "price": "11.98",
            "revenue": 33375
        },
        "2005-01": {
            "month": "2005-01",
            "price": "11.97",
            "revenue": 38568
        },
        "2005-02": {
            "month": "2005-02",
            "price": "10.89",
            "revenue": 42504
        },
        "2005-03": {
            "month": "2005-03",
            "price": "10.40",
            "revenue": 39014
        },
        "2005-04": {
            "month": "2005-04",
            "price": "9.71",
            "revenue": 51067
        },
        "2005-05": {
            "month": "2005-05",
            "price": "9.34",
            "revenue": 41562
        },
        "2005-06": {
            "month": "2005-06",
            "price": "9.17",
            "revenue": 34088
        },
        "2005-07": {
            "month": "2005-07",
            "price": "10.22",
            "revenue": 26649
        },
        "2005-08": {
            "month": "2005-08",
            "price": "9.74",
            "revenue": 25415
        },
        "2005-09": {
            "month": "2005-09",
            "price": "8.89",
            "revenue": 25950
        },
        "2005-10": {
            "month": "2005-10",
            "price": "9.18",
            "revenue": 39741
        },
        "2005-11": {
            "month": "2005-11",
            "price": "9.40",
            "revenue": 69934
        },
        "2005-12": {
            "month": "2005-12",
            "price": "19.30",
            "revenue": 70788
        },
        "2006-01": {
            "month": "2006-01",
            "price": "41.95",
            "revenue": 69474
        },
        "2006-02": {
            "month": "2006-02",
            "price": "41.12",
            "revenue": 48927
        },
        "2006-03": {
            "month": "2006-03",
            "price": "31.72",
            "revenue": 82897
        },
        "2006-04": {
            "month": "2006-04",
            "price": "28.79",
            "revenue": 92911
        },
        "2006-05": {
            "month": "2006-05",
            "price": "26.50",
            "revenue": 137920
        },
        "2006-06": {
            "month": "2006-06",
            "price": "29.42",
            "revenue": 62786
        },
        "2006-07": {
            "month": "2006-07",
            "price": "27.69",
            "revenue": 104184
        },
        "2006-08": {
            "month": "2006-08",
            "price": "27.05",
            "revenue": 93206
        },
        "2006-09": {
            "month": "2006-09",
            "price": "25.91",
            "revenue": 199906
        },
        "2006-10": {
            "month": "2006-10",
            "price": "36.19",
            "revenue": 98004
        },
        "2006-11": {
            "month": "2006-11",
            "price": "42.09",
            "revenue": 116216
        },
        "2006-12": {
            "month": "2006-12",
            "price": "76.22",
            "revenue": 83228
        },
        "2007-01": {
            "month": "2007-01",
            "price": "66.61",
            "revenue": 65707
        },
        "2007-02": {
            "month": "2007-02",
            "price": "57.42",
            "revenue": 50040
        },
        "2007-03": {
            "month": "2007-03",
            "price": "54.58",
            "revenue": 55528
        },
        "2007-04": {
            "month": "2007-04",
            "price": "56.50",
            "revenue": 50296
        },
        "2007-05": {
            "month": "2007-05",
            "price": "52.15",
            "revenue": 42735
        },
        "2007-06": {
            "month": "2007-06",
            "price": "61.60",
            "revenue": 39138
        },
        "2007-07": {
            "month": "2007-07",
            "price": "67.30",
            "revenue": 33984
        },
        "2007-08": {
            "month": "2007-08",
            "price": "54.44",
            "revenue": 50780
        },
        "2007-09": {
            "month": "2007-09",
            "price": "41.42",
            "revenue": 73874
        },
        "2007-10": {
            "month": "2007-10",
            "price": "41.48",
            "revenue": 70164
        },
        "2007-11": {
            "month": "2007-11",
            "price": "45.43",
            "revenue": 71727
        },
        "2007-12": {
            "month": "2007-12",
            "price": "49.90",
            "revenue": 56458
        },
        "2008-01": {
            "month": "2008-01",
            "price": "37.76",
            "revenue": 26552
        },
        "2008-02": {
            "month": "2008-02",
            "price": "32.30",
            "revenue": 47578
        },
        "2008-03": {
            "month": "2008-03",
            "price": "33.63",
            "revenue": 59761
        },
        "2008-04": {
            "month": "2008-04",
            "price": "34.35",
            "revenue": 111279
        },
        "2008-05": {
            "month": "2008-05",
            "price": "36.25",
            "revenue": 74460
        },
        "2008-06": {
            "month": "2008-06",
            "price": "34.65",
            "revenue": 66435
        },
        "2008-07": {
            "month": "2008-07",
            "price": "29.15",
            "revenue": 202527
        },
        "2008-08": {
            "month": "2008-08",
            "price": "36.05",
            "revenue": 98838
        },
        "2008-09": {
            "month": "2008-09",
            "price": "25.01",
            "revenue": 219694
        },
        "2008-10": {
            "month": "2008-10",
            "price": "24.95",
            "revenue": 201547
        },
        "2008-11": {
            "month": "2008-11",
            "price": "20.77",
            "revenue": 114483
        },
        "2008-12": {
            "month": "2008-12",
            "price": "18.48",
            "revenue": 147882
        },
        "2009-01": {
            "month": "2009-01",
            "price": "19.19",
            "revenue": 23440
        },
        "2009-02": {
            "month": "2009-02",
            "price": "19.70",
            "revenue": 69339
        },
        "2009-03": {
            "month": "2009-03",
            "price": "21.69",
            "revenue": 77786
        },
        "2009-04": {
            "month": "2009-04",
            "price": "24.15",
            "revenue": 34337
        },
        "2009-05": {
            "month": "2009-05",
            "price": "24.44",
            "revenue": 48715
        },
        "2009-06": {
            "month": "2009-06",
            "price": "22.45",
            "revenue": 52766
        },
        "2009-07": {
            "month": "2009-07",
            "price": "22.40",
            "revenue": 40848
        },
        "2009-08": {
            "month": "2009-08",
            "price": "21.44",
            "revenue": 26717
        },
        "2009-09": {
            "month": "2009-09",
            "price": "18.85",
            "revenue": 28063
        },
        "2009-10": {
            "month": "2009-10",
            "price": "22.18",
            "revenue": 25964
        },
        "2009-11": {
            "month": "2009-11",
            "price": "20.60",
            "revenue": 36963
        },
        "2009-12": {
            "month": "2009-12",
            "price": "23.29",
            "revenue": 30638
        },
        "2010-01": {
            "month": "2010-01",
            "price": "27.34",
            "revenue": 20610
        },
        "2010-02": {
            "month": "2010-02",
            "price": "23.58",
            "revenue": 31409
        },
        "2010-03": {
            "month": "2010-03",
            "price": "27.65",
            "revenue": 19707
        },
        "2010-04": {
            "month": "2010-04",
            "price": "25.66",
            "revenue": 28553
        },
        "2010-05": {
            "month": "2010-05",
            "price": "22.18",
            "revenue": 31302
        },
        "2010-06": {
            "month": "2010-06",
            "price": "21.66",
            "revenue": 36761
        },
        "2010-07": {
            "month": "2010-07",
            "price": "21.52",
            "revenue": 31831
        },
        "2010-08": {
            "month": "2010-08",
            "price": "20.86",
            "revenue": 17389
        },
        "2010-09": {
            "month": "2010-09",
            "price": "18.90",
            "revenue": 23328
        },
        "2010-10": {
            "month": "2010-10",
            "price": "18.06",
            "revenue": 24579
        },
        "2010-11": {
            "month": "2010-11",
            "price": "15.31",
            "revenue": 21056
        },
        "2010-12": {
            "month": "2010-12",
            "price": "16.05",
            "revenue": 33336
        },
        "2011-01": {
            "month": "2011-01",
            "price": "15.36",
            "revenue": 19390
        },
        "2011-02": {
            "month": "2011-02",
            "price": "14.50",
            "revenue": 18898
        },
        "2011-03": {
            "month": "2011-03",
            "price": "15.03",
            "revenue": 19201
        },
        "2011-04": {
            "month": "2011-04",
            "price": "16.86",
            "revenue": 30535
        },
        "2011-05": {
            "month": "2011-05",
            "price": "15.57",
            "revenue": 27866
        },
        "2011-06": {
            "month": "2011-06",
            "price": "15.22",
            "revenue": 34912
        },
        "2011-07": {
            "month": "2011-07",
            "price": "15.45",
            "revenue": 24147
        },
        "2011-08": {
            "month": "2011-08",
            "price": "12.57",
            "revenue": 18682
        },
        "2011-09": {
            "month": "2011-09",
            "price": "11.14",
            "revenue": 26298
        },
        "2011-10": {
            "month": "2011-10",
            "price": "10.29",
            "revenue": 18871
        },
        "2011-11": {
            "month": "2011-11",
            "price": "9.68",
            "revenue": 21950
        },
        "2011-12": {
            "month": "2011-12",
            "price": "8.43",
            "revenue": 23904
        },
        "2012-01": {
            "month": "2012-01",
            "price": "8.66",
            "revenue": 24790
        },
        "2012-02": {
            "month": "2012-02",
            "price": "11.20",
            "revenue": 17475
        },
        "2012-03": {
            "month": "2012-03",
            "price": "11.20",
            "revenue": 27840
        },
        "2012-04": {
            "month": "2012-04",
            "price": "9.68",
            "revenue": 25739
        },
        "2012-05": {
            "month": "2012-05",
            "price": "9.51",
            "revenue": 37065
        },
        "2012-06": {
            "month": "2012-06",
            "price": "10.13",
            "revenue": 38332
        },
        "2012-07": {
            "month": "2012-07",
            "price": "9.85",
            "revenue": 31545
        },
        "2012-08": {
            "month": "2012-08",
            "price": "10.20",
            "revenue": 43259
        },
        "2012-09": {
            "month": "2012-09",
            "price": "13.98",
            "revenue": 63966
        },
        "2012-10": {
            "month": "2012-10",
            "price": "15.40",
            "revenue": 39914
        },
        "2012-11": {
            "month": "2012-11",
            "price": "13.31",
            "revenue": 55950
        },
        "2012-12": {
            "month": "2012-12",
            "price": "14.29",
            "revenue": 88404
        },
        "2013-01": {
            "month": "2013-01",
            "price": "15.98",
            "revenue": 49527
        },
        "2013-02": {
            "month": "2013-02",
            "price": "15.80",
            "revenue": 59438
        },
        "2013-03": {
            "month": "2013-03",
            "price": "19.56",
            "revenue": 57001
        },
        "2013-04": {
            "month": "2013-04",
            "price": "29.84",
            "revenue": 44913
        },
        "2013-05": {
            "month": "2013-05",
            "price": "35.55",
            "revenue": 62179
        },
        "2013-06": {
            "month": "2013-06",
            "price": "54.28",
            "revenue": 59555
        },
        "2013-07": {
            "month": "2013-07",
            "price": "55.66",
            "revenue": 50946
        },
        "2013-08": {
            "month": "2013-08",
            "price": "45.96",
            "revenue": 52059
        },
        "2013-09": {
            "month": "2013-09",
            "price": "42.58",
            "revenue": 55604
        },
        "2013-10": {
            "month": "2013-10",
            "price": "41.78",
            "revenue": 40397
        },
        "2013-11": {
            "month": "2013-11",
            "price": "39.95",
            "revenue": 74640
        },
        "2013-12": {
            "month": "2013-12",
            "price": "46.87",
            "revenue": 59794
        },
        "2014-01": {
            "month": "2014-01",
            "price": "48.15",
            "revenue": 71083
        },
        "2014-02": {
            "month": "2014-02",
            "price": "44.96",
            "revenue": 28454
        },
        "2014-03": {
            "month": "2014-03",
            "price": "44.75",
            "revenue": 36845
        },
        "2014-04": {
            "month": "2014-04",
            "price": "41.66",
            "revenue": 53110
        },
        "2014-05": {
            "month": "2014-05",
            "price": "38.36",
            "revenue": 57300
        },
        "2014-06": {
            "month": "2014-06",
            "price": "39.20",
            "revenue": 46461
        },
        "2014-07": {
            "month": "2014-07",
            "price": "34.18",
            "revenue": 51783
        },
        "2014-08": {
            "month": "2014-08",
            "price": "31.10",
            "revenue": 77344
        },
        "2014-09": {
            "month": "2014-09",
            "price": "38.39",
            "revenue": 56726
        },
        "2014-10": {
            "month": "2014-10",
            "price": "34.85",
            "revenue": 95341
        },
        "2014-11": {
            "month": "2014-11",
            "price": "37.92",
            "revenue": 108787
        },
        "2014-12": {
            "month": "2014-12",
            "price": "44.93",
            "revenue": 120071
        },
        "2015-01": {
            "month": "2015-01",
            "price": "55.54",
            "revenue": 102758
        },
        "2015-02": {
            "month": "2015-02",
            "price": "59.27",
            "revenue": 60535
        },
        "2015-03": {
            "month": "2015-03",
            "price": "66.90",
            "revenue": 121877
        },
        "2015-04": {
            "month": "2015-04",
            "price": "95.42",
            "revenue": 81991
        },
        "2015-05": {
            "month": "2015-05",
            "price": "90.82",
            "revenue": 69842
        },
        "2015-06": {
            "month": "2015-06",
            "price": "75.66",
            "revenue": 60400
        },
        "2015-07": {
            "month": "2015-07",
            "price": "65.17",
            "revenue": 68189
        },
        "2015-08": {
            "month": "2015-08",
            "price": "52.18",
            "revenue": 93710
        },
        "2015-09": {
            "month": "2015-09",
            "price": "62.66",
            "revenue": 117886
        },
        "2015-10": {
            "month": "2015-10",
            "price": "72.31",
            "revenue": 78263
        },
        "2015-11": {
            "month": "2015-11",
            "price": "72.09",
            "revenue": 92877
        },
        "2015-12": {
            "month": "2015-12",
            "price": "67.58",
            "revenue": 78077
        },
        "2016-01": {
            "month": "2016-01",
            "price": "56.30",
            "revenue": 90292
        },
        "2016-02": {
            "month": "2016-02",
            "price": "60.29",
            "revenue": 61522
        },
        "2016-03": {
            "month": "2016-03",
            "price": "66.98",
            "revenue": 84428
        },
        "2016-04": {
            "month": "2016-04",
            "price": "61.86",
            "revenue": 80235
        },
        "2016-05": {
            "month": "2016-05",
            "price": "60.30",
            "revenue": 82768
        },
        "2016-06": {
            "month": "2016-06",
            "price": "62.32",
            "revenue": 98545
        },
        "2016-07": {
            "month": "2016-07",
            "price": "74.22",
            "revenue": 101445
        },
        "2016-08": {
            "month": "2016-08",
            "price": "83.19",
            "revenue": 86879
        },
        "2016-09": {
            "month": "2016-09",
            "price": "79.55",
            "revenue": 82168
        },
        "2016-10": {
            "month": "2016-10",
            "price": "71.48",
            "revenue": 109466
        },
        "2016-11": {
            "month": "2016-11",
            "price": "74.27",
            "revenue": 87624
        },
        "2016-12": {
            "month": "2016-12",
            "price": "71.56",
            "revenue": 112260
        },
        "2017-01": {
            "month": "2017-01",
            "price": "71.61",
            "revenue": 51182
        },
        "2017-02": {
            "month": "2017-02",
            "price": "69.69",
            "revenue": 60630
        },
        "2017-03": {
            "month": "2017-03",
            "price": "67.42",
            "revenue": 80950
        },
        "2017-04": {
            "month": "2017-04",
            "price": "70.00",
            "revenue": 51012
        },
        "2017-05": {
            "month": "2017-05",
            "price": "62.88",
            "revenue": 54812
        },
        "2017-06": {
            "month": "2017-06",
            "price": "61.61",
            "revenue": 86906
        },
        "2017-07": {
            "month": "2017-07",
            "price": "57.60",
            "revenue": 54390
        },
        "2017-08": {
            "month": "2017-08",
            "price": "51.40",
            "revenue": 70262
        },
        "2017-09": {
            "month": "2017-09",
            "price": "49.63",
            "revenue": 93793
        },
        "2017-10": {
            "month": "2017-10",
            "price": "50.79",
            "revenue": 89176
        },
        "2017-11": {
            "month": "2017-11",
            "price": "49.75",
            "revenue": 118767
        },
        "2017-12": {
            "month": "2017-12",
            "price": "51.36",
            "revenue": 89560
        },
        "2018-01": {
            "month": "2018-01",
            "price": "50.72",
            "revenue": 62197
        },
        "2018-02": {
            "month": "2018-02",
            "price": "44.67",
            "revenue": 77405
        },
        "2018-03": {
            "month": "2018-03",
            "price": "52.29",
            "revenue": 114593
        },
        "2018-04": {
            "month": "2018-04",
            "price": "59.80",
            "revenue": 81835
        },
        "2018-05": {
            "month": "2018-05",
            "price": "58.96",
            "revenue": 93329
        },
        "2018-06": {
            "month": "2018-06",
            "price": "64.33",
            "revenue": 85096
        },
        "2018-07": {
            "month": "2018-07",
            "price": "59.56",
            "revenue": 122910
        },
        "2018-08": {
            "month": "2018-08",
            "price": "70.98",
            "revenue": 115004
        },
        "2018-09": {
            "month": "2018-09",
            "price": "80.98",
            "revenue": 89670
        },
        "2018-10": {
            "month": "2018-10",
            "price": "72.98",
            "revenue": 108738
        },
        "2018-11": {
            "month": "2018-11",
            "price": "70.86",
            "revenue": 131890
        },
        "2018-12": {
            "month": "2018-12",
            "price": "74.92",
            "revenue": 64709
        },
        "2019-01": {
            "month": "2019-01",
            "price": "69.44",
            "revenue": 104953
        },
        "2019-02": {
            "month": "2019-02",
            "price": "73.58",
            "revenue": 85331
        },
        "2019-03": {
            "month": "2019-03",
            "price": "76.42",
            "revenue": 75920
        },
        "2019-04": {
            "month": "2019-04",
            "price": "72.92",
            "revenue": 112821
        },
        "2019-05": {
            "month": "2019-05",
            "price": "71.19",
            "revenue": 131263
        },
        "2019-06": {
            "month": "2019-06",
            "price": "73.06",
            "revenue": 136952
        },
        "2019-07": {
            "month": "2019-07",
            "price": "82.80",
            "revenue": 135459
        },
        "2019-08": {
            "month": "2019-08",
            "price": "90.11",
            "revenue": 95903
        },
        "2019-09": {
            "month": "2019-09",
            "price": "84.38",
            "revenue": 79681
        },
        "2019-10": {
            "month": "2019-10",
            "price": "83.30",
            "revenue": 100398
        },
        "2019-11": {
            "month": "2019-11",
            "price": "78.73",
            "revenue": 127379
        },
        "2019-12": {
            "month": "2019-12",
            "price": "78.92",
            "revenue": 108104
        },
        "2020-01": {
            "month": "2020-01",
            "price": "77.37",
            "revenue": 96831
        },
        "2020-02": {
            "month": "2020-02",
            "price": "73.52",
            "revenue": 79860
        },
        "2020-03": {
            "month": "2020-03",
            "price": "63.10",
            "revenue": 113327
        },
        "2020-04": {
            "month": "2020-04",
            "price": "70.22",
            "revenue": 148553
        },
        "2020-05": {
            "month": "2020-05",
            "price": "87.60",
            "revenue": 212134
        },
        "2020-06": {
            "month": "2020-06",
            "price": "140.75",
            "revenue": 245986
        },
        "2020-07": {
            "month": "2020-07",
            "price": "207.39",
            "revenue": 317397
        },
        "2020-08": {
            "month": "2020-08",
            "price": "271.38",
            "revenue": 361399
        },
        "2020-09": {
            "month": "2020-09",
            "price": "313.11",
            "revenue": 298332
        },
        "2020-10": {
            "month": "2020-10",
            "price": "242.66",
            "revenue": 309389
        },
        "2020-11": {
            "month": "2020-11",
            "price": "224.60",
            "revenue": 265099
        },
        "2020-12": {
            "month": "2020-12",
            "price": "198.41",
            "revenue": 257035
        },
        "2021-01": {
            "month": "2021-01",
            "price": "177.52",
            "revenue": 184011
        },
        "2021-02": {
            "month": "2021-02",
            "price": "180.62",
            "revenue": 121676
        },
        "2021-03": {
            "month": "2021-03",
            "price": "198.07",
            "revenue": 117702
        },
        "2021-04": {
            "month": "2021-04",
            "price": "207.42",
            "revenue": 198704
        },
        "2021-05": {
            "month": "2021-05",
            "price": "175.36",
            "revenue": 218171
        },
        "2021-06": {
            "month": "2021-06",
            "price": "176.57",
            "revenue": 192913
        },
        "2021-07": {
            "month": "2021-07",
            "price": "167.55",
            "revenue": 150768
        },
        "2021-08": {
            "month": "2021-08",
            "price": "139.86",
            "revenue": 133401
        },
        "2021-09": {
            "month": "2021-09",
            "price": "117.22",
            "revenue": 121921
        },
        "2021-10": {
            "month": "2021-10",
            "price": "101.42",
            "revenue": 125342
        },
        "2021-11": {
            "month": "2021-11",
            "price": "115.05",
            "revenue": 113875
        },
        "2021-12": {
            "month": "2021-12",
            "price": "110.45",
            "revenue": 113953
        },
        "2022-01": {
            "month": "2022-01",
            "price": "105.69",
            "revenue": 151687
        },
        "2022-02": {
            "month": "2022-02",
            "price": "107.17",
            "revenue": 87221
        },
        "2022-03": {
            "month": "2022-03",
            "price": "98.03",
            "revenue": 162660
        },
        "2022-04": {
            "month": "2022-04",
            "price": "101.69",
            "revenue": 135223
        },
        "2022-05": {
            "month": "2022-05",
            "price": "95.85",
            "revenue": 120843
        },
        "2022-06": {
            "month": "2022-06",
            "price": "87.34",
            "revenue": 154035
        },
        "2022-07": {
            "month": "2022-07",
            "price": "73.32",
            "revenue": 98351
        },
        "2022-08": {
            "month": "2022-08",
            "price": "77.67",
            "revenue": 98664
        },
        "2022-09": {
            "month": "2022-09",
            "price": "71.55",
            "revenue": 70677
        },
        "2022-10": {
            "month": "2022-10",
            "price": "62.12",
            "revenue": 100458
        },
        "2022-11": {
            "month": "2022-11",
            "price": "69.67",
            "revenue": 93659
        },
        "2022-12": {
            "month": "2022-12",
            "price": "73.94",
            "revenue": 99297
        },
        "2023-01": {
            "month": "2023-01",
            "price": "72.92",
            "revenue": 79298
        },
        "2023-02": {
            "month": "2023-02",
            "price": "76.72",
            "revenue": 87111
        },
        "2023-03": {
            "month": "2023-03",
            "price": "82.60",
            "revenue": 86104
        },
        "2023-04": {
            "month": "2023-04",
            "price": "88.14",
            "revenue": 112722
        }
    }
}
