{
    "summary": {
        "stock_name": "德宏",
        "stock_id": "5475",
        "category": "電子零組件",
        "main_business": "印刷電路基層板,玻璃布之製造加工及買賣業務<br>前項之原材料,零配組件,製成品之製造加工買賣業務<br>前項產品之進出口及國內外廠商產品之經銷,投標,報價業務",
        "website_url": "http://www.glotechgf.com",
        "ceo": "鄭慧枝",
        "pe_ratio": -6,
        "report_year_from": 2001,
        "report_year_to": 2023,
        "age": 23,
        "eps_negative_percentage": 48,
        "eps_growth_avg": {
            "last_all": -52.54,
            "last_2y": -100,
            "last_4y": -100,
            "last_8y": -100,
            "last_12y": -89.5,
            "last_16y": -82.62,
            "last_20y": -47.79,
            "at_2006_last_3y": 33.47,
            "at_2007_last_3y": 17.4,
            "at_2008_last_3y": -32.6,
            "at_2009_last_3y": -10.28,
            "at_2010_last_3y": -65.42,
            "at_2011_last_3y": -75.85,
            "at_2012_last_3y": -73.74,
            "at_2013_last_3y": -82.49,
            "at_2014_last_3y": -82.49,
            "at_2015_last_3y": -97.89,
            "at_2016_last_3y": -100,
            "at_2017_last_3y": null,
            "at_2018_last_3y": -100,
            "at_2019_last_3y": -100,
            "at_2020_last_3y": -100,
            "at_2021_last_3y": -100,
            "at_2022_last_3y": -100,
            "at_2023_last_3y": -100,
            "at_2024_last_3y": -100,
            "at_2006_last_all": 0.11,
            "at_2007_last_all": -6.08,
            "at_2008_last_all": -21.74,
            "at_2009_last_all": -21.74,
            "at_2010_last_all": -21.74,
            "at_2011_last_all": -26.02,
            "at_2012_last_all": -34.74,
            "at_2013_last_all": -41.99,
            "at_2014_last_all": -41.99,
            "at_2015_last_all": -41.99,
            "at_2016_last_all": -41.99,
            "at_2017_last_all": -41.99,
            "at_2018_last_all": -47.79,
            "at_2019_last_all": -47.79,
            "at_2020_last_all": -47.79,
            "at_2021_last_all": -47.79,
            "at_2022_last_all": -52.54,
            "at_2023_last_all": -52.54,
            "at_2024_last_all": -52.54
        },
        "latest_eps": -1.94,
        "latest_price": 12.45,
        "latest_roe": -23.21,
        "latest_gross_margin": -3.2,
        "latest_equity": 958273,
        "latest_revenue": 167472,
        "latest_gross_profit": -5364,
        "latest_net_income": -40677,
        "latest_debt_ratio": 55.49,
        "latest_current_ratio": 111.46,
        "latest_account_receivable_turnover_ratio": 0.39,
        "latest_inventory_turnover_ratio": 0.88,
        "latest_reinvestment_rate": null,
        "latest_research_to_sale_ratio": 0.38
    },
    "eps_dividends": {
        "2000": {
            "cash": 0,
            "stock": 0.4,
            "eps": 0
        },
        "2001": {
            "cash": 0.5,
            "stock": 2.5,
            "eps": 0.83
        },
        "2002": {
            "cash": 0,
            "stock": 1,
            "eps": -1.45
        },
        "2003": {
            "cash": 0,
            "stock": 0,
            "eps": 0.64
        },
        "2004": {
            "cash": 0,
            "stock": 0,
            "eps": 4.71
        },
        "2005": {
            "cash": 1,
            "stock": 1,
            "eps": 0.02
        },
        "2006": {
            "cash": 0,
            "stock": 0,
            "eps": 1.07
        },
        "2007": {
            "cash": 0.6,
            "stock": 0,
            "eps": 0.74
        },
        "2008": {
            "cash": 0,
            "stock": 1.01,
            "eps": -2.35
        },
        "2009": {
            "cash": 0,
            "stock": 0,
            "eps": -1.48
        },
        "2010": {
            "cash": 0,
            "stock": 0,
            "eps": 1.47
        },
        "2011": {
            "cash": 0,
            "stock": 0.51,
            "eps": 0.71
        },
        "2012": {
            "cash": 0.51,
            "stock": 0,
            "eps": 0.03
        },
        "2013": {
            "cash": 0,
            "stock": 0,
            "eps": -0.61
        },
        "2014": {
            "cash": 0,
            "stock": 0,
            "eps": -0.87
        },
        "2015": {
            "cash": 0,
            "stock": 0,
            "eps": -2.53
        },
        "2016": {
            "cash": 0,
            "stock": 0,
            "eps": -3.39
        },
        "2017": {
            "cash": 0,
            "stock": 0,
            "eps": 0.79
        },
        "2018": {
            "cash": 0,
            "stock": 0,
            "eps": 0
        },
        "2019": {
            "cash": 0,
            "stock": 0,
            "eps": -2.3
        },
        "2020": {
            "cash": 0,
            "stock": 0,
            "eps": -0.47
        },
        "2021": {
            "cash": 0,
            "stock": 0,
            "eps": 3.73
        },
        "2022": {
            "cash": 0,
            "stock": 0,
            "eps": -2.71
        },
        "2023": {
            "cash": 0,
            "stock": 0,
            "eps": -1.24
        }
    },
    "dividends": {
        "2000-06-12": {
            "cash": 0,
            "stock": 0.4
        },
        "2001-04-10": {
            "cash": 0.5,
            "stock": 2.5
        },
        "2002-05-23": {
            "cash": 0,
            "stock": 1
        },
        "2005-03-30": {
            "cash": 1,
            "stock": 1
        },
        "2007-04-26": {
            "cash": 0.6,
            "stock": 0
        },
        "2008-04-28": {
            "cash": 0,
            "stock": 1.01
        },
        "2011-03-18": {
            "cash": 0,
            "stock": 0.51
        },
        "2012-06-12": {
            "cash": 0.51,
            "stock": 0
        }
    },
    "prices": {
        "200101": "56.03",
        "200102": "72.92",
        "200103": "70.11",
        "200104": "68.18",
        "200105": "50.12",
        "200106": "38.12",
        "200107": "22.31",
        "200108": "18.91",
        "200109": "12.77",
        "200110": "9.80",
        "200111": "10.70",
        "200112": "12.95",
        "200201": "17.39",
        "200202": "18.54",
        "200203": "21.25",
        "200204": "28.00",
        "200205": "20.63",
        "200206": "19.00",
        "200207": "12.48",
        "200208": "11.55",
        "200209": "9.35",
        "200210": "8.46",
        "200211": "7.91",
        "200212": "7.64",
        "200301": "8.95",
        "200302": "9.07",
        "200303": "8.81",
        "200304": "8.28",
        "200305": "7.32",
        "200306": "9.14",
        "200307": "10.61",
        "200308": "12.02",
        "200309": "10.51",
        "200310": "11.77",
        "200311": "14.22",
        "200312": "14.53",
        "200401": "15.27",
        "200402": "18.78",
        "200403": "22.06",
        "200404": "27.03",
        "200405": "27.90",
        "200406": "25.50",
        "200407": "24.00",
        "200408": "25.06",
        "200409": "32.96",
        "200410": "31.03",
        "200411": "26.55",
        "200412": "24.41",
        "200501": "19.41",
        "200502": "20.65",
        "200503": "22.07",
        "200504": "19.12",
        "200505": "15.25",
        "200506": "16.99",
        "200507": "17.17",
        "200508": "14.48",
        "200509": "9.97",
        "200510": "10.13",
        "200511": "9.74",
        "200512": "13.37",
        "200601": "14.36",
        "200602": "13.69",
        "200603": "13.94",
        "200604": "14.97",
        "200605": "15.65",
        "200606": "13.98",
        "200607": "14.99",
        "200608": "15.03",
        "200609": "14.03",
        "200610": "14.34",
        "200611": "14.88",
        "200612": "14.95",
        "200701": "14.67",
        "200702": "13.95",
        "200703": "13.29",
        "200704": "14.15",
        "200705": "13.56",
        "200706": "15.64",
        "200707": "16.13",
        "200708": "14.91",
        "200709": "14.02",
        "200710": "12.51",
        "200711": "10.85",
        "200712": "9.43",
        "200801": "8.84",
        "200802": "8.13",
        "200803": "8.86",
        "200804": "9.45",
        "200805": "9.66",
        "200806": "8.42",
        "200807": "6.10",
        "200808": "5.45",
        "200809": "3.91",
        "200810": "3.46",
        "200811": "2.50",
        "200812": "2.34",
        "200901": "2.30",
        "200902": "2.74",
        "200903": "3.68",
        "200904": "4.44",
        "200905": "4.69",
        "200906": "4.97",
        "200907": "5.36",
        "200908": "6.76",
        "200909": "8.98",
        "200910": "9.94",
        "200911": "8.96",
        "200912": "9.30",
        "201001": "10.03",
        "201002": "9.24",
        "201003": "12.40",
        "201004": "16.38",
        "201005": "15.16",
        "201006": "17.13",
        "201007": "18.96",
        "201008": "19.72",
        "201009": "17.28",
        "201010": "14.86",
        "201011": "14.49",
        "201012": "16.99",
        "201101": "18.44",
        "201102": "19.31",
        "201103": "17.40",
        "201104": "17.39",
        "201105": "17.75",
        "201106": "15.72",
        "201107": "13.94",
        "201108": "12.78",
        "201109": "11.64",
        "201110": "10.91",
        "201111": "9.32",
        "201112": "7.52",
        "201201": "8.41",
        "201202": "10.90",
        "201203": "11.78",
        "201204": "10.51",
        "201205": "9.54",
        "201206": "8.89",
        "201207": "8.66",
        "201208": "8.30",
        "201209": "9.26",
        "201210": "9.10",
        "201211": "7.99",
        "201212": "8.04",
        "201301": "8.20",
        "201302": "8.89",
        "201303": "8.80",
        "201304": "8.66",
        "201305": "8.69",
        "201306": "8.26",
        "201307": "7.84",
        "201308": "7.36",
        "201309": "7.00",
        "201310": "6.90",
        "201311": "6.55",
        "201312": "6.32",
        "201401": "6.86",
        "201402": "7.55",
        "201403": "8.52",
        "201404": "8.17",
        "201405": "8.26",
        "201406": "10.05",
        "201407": "9.49",
        "201408": "8.80",
        "201409": "7.91",
        "201410": "6.92",
        "201411": "7.24",
        "201412": "7.29",
        "201501": "7.55",
        "201502": "7.39",
        "201503": "7.35",
        "201504": "7.18",
        "201505": "5.70",
        "201506": "4.93",
        "201507": "4.47",
        "201508": "3.63",
        "201509": "3.88",
        "201510": "4.18",
        "201511": "4.01",
        "201512": "3.51",
        "201601": "3.18",
        "201602": "3.13",
        "201603": "3.70",
        "201604": "3.26",
        "201605": "2.96",
        "201606": "2.90",
        "201607": "3.33",
        "201608": "3.23",
        "201609": "3.26",
        "201610": "3.73",
        "201611": "3.39",
        "201612": "3.15",
        "201701": "3.29",
        "201702": "5.36",
        "201703": "5.60",
        "201704": "4.78",
        "201705": "6.43",
        "201706": "7.21",
        "201707": "7.14",
        "201708": "8.56",
        "201709": "9.81",
        "201710": "9.90",
        "201711": "9.44",
        "201712": "9.02",
        "201801": "9.53",
        "201802": "8.35",
        "201803": "8.22",
        "201804": "7.70",
        "201805": "7.54",
        "201806": "8.29",
        "201807": "7.82",
        "201808": "7.61",
        "201809": "7.39",
        "201810": "6.33",
        "201811": "5.94",
        "201812": "5.49",
        "201901": "5.44",
        "201902": "7.79",
        "201903": "7.47",
        "201904": "7.18",
        "201905": "6.91",
        "201906": "7.56",
        "201907": "7.36",
        "201908": "6.78",
        "201909": "6.80",
        "201910": "6.20",
        "201911": "4.77",
        "201912": "3.23",
        "202001": "3.27",
        "202002": "3.02",
        "202003": "2.38",
        "202004": "2.28",
        "202005": "2.23",
        "202006": "2.15",
        "202007": "2.37",
        "202008": "2.60",
        "202009": "3.36",
        "202010": "3.54",
        "202011": "3.42",
        "202012": "3.69",
        "202101": "3.79",
        "202102": "3.67",
        "202103": "4.58",
        "202104": "9.61",
        "202105": "16.28",
        "202106": "29.59",
        "202107": "40.89",
        "202108": "31.82",
        "202109": "30.79",
        "202110": "28.39",
        "202111": "29.37",
        "202112": "32.89",
        "202201": "30.07",
        "202202": "27.94",
        "202203": "22.90",
        "202204": "17.51",
        "202205": "14.07",
        "202206": "15.57",
        "202207": "12.61",
        "202208": "13.15",
        "202209": "13.11",
        "202210": "10.70",
        "202211": "11.60",
        "202212": "10.95",
        "202301": "11.48",
        "202302": "12.59",
        "202303": "13.41",
        "202304": "15.50",
        "202305": "15.12",
        "202306": "14.96",
        "202307": "13.40",
        "202308": "12.74",
        "202309": "12.61",
        "202310": "12.42",
        "202311": "12.31",
        "202312": "12.70"
    },
    "quarters": {
        "20011": {
            "year_quarter": 20011,
            "year": 2001,
            "quarter": 1,
            "eps": 1.43,
            "eps_growth_year": 47.42,
            "eps_4q": 5.37,
            "eps_4q_growth_year": null,
            "roe": 8.68,
            "roe_4q": 8.68,
            "gross_profit": 124294,
            "gross_margin": 31.74,
            "gross_margin_4q_avg": 31.74,
            "net_income": 81625,
            "net_income_4q": null,
            "revenue": 391615,
            "revenue_4q": null,
            "common_shares": 570000,
            "book_valuer_per_share": 17.22,
            "book_valuer_per_share_4q_avg": 17.22,
            "equity": 981497,
            "current_ratio": 135.16,
            "debt_ratio": 50.02,
            "inventory_turnover_ratio": 0.89,
            "account_receivable_turnover_ratio": null,
            "reinvestment_rate": null,
            "research_to_sale_ratio": null,
            "price_fair": 0,
            "eps_avg_yearly": 0,
            "eps_latest_yearly": 0,
            "eps_growth_yearly": 0
        },
        "20012": {
            "year_quarter": 20012,
            "year": 2001,
            "quarter": 2,
            "eps": 0,
            "eps_growth_year": -100,
            "eps_4q": 5.09,
            "eps_4q_growth_year": null,
            "roe": 0.02,
            "roe_4q": 8.7,
            "gross_profit": 23253,
            "gross_margin": 13.72,
            "gross_margin_4q_avg": 22.73,
            "net_income": 210,
            "net_income_4q": null,
            "revenue": 169438,
            "revenue_4q": null,
            "common_shares": 570000,
            "book_valuer_per_share": 16.72,
            "book_valuer_per_share_4q_avg": 16.97,
            "equity": 952756,
            "current_ratio": 127.54,
            "debt_ratio": 50.74,
            "inventory_turnover_ratio": 0.37,
            "account_receivable_turnover_ratio": null,
            "reinvestment_rate": null,
            "research_to_sale_ratio": null,
            "price_fair": 0,
            "eps_avg_yearly": 0,
            "eps_latest_yearly": 0,
            "eps_growth_yearly": 0
        },
        "20013": {
            "year_quarter": 20013,
            "year": 2001,
            "quarter": 3,
            "eps": -0.54,
            "eps_growth_year": -127.69,
            "eps_4q": 1.85,
            "eps_4q_growth_year": null,
            "roe": -3.82,
            "roe_4q": 4.88,
            "gross_profit": -35554,
            "gross_margin": -25.39,
            "gross_margin_4q_avg": 6.69,
            "net_income": -39052,
            "net_income_4q": null,
            "revenue": 140053,
            "revenue_4q": null,
            "common_shares": 811500,
            "book_valuer_per_share": 13.49,
            "book_valuer_per_share_4q_avg": 15.81,
            "equity": 1094472,
            "current_ratio": 166.97,
            "debt_ratio": 42.22,
            "inventory_turnover_ratio": 0.45,
            "account_receivable_turnover_ratio": null,
            "reinvestment_rate": null,
            "research_to_sale_ratio": null,
            "price_fair": 0,
            "eps_avg_yearly": 0,
            "eps_latest_yearly": 0,
            "eps_growth_yearly": 0
        },
        "20014": {
            "year_quarter": 20014,
            "year": 2001,
            "quarter": 4,
            "eps": -0.06,
            "eps_growth_year": -102.99,
            "eps_4q": 0.51,
            "eps_4q_growth_year": -90.08,
            "roe": -0.39,
            "roe_4q": 4.489999999999999,
            "gross_profit": 2827,
            "gross_margin": 1.51,
            "gross_margin_4q_avg": 5.4,
            "net_income": -4237,
            "net_income_4q": null,
            "revenue": 186814,
            "revenue_4q": null,
            "common_shares": 811500,
            "book_valuer_per_share": 13.45,
            "book_valuer_per_share_4q_avg": 15.22,
            "equity": 1091791,
            "current_ratio": 168.32,
            "debt_ratio": 41.41,
            "inventory_turnover_ratio": 0.51,
            "account_receivable_turnover_ratio": null,
            "reinvestment_rate": null,
            "research_to_sale_ratio": null,
            "price_fair": 0,
            "eps_avg_yearly": 0,
            "eps_latest_yearly": 0,
            "eps_growth_yearly": 0
        },
        "20021": {
            "year_quarter": 20021,
            "year": 2002,
            "quarter": 1,
            "eps": -0.15,
            "eps_growth_year": -110.49,
            "eps_4q": -0.68,
            "eps_4q_growth_year": -112.63,
            "roe": -1.13,
            "roe_4q": -5.32,
            "gross_profit": 10228,
            "gross_margin": 4.3,
            "gross_margin_4q_avg": -1.47,
            "net_income": -12220,
            "net_income_4q": null,
            "revenue": 237847,
            "revenue_4q": null,
            "common_shares": 811500,
            "book_valuer_per_share": 13.31,
            "book_valuer_per_share_4q_avg": 14.24,
            "equity": 1079803,
            "current_ratio": 178.22,
            "debt_ratio": 43.12,
            "inventory_turnover_ratio": 0.67,
            "account_receivable_turnover_ratio": null,
            "reinvestment_rate": null,
            "research_to_sale_ratio": null,
            "price_fair": 0,
            "eps_avg_yearly": 0,
            "eps_latest_yearly": 0,
            "eps_growth_yearly": 0
        },
        "20022": {
            "year_quarter": 20022,
            "year": 2002,
            "quarter": 2,
            "eps": -0.29,
            "eps_growth_year": null,
            "eps_4q": -0.97,
            "eps_4q_growth_year": -119.1,
            "roe": -2.2,
            "roe_4q": -7.54,
            "gross_profit": 23187,
            "gross_margin": 8.64,
            "gross_margin_4q_avg": -2.74,
            "net_income": -23352,
            "net_income_4q": null,
            "revenue": 268301,
            "revenue_4q": null,
            "common_shares": 811500,
            "book_valuer_per_share": 12.91,
            "book_valuer_per_share_4q_avg": 13.29,
            "equity": 1047366,
            "current_ratio": 127.58,
            "debt_ratio": 48.34,
            "inventory_turnover_ratio": 0.68,
            "account_receivable_turnover_ratio": null,
            "reinvestment_rate": null,
            "research_to_sale_ratio": null,
            "price_fair": 0,
            "eps_avg_yearly": 0,
            "eps_latest_yearly": 0,
            "eps_growth_yearly": 0
        },
        "20023": {
            "year_quarter": 20023,
            "year": 2002,
            "quarter": 3,
            "eps": -0.41,
            "eps_growth_year": null,
            "eps_4q": -0.85,
            "eps_4q_growth_year": -146.15,
            "roe": -3.57,
            "roe_4q": -7.289999999999999,
            "gross_profit": -5548,
            "gross_margin": -3.08,
            "gross_margin_4q_avg": 2.84,
            "net_income": -36873,
            "net_income_4q": null,
            "revenue": 180203,
            "revenue_4q": null,
            "common_shares": 899810,
            "book_valuer_per_share": 11.32,
            "book_valuer_per_share_4q_avg": 12.75,
            "equity": 1018745,
            "current_ratio": 121.46,
            "debt_ratio": 47.84,
            "inventory_turnover_ratio": 0.48,
            "account_receivable_turnover_ratio": null,
            "reinvestment_rate": null,
            "research_to_sale_ratio": null,
            "price_fair": 0,
            "eps_avg_yearly": 0,
            "eps_latest_yearly": 0,
            "eps_growth_yearly": 0
        },
        "20024": {
            "year_quarter": 20024,
            "year": 2002,
            "quarter": 4,
            "eps": -0.6,
            "eps_growth_year": null,
            "eps_4q": -1.41,
            "eps_4q_growth_year": -376.47,
            "roe": -5.48,
            "roe_4q": -12.379999999999999,
            "gross_profit": 21782,
            "gross_margin": 6.77,
            "gross_margin_4q_avg": 4.16,
            "net_income": -54278,
            "net_income_4q": null,
            "revenue": 321743,
            "revenue_4q": null,
            "common_shares": 899810,
            "book_valuer_per_share": 10.71,
            "book_valuer_per_share_4q_avg": 12.06,
            "equity": 963789,
            "current_ratio": 92.08,
            "debt_ratio": 52.24,
            "inventory_turnover_ratio": 0.92,
            "account_receivable_turnover_ratio": null,
            "reinvestment_rate": null,
            "research_to_sale_ratio": null,
            "price_fair": 0,
            "eps_avg_yearly": 0,
            "eps_latest_yearly": 0,
            "eps_growth_yearly": 0
        },
        "20031": {
            "year_quarter": 20031,
            "year": 2003,
            "quarter": 1,
            "eps": 0.16,
            "eps_growth_year": null,
            "eps_4q": -1.08,
            "eps_4q_growth_year": null,
            "roe": 1.53,
            "roe_4q": -9.719999999999999,
            "gross_profit": 50351,
            "gross_margin": 13.81,
            "gross_margin_4q_avg": 6.54,
            "net_income": 14833,
            "net_income_4q": null,
            "revenue": 364648,
            "revenue_4q": null,
            "common_shares": 899810,
            "book_valuer_per_share": 10.87,
            "book_valuer_per_share_4q_avg": 11.45,
            "equity": 978281,
            "current_ratio": 97.78,
            "debt_ratio": 49.17,
            "inventory_turnover_ratio": 1.36,
            "account_receivable_turnover_ratio": null,
            "reinvestment_rate": null,
            "research_to_sale_ratio": null,
            "price_fair": 0,
            "eps_avg_yearly": 0,
            "eps_latest_yearly": 0,
            "eps_growth_yearly": 0
        },
        "20032": {
            "year_quarter": 20032,
            "year": 2003,
            "quarter": 2,
            "eps": 0.15,
            "eps_growth_year": null,
            "eps_4q": -0.7,
            "eps_4q_growth_year": null,
            "roe": 1.37,
            "roe_4q": -6.15,
            "gross_profit": 50846,
            "gross_margin": 17.49,
            "gross_margin_4q_avg": 8.75,
            "net_income": 13472,
            "net_income_4q": null,
            "revenue": 290714,
            "revenue_4q": null,
            "common_shares": 899810,
            "book_valuer_per_share": 11.01,
            "book_valuer_per_share_4q_avg": 10.98,
            "equity": 990741,
            "current_ratio": 98.6,
            "debt_ratio": 49.31,
            "inventory_turnover_ratio": 1.11,
            "account_receivable_turnover_ratio": null,
            "reinvestment_rate": null,
            "research_to_sale_ratio": null,
            "price_fair": 1.8,
            "eps_avg_yearly": 0.6,
            "eps_latest_yearly": 0.6,
            "eps_growth_yearly": -25
        },
        "20033": {
            "year_quarter": 20033,
            "year": 2003,
            "quarter": 3,
            "eps": 0.1,
            "eps_growth_year": null,
            "eps_4q": -0.2,
            "eps_4q_growth_year": null,
            "roe": 0.88,
            "roe_4q": -1.7000000000000002,
            "gross_profit": 45898,
            "gross_margin": 14.22,
            "gross_margin_4q_avg": 13.07,
            "net_income": 8783,
            "net_income_4q": null,
            "revenue": 322831,
            "revenue_4q": null,
            "common_shares": 899810,
            "book_valuer_per_share": 11.12,
            "book_valuer_per_share_4q_avg": 10.93,
            "equity": 1000459,
            "current_ratio": 135.32,
            "debt_ratio": 48.03,
            "inventory_turnover_ratio": 1.21,
            "account_receivable_turnover_ratio": null,
            "reinvestment_rate": null,
            "research_to_sale_ratio": null,
            "price_fair": 1.5,
            "eps_avg_yearly": 0.5,
            "eps_latest_yearly": 0.4,
            "eps_growth_yearly": -79.17
        },
        "20034": {
            "year_quarter": 20034,
            "year": 2003,
            "quarter": 4,
            "eps": 0.23,
            "eps_growth_year": null,
            "eps_4q": 0.65,
            "eps_4q_growth_year": null,
            "roe": 1.88,
            "roe_4q": 5.66,
            "gross_profit": 63545,
            "gross_margin": 16.32,
            "gross_margin_4q_avg": 15.46,
            "net_income": 20371,
            "net_income_4q": null,
            "revenue": 389332,
            "revenue_4q": null,
            "common_shares": 1041847,
            "book_valuer_per_share": 11.23,
            "book_valuer_per_share_4q_avg": 11.06,
            "equity": 1170390,
            "current_ratio": 112.36,
            "debt_ratio": 49.2,
            "inventory_turnover_ratio": 1.47,
            "account_receivable_turnover_ratio": null,
            "reinvestment_rate": 295.87,
            "research_to_sale_ratio": null,
            "price_fair": 22.4,
            "eps_avg_yearly": 0.64,
            "eps_latest_yearly": 0.92,
            "eps_growth_yearly": 120.56
        },
        "20041": {
            "year_quarter": 20041,
            "year": 2004,
            "quarter": 1,
            "eps": 0.41,
            "eps_growth_year": 156.25,
            "eps_4q": 0.82,
            "eps_4q_growth_year": null,
            "roe": 3.56,
            "roe_4q": 7.6899999999999995,
            "gross_profit": 97803,
            "gross_margin": 23.4,
            "gross_margin_4q_avg": 17.86,
            "net_income": 42734,
            "net_income_4q": null,
            "revenue": 417897,
            "revenue_4q": null,
            "common_shares": 1066291,
            "book_valuer_per_share": 11.54,
            "book_valuer_per_share_4q_avg": 11.23,
            "equity": 1231033,
            "current_ratio": 117.18,
            "debt_ratio": 44.4,
            "inventory_turnover_ratio": 1.47,
            "account_receivable_turnover_ratio": null,
            "reinvestment_rate": 113.52,
            "research_to_sale_ratio": null,
            "price_fair": 31.15,
            "eps_avg_yearly": 0.89,
            "eps_latest_yearly": 1.64,
            "eps_growth_yearly": 168.68
        },
        "20042": {
            "year_quarter": 20042,
            "year": 2004,
            "quarter": 2,
            "eps": 1.28,
            "eps_growth_year": 753.33,
            "eps_4q": 1.96,
            "eps_4q_growth_year": null,
            "roe": 10.3,
            "roe_4q": 16.62,
            "gross_profit": 145587,
            "gross_margin": 29.76,
            "gross_margin_4q_avg": 20.93,
            "net_income": 135227,
            "net_income_4q": null,
            "revenue": 489240,
            "revenue_4q": null,
            "common_shares": 1084995,
            "book_valuer_per_share": 12.85,
            "book_valuer_per_share_4q_avg": 11.69,
            "equity": 1393989,
            "current_ratio": 125.86,
            "debt_ratio": 46.33,
            "inventory_turnover_ratio": 1.42,
            "account_receivable_turnover_ratio": null,
            "reinvestment_rate": 44.05,
            "research_to_sale_ratio": null,
            "price_fair": 60.76,
            "eps_avg_yearly": 1.74,
            "eps_latest_yearly": 5.12,
            "eps_growth_yearly": 304.7
        },
        "20043": {
            "year_quarter": 20043,
            "year": 2004,
            "quarter": 3,
            "eps": 1.87,
            "eps_growth_year": 1770,
            "eps_4q": 3.73,
            "eps_4q_growth_year": null,
            "roe": 11.66,
            "roe_4q": 27.4,
            "gross_profit": 218275,
            "gross_margin": 32.32,
            "gross_margin_4q_avg": 25.45,
            "net_income": 199767,
            "net_income_4q": null,
            "revenue": 675253,
            "revenue_4q": null,
            "common_shares": 1277603,
            "book_valuer_per_share": 15.91,
            "book_valuer_per_share_4q_avg": 12.88,
            "equity": 2032422,
            "current_ratio": 173.3,
            "debt_ratio": 32.68,
            "inventory_turnover_ratio": 1.43,
            "account_receivable_turnover_ratio": null,
            "reinvestment_rate": 10.38,
            "research_to_sale_ratio": null,
            "price_fair": 94.27,
            "eps_avg_yearly": 2.69,
            "eps_latest_yearly": 7.48,
            "eps_growth_yearly": 284.64
        },
        "20044": {
            "year_quarter": 20044,
            "year": 2004,
            "quarter": 4,
            "eps": 1.15,
            "eps_growth_year": 400,
            "eps_4q": 4.52,
            "eps_4q_growth_year": 596.27,
            "roe": 6.19,
            "roe_4q": 31.71,
            "gross_profit": 152173,
            "gross_margin": 21.74,
            "gross_margin_4q_avg": 26.81,
            "net_income": 129013,
            "net_income_4q": null,
            "revenue": 699916,
            "revenue_4q": null,
            "common_shares": 1288178,
            "book_valuer_per_share": 16.6,
            "book_valuer_per_share_4q_avg": 14.23,
            "equity": 2138385,
            "current_ratio": 175.87,
            "debt_ratio": 41.77,
            "inventory_turnover_ratio": 1.3,
            "account_receivable_turnover_ratio": null,
            "reinvestment_rate": 118.58,
            "research_to_sale_ratio": null,
            "price_fair": 103.8,
            "eps_avg_yearly": 2.97,
            "eps_latest_yearly": 4.6,
            "eps_growth_yearly": 221.98
        },
        "20051": {
            "year_quarter": 20051,
            "year": 2005,
            "quarter": 1,
            "eps": 0.28,
            "eps_growth_year": -31.71,
            "eps_4q": 3.84,
            "eps_4q_growth_year": 368.56,
            "roe": 1.7,
            "roe_4q": 29.85,
            "gross_profit": 39930,
            "gross_margin": 8.65,
            "gross_margin_4q_avg": 23.12,
            "net_income": 36522,
            "net_income_4q": null,
            "revenue": 461517,
            "revenue_4q": null,
            "common_shares": 1288178,
            "book_valuer_per_share": 16.71,
            "book_valuer_per_share_4q_avg": 15.52,
            "equity": 2152160,
            "current_ratio": 182.34,
            "debt_ratio": 32.27,
            "inventory_turnover_ratio": 0.86,
            "account_receivable_turnover_ratio": null,
            "reinvestment_rate": -32.51,
            "research_to_sale_ratio": null,
            "price_fair": 95.73,
            "eps_avg_yearly": 2.74,
            "eps_latest_yearly": 1.12,
            "eps_growth_yearly": 156.41
        },
        "20052": {
            "year_quarter": 20052,
            "year": 2005,
            "quarter": 2,
            "eps": -0.19,
            "eps_growth_year": -114.84,
            "eps_4q": 2.64,
            "eps_4q_growth_year": 34.79,
            "roe": -1.2,
            "roe_4q": 18.35,
            "gross_profit": 38939,
            "gross_margin": 7.26,
            "gross_margin_4q_avg": 17.49,
            "net_income": -24898,
            "net_income_4q": null,
            "revenue": 536181,
            "revenue_4q": null,
            "common_shares": 1288178,
            "book_valuer_per_share": 15.46,
            "book_valuer_per_share_4q_avg": 16.17,
            "equity": 1991529,
            "current_ratio": 145.23,
            "debt_ratio": 33.92,
            "inventory_turnover_ratio": 1.02,
            "account_receivable_turnover_ratio": null,
            "reinvestment_rate": -75.11,
            "research_to_sale_ratio": null,
            "price_fair": 95.73,
            "eps_avg_yearly": 2.74,
            "eps_latest_yearly": 1.12,
            "eps_growth_yearly": 156.41
        },
        "20053": {
            "year_quarter": 20053,
            "year": 2005,
            "quarter": 3,
            "eps": -0.41,
            "eps_growth_year": -121.93,
            "eps_4q": 0.55,
            "eps_4q_growth_year": -85.29,
            "roe": -2.91,
            "roe_4q": 3.7800000000000002,
            "gross_profit": 892,
            "gross_margin": 0.16,
            "gross_margin_4q_avg": 9.45,
            "net_income": -58690,
            "net_income_4q": null,
            "revenue": 554890,
            "revenue_4q": null,
            "common_shares": 1494443,
            "book_valuer_per_share": 13.64,
            "book_valuer_per_share_4q_avg": 15.6,
            "equity": 2038206,
            "current_ratio": 186.53,
            "debt_ratio": 29.34,
            "inventory_turnover_ratio": 1.32,
            "account_receivable_turnover_ratio": null,
            "reinvestment_rate": -89.04,
            "research_to_sale_ratio": null,
            "price_fair": 95.73,
            "eps_avg_yearly": 2.74,
            "eps_latest_yearly": 1.12,
            "eps_growth_yearly": 156.41
        },
        "20054": {
            "year_quarter": 20054,
            "year": 2005,
            "quarter": 4,
            "eps": 0.34,
            "eps_growth_year": -70.43,
            "eps_4q": 0.02,
            "eps_4q_growth_year": -99.54,
            "roe": 2.42,
            "roe_4q": 0.009999999999999787,
            "gross_profit": 46845,
            "gross_margin": 8.97,
            "gross_margin_4q_avg": 6.26,
            "net_income": 50143,
            "net_income_4q": null,
            "revenue": 522347,
            "revenue_4q": null,
            "common_shares": 1494443,
            "book_valuer_per_share": 13.93,
            "book_valuer_per_share_4q_avg": 14.94,
            "equity": 2100484,
            "current_ratio": 119.98,
            "debt_ratio": 41.28,
            "inventory_turnover_ratio": 1.24,
            "account_receivable_turnover_ratio": null,
            "reinvestment_rate": 117.18,
            "research_to_sale_ratio": null,
            "price_fair": 95.73,
            "eps_avg_yearly": 2.74,
            "eps_latest_yearly": 1.12,
            "eps_growth_yearly": 156.41
        },
        "20061": {
            "year_quarter": 20061,
            "year": 2006,
            "quarter": 1,
            "eps": 0.15,
            "eps_growth_year": -46.43,
            "eps_4q": -0.08,
            "eps_4q_growth_year": -102.15,
            "roe": 1.04,
            "roe_4q": -0.6500000000000001,
            "gross_profit": 30296,
            "gross_margin": 6.29,
            "gross_margin_4q_avg": 5.67,
            "net_income": 21586,
            "net_income_4q": null,
            "revenue": 481867,
            "revenue_4q": null,
            "common_shares": 1494443,
            "book_valuer_per_share": 13.81,
            "book_valuer_per_share_4q_avg": 14.21,
            "equity": 2063587,
            "current_ratio": 160.98,
            "debt_ratio": 30.28,
            "inventory_turnover_ratio": 1.12,
            "account_receivable_turnover_ratio": null,
            "reinvestment_rate": -75.4,
            "research_to_sale_ratio": null,
            "price_fair": 87.42,
            "eps_avg_yearly": 2.5,
            "eps_latest_yearly": 0.6,
            "eps_growth_yearly": 114.19
        },
        "20062": {
            "year_quarter": 20062,
            "year": 2006,
            "quarter": 2,
            "eps": 0.49,
            "eps_growth_year": null,
            "eps_4q": 0.58,
            "eps_4q_growth_year": -78.13,
            "roe": 3.46,
            "roe_4q": 4.01,
            "gross_profit": 54899,
            "gross_margin": 9.14,
            "gross_margin_4q_avg": 6.14,
            "net_income": 72750,
            "net_income_4q": null,
            "revenue": 600762,
            "revenue_4q": null,
            "common_shares": 1494443,
            "book_valuer_per_share": 14.3,
            "book_valuer_per_share_4q_avg": 13.92,
            "equity": 2136584,
            "current_ratio": 166.74,
            "debt_ratio": 29.64,
            "inventory_turnover_ratio": 1.34,
            "account_receivable_turnover_ratio": null,
            "reinvestment_rate": -63.46,
            "research_to_sale_ratio": null,
            "price_fair": 85.54,
            "eps_avg_yearly": 2.44,
            "eps_latest_yearly": 1.96,
            "eps_growth_yearly": 193.44
        },
        "20063": {
            "year_quarter": 20063,
            "year": 2006,
            "quarter": 3,
            "eps": 0.74,
            "eps_growth_year": null,
            "eps_4q": 1.72,
            "eps_4q_growth_year": 213.84,
            "roe": 4.95,
            "roe_4q": 11.87,
            "gross_profit": 56574,
            "gross_margin": 10.74,
            "gross_margin_4q_avg": 8.79,
            "net_income": 108992,
            "net_income_4q": null,
            "revenue": 526653,
            "revenue_4q": null,
            "common_shares": 1464113,
            "book_valuer_per_share": 15.5,
            "book_valuer_per_share_4q_avg": 14.39,
            "equity": 2269892,
            "current_ratio": 174.7,
            "debt_ratio": 28.61,
            "inventory_turnover_ratio": 0.99,
            "account_receivable_turnover_ratio": null,
            "reinvestment_rate": -52.82,
            "research_to_sale_ratio": null,
            "price_fair": 87.18,
            "eps_avg_yearly": 2.49,
            "eps_latest_yearly": 2.96,
            "eps_growth_yearly": 194.41
        },
        "20064": {
            "year_quarter": 20064,
            "year": 2006,
            "quarter": 4,
            "eps": -0.31,
            "eps_growth_year": -191.18,
            "eps_4q": 1.06,
            "eps_4q_growth_year": 4968.96,
            "roe": -1.88,
            "roe_4q": 7.57,
            "gross_profit": 30720,
            "gross_margin": 9.73,
            "gross_margin_4q_avg": 8.98,
            "net_income": -45152,
            "net_income_4q": null,
            "revenue": 315796,
            "revenue_4q": null,
            "common_shares": 1464113,
            "book_valuer_per_share": 17.21,
            "book_valuer_per_share_4q_avg": 15.21,
            "equity": 2543014,
            "current_ratio": 187.89,
            "debt_ratio": 37.78,
            "inventory_turnover_ratio": 0.44,
            "account_receivable_turnover_ratio": null,
            "reinvestment_rate": 39.52,
            "research_to_sale_ratio": null,
            "price_fair": 87.18,
            "eps_avg_yearly": 2.49,
            "eps_latest_yearly": 2.96,
            "eps_growth_yearly": 194.41
        },
        "20071": {
            "year_quarter": 20071,
            "year": 2007,
            "quarter": 1,
            "eps": -0.61,
            "eps_growth_year": -506.67,
            "eps_4q": 0.18,
            "eps_4q_growth_year": null,
            "roe": -3.99,
            "roe_4q": 2.54,
            "gross_profit": -27125,
            "gross_margin": -7.58,
            "gross_margin_4q_avg": 5.51,
            "net_income": -105332,
            "net_income_4q": null,
            "revenue": 358052,
            "revenue_4q": null,
            "common_shares": 1723704,
            "book_valuer_per_share": 15.85,
            "book_valuer_per_share_4q_avg": 15.72,
            "equity": 2731481,
            "current_ratio": 184.4,
            "debt_ratio": 18.12,
            "inventory_turnover_ratio": 0.62,
            "account_receivable_turnover_ratio": null,
            "reinvestment_rate": -60.84,
            "research_to_sale_ratio": null,
            "price_fair": 87.18,
            "eps_avg_yearly": 2.49,
            "eps_latest_yearly": 2.96,
            "eps_growth_yearly": 194.41
        },
        "20072": {
            "year_quarter": 20072,
            "year": 2007,
            "quarter": 2,
            "eps": 0.64,
            "eps_growth_year": 30.61,
            "eps_4q": 0.4,
            "eps_4q_growth_year": -30.82,
            "roe": 3.98,
            "roe_4q": 3.06,
            "gross_profit": -76720,
            "gross_margin": -14.4,
            "gross_margin_4q_avg": -0.38,
            "net_income": 110531,
            "net_income_4q": null,
            "revenue": 532721,
            "revenue_4q": null,
            "common_shares": 1723704,
            "book_valuer_per_share": 16.38,
            "book_valuer_per_share_4q_avg": 16.24,
            "equity": 2823123,
            "current_ratio": 144.93,
            "debt_ratio": 25.31,
            "inventory_turnover_ratio": 1.14,
            "account_receivable_turnover_ratio": null,
            "reinvestment_rate": -45.63,
            "research_to_sale_ratio": null,
            "price_fair": 93.8,
            "eps_avg_yearly": 2.68,
            "eps_latest_yearly": 2.96,
            "eps_growth_yearly": 216.35
        },
        "20073": {
            "year_quarter": 20073,
            "year": 2007,
            "quarter": 3,
            "eps": 0.82,
            "eps_growth_year": 10.81,
            "eps_4q": 0.59,
            "eps_4q_growth_year": -65.81,
            "roe": 4.86,
            "roe_4q": 2.9699999999999998,
            "gross_profit": 11715,
            "gross_margin": 2.55,
            "gross_margin_4q_avg": -2.43,
            "net_income": 141488,
            "net_income_4q": null,
            "revenue": 460017,
            "revenue_4q": null,
            "common_shares": 1723704,
            "book_valuer_per_share": 17.37,
            "book_valuer_per_share_4q_avg": 16.7,
            "equity": 2993866,
            "current_ratio": 153.03,
            "debt_ratio": 21.61,
            "inventory_turnover_ratio": 0.85,
            "account_receivable_turnover_ratio": null,
            "reinvestment_rate": -30.16,
            "research_to_sale_ratio": null,
            "price_fair": 103.88,
            "eps_avg_yearly": 2.97,
            "eps_latest_yearly": 3.28,
            "eps_growth_yearly": 240.93
        },
        "20074": {
            "year_quarter": 20074,
            "year": 2007,
            "quarter": 4,
            "eps": -0.11,
            "eps_growth_year": null,
            "eps_4q": 0.74,
            "eps_4q_growth_year": -30.25,
            "roe": -0.63,
            "roe_4q": 4.220000000000001,
            "gross_profit": 19878,
            "gross_margin": 6.38,
            "gross_margin_4q_avg": -3.26,
            "net_income": -18514,
            "net_income_4q": null,
            "revenue": 311775,
            "revenue_4q": null,
            "common_shares": 1723704,
            "book_valuer_per_share": 16.35,
            "book_valuer_per_share_4q_avg": 16.49,
            "equity": 2879818,
            "current_ratio": 141.93,
            "debt_ratio": 42.67,
            "inventory_turnover_ratio": 0.51,
            "account_receivable_turnover_ratio": null,
            "reinvestment_rate": 152.94,
            "research_to_sale_ratio": null,
            "price_fair": 111.84,
            "eps_avg_yearly": 3.2,
            "eps_latest_yearly": 3.28,
            "eps_growth_yearly": 209.92
        },
        "20081": {
            "year_quarter": 20081,
            "year": 2008,
            "quarter": 1,
            "eps": -0.55,
            "eps_growth_year": null,
            "eps_4q": 0.79,
            "eps_4q_growth_year": 336.99,
            "roe": -3.46,
            "roe_4q": 4.75,
            "gross_profit": -28485,
            "gross_margin": -5.61,
            "gross_margin_4q_avg": -2.77,
            "net_income": -96328,
            "net_income_4q": null,
            "revenue": 507748,
            "revenue_4q": null,
            "common_shares": 1723704,
            "book_valuer_per_share": 15.36,
            "book_valuer_per_share_4q_avg": 16.37,
            "equity": 2685579,
            "current_ratio": 131.42,
            "debt_ratio": 41.77,
            "inventory_turnover_ratio": 0.84,
            "account_receivable_turnover_ratio": null,
            "reinvestment_rate": 244.97,
            "research_to_sale_ratio": null,
            "price_fair": 118.65,
            "eps_avg_yearly": 3.39,
            "eps_latest_yearly": 3.28,
            "eps_growth_yearly": 197.03
        },
        "20082": {
            "year_quarter": 20082,
            "year": 2008,
            "quarter": 2,
            "eps": -0.05,
            "eps_growth_year": -107.81,
            "eps_4q": 0.11,
            "eps_4q_growth_year": -73.05,
            "roe": -0.35,
            "roe_4q": 0.41999999999999993,
            "gross_profit": 50528,
            "gross_margin": 9,
            "gross_margin_4q_avg": 3.08,
            "net_income": -9316,
            "net_income_4q": null,
            "revenue": 561221,
            "revenue_4q": null,
            "common_shares": 1723704,
            "book_valuer_per_share": 15.22,
            "book_valuer_per_share_4q_avg": 16.08,
            "equity": 2660229,
            "current_ratio": 121.26,
            "debt_ratio": 40.41,
            "inventory_turnover_ratio": 0.77,
            "account_receivable_turnover_ratio": null,
            "reinvestment_rate": 312.31,
            "research_to_sale_ratio": null,
            "price_fair": 110,
            "eps_avg_yearly": 3.14,
            "eps_latest_yearly": 3.28,
            "eps_growth_yearly": 103.92
        },
        "20083": {
            "year_quarter": 20083,
            "year": 2008,
            "quarter": 3,
            "eps": -0.78,
            "eps_growth_year": -195.12,
            "eps_4q": -1.49,
            "eps_4q_growth_year": -353.79,
            "roe": -5.29,
            "roe_4q": -9.73,
            "gross_profit": -24067,
            "gross_margin": -5.8,
            "gross_margin_4q_avg": 0.99,
            "net_income": -135523,
            "net_income_4q": null,
            "revenue": 415097,
            "revenue_4q": null,
            "common_shares": 1723704,
            "book_valuer_per_share": 14.09,
            "book_valuer_per_share_4q_avg": 15.26,
            "equity": 2465843,
            "current_ratio": 167.82,
            "debt_ratio": 40.62,
            "inventory_turnover_ratio": 0.65,
            "account_receivable_turnover_ratio": null,
            "reinvestment_rate": 424.03,
            "research_to_sale_ratio": null,
            "price_fair": 84.7,
            "eps_avg_yearly": 2.42,
            "eps_latest_yearly": 3.28,
            "eps_growth_yearly": 90.52
        },
        "20084": {
            "year_quarter": 20084,
            "year": 2008,
            "quarter": 4,
            "eps": -0.97,
            "eps_growth_year": null,
            "eps_4q": -2.19,
            "eps_4q_growth_year": -397.35,
            "roe": -8,
            "roe_4q": -17.099999999999998,
            "gross_profit": -175793,
            "gross_margin": -105.67,
            "gross_margin_4q_avg": -27.02,
            "net_income": -188166,
            "net_income_4q": null,
            "revenue": 166361,
            "revenue_4q": null,
            "common_shares": 1884577,
            "book_valuer_per_share": 11.7,
            "book_valuer_per_share_4q_avg": 14.09,
            "equity": 2237481,
            "current_ratio": 155.9,
            "debt_ratio": 36.34,
            "inventory_turnover_ratio": 0.61,
            "account_receivable_turnover_ratio": 1.38,
            "reinvestment_rate": null,
            "research_to_sale_ratio": null,
            "price_fair": 69.44,
            "eps_avg_yearly": 1.98,
            "eps_latest_yearly": 3.28,
            "eps_growth_yearly": 139.42
        },
        "20091": {
            "year_quarter": 20091,
            "year": 2009,
            "quarter": 1,
            "eps": -0.43,
            "eps_growth_year": null,
            "eps_4q": -2.17,
            "eps_4q_growth_year": -374.23,
            "roe": -3.65,
            "roe_4q": -17.290000000000003,
            "gross_profit": -47699,
            "gross_margin": -20.67,
            "gross_margin_4q_avg": -30.79,
            "net_income": -81668,
            "net_income_4q": null,
            "revenue": 230718,
            "revenue_4q": null,
            "common_shares": 1884576,
            "book_valuer_per_share": 11.71,
            "book_valuer_per_share_4q_avg": 13.18,
            "equity": 2237794,
            "current_ratio": 165.29,
            "debt_ratio": 31.48,
            "inventory_turnover_ratio": 0.64,
            "account_receivable_turnover_ratio": 1.03,
            "reinvestment_rate": null,
            "research_to_sale_ratio": null,
            "price_fair": 77,
            "eps_avg_yearly": 2.2,
            "eps_latest_yearly": 3.28,
            "eps_growth_yearly": 249.93
        },
        "20092": {
            "year_quarter": 20092,
            "year": 2009,
            "quarter": 2,
            "eps": -0.24,
            "eps_growth_year": null,
            "eps_4q": -2.36,
            "eps_4q_growth_year": -2292.18,
            "roe": -2.12,
            "roe_4q": -19.06,
            "gross_profit": 627,
            "gross_margin": 0.16,
            "gross_margin_4q_avg": -33,
            "net_income": -46717,
            "net_income_4q": null,
            "revenue": 386852,
            "revenue_4q": null,
            "common_shares": 1884577,
            "book_valuer_per_share": 11.33,
            "book_valuer_per_share_4q_avg": 12.21,
            "equity": 2166154,
            "current_ratio": 154.79,
            "debt_ratio": 36.31,
            "inventory_turnover_ratio": 0.95,
            "account_receivable_turnover_ratio": 1.27,
            "reinvestment_rate": null,
            "research_to_sale_ratio": null,
            "price_fair": 77,
            "eps_avg_yearly": 2.2,
            "eps_latest_yearly": 3.28,
            "eps_growth_yearly": 249.93
        },
        "20093": {
            "year_quarter": 20093,
            "year": 2009,
            "quarter": 3,
            "eps": -0.15,
            "eps_growth_year": null,
            "eps_4q": -1.8,
            "eps_4q_growth_year": null,
            "roe": -1.32,
            "roe_4q": -15.09,
            "gross_profit": 6214,
            "gross_margin": 0.83,
            "gross_margin_4q_avg": -31.34,
            "net_income": -28536,
            "net_income_4q": null,
            "revenue": 744574,
            "revenue_4q": null,
            "common_shares": 1884576,
            "book_valuer_per_share": 11.29,
            "book_valuer_per_share_4q_avg": 11.51,
            "equity": 2157220,
            "current_ratio": 155.1,
            "debt_ratio": 39.34,
            "inventory_turnover_ratio": 1.71,
            "account_receivable_turnover_ratio": 1.43,
            "reinvestment_rate": null,
            "research_to_sale_ratio": null,
            "price_fair": 77,
            "eps_avg_yearly": 2.2,
            "eps_latest_yearly": 3.28,
            "eps_growth_yearly": 249.93
        },
        "20094": {
            "year_quarter": 20094,
            "year": 2009,
            "quarter": 4,
            "eps": -0.66,
            "eps_growth_year": null,
            "eps_4q": -1.38,
            "eps_4q_growth_year": null,
            "roe": -6.02,
            "roe_4q": -13.110000000000001,
            "gross_profit": -60052,
            "gross_margin": -16.44,
            "gross_margin_4q_avg": -9.03,
            "net_income": -129741,
            "net_income_4q": null,
            "revenue": 365171,
            "revenue_4q": null,
            "common_shares": 2044577,
            "book_valuer_per_share": 10.4,
            "book_valuer_per_share_4q_avg": 11.18,
            "equity": 2153938,
            "current_ratio": 143.37,
            "debt_ratio": 38.32,
            "inventory_turnover_ratio": 1.03,
            "account_receivable_turnover_ratio": 1.13,
            "reinvestment_rate": null,
            "research_to_sale_ratio": null,
            "price_fair": 77,
            "eps_avg_yearly": 2.2,
            "eps_latest_yearly": 3.28,
            "eps_growth_yearly": 249.93
        },
        "20101": {
            "year_quarter": 20101,
            "year": 2010,
            "quarter": 1,
            "eps": 0.28,
            "eps_growth_year": null,
            "eps_4q": -0.7,
            "eps_4q_growth_year": null,
            "roe": 2.62,
            "roe_4q": -6.84,
            "gross_profit": 112936,
            "gross_margin": 14.64,
            "gross_margin_4q_avg": -0.2,
            "net_income": 57285,
            "net_income_4q": null,
            "revenue": 771439,
            "revenue_4q": null,
            "common_shares": 2044577,
            "book_valuer_per_share": 10.76,
            "book_valuer_per_share_4q_avg": 10.95,
            "equity": 2226453,
            "current_ratio": 143.74,
            "debt_ratio": 40.5,
            "inventory_turnover_ratio": 1.56,
            "account_receivable_turnover_ratio": 0.96,
            "reinvestment_rate": null,
            "research_to_sale_ratio": 0.22,
            "price_fair": 95.67,
            "eps_avg_yearly": 2.73,
            "eps_latest_yearly": 3.28,
            "eps_growth_yearly": 407.75
        },
        "20102": {
            "year_quarter": 20102,
            "year": 2010,
            "quarter": 2,
            "eps": 1.16,
            "eps_growth_year": null,
            "eps_4q": 0.69,
            "eps_4q_growth_year": null,
            "roe": 9.58,
            "roe_4q": 4.859999999999999,
            "gross_profit": 298877,
            "gross_margin": 29.49,
            "gross_margin_4q_avg": 7.13,
            "net_income": 233711,
            "net_income_4q": null,
            "revenue": 1013561,
            "revenue_4q": null,
            "common_shares": 2044577,
            "book_valuer_per_share": 11.86,
            "book_valuer_per_share_4q_avg": 11.08,
            "equity": 2654928,
            "current_ratio": 150.99,
            "debt_ratio": 42.69,
            "inventory_turnover_ratio": 1.58,
            "account_receivable_turnover_ratio": 0.87,
            "reinvestment_rate": null,
            "research_to_sale_ratio": 0.18,
            "price_fair": 126.93,
            "eps_avg_yearly": 3.63,
            "eps_latest_yearly": 4.64,
            "eps_growth_yearly": 524.57
        },
        "20103": {
            "year_quarter": 20103,
            "year": 2010,
            "quarter": 3,
            "eps": 0.58,
            "eps_growth_year": null,
            "eps_4q": 1.41,
            "eps_4q_growth_year": null,
            "roe": 4.24,
            "roe_4q": 10.420000000000002,
            "gross_profit": 174224,
            "gross_margin": 26.73,
            "gross_margin_4q_avg": 13.61,
            "net_income": 114761,
            "net_income_4q": null,
            "revenue": 651839,
            "revenue_4q": null,
            "common_shares": 2044576,
            "book_valuer_per_share": 12.37,
            "book_valuer_per_share_4q_avg": 11.35,
            "equity": 2754799,
            "current_ratio": 145,
            "debt_ratio": 49.75,
            "inventory_turnover_ratio": 0.86,
            "account_receivable_turnover_ratio": 0.56,
            "reinvestment_rate": null,
            "research_to_sale_ratio": 0.26,
            "price_fair": 119.47,
            "eps_avg_yearly": 3.41,
            "eps_latest_yearly": 2.32,
            "eps_growth_yearly": 389.88
        },
        "20104": {
            "year_quarter": 20104,
            "year": 2010,
            "quarter": 4,
            "eps": -0.55,
            "eps_growth_year": null,
            "eps_4q": 1.48,
            "eps_4q_growth_year": null,
            "roe": -4.44,
            "roe_4q": 12,
            "gross_profit": -80930,
            "gross_margin": -11.98,
            "gross_margin_4q_avg": 14.72,
            "net_income": -119476,
            "net_income_4q": null,
            "revenue": 675530,
            "revenue_4q": null,
            "common_shares": 2044577,
            "book_valuer_per_share": 11.52,
            "book_valuer_per_share_4q_avg": 11.63,
            "equity": 2623782,
            "current_ratio": 135.93,
            "debt_ratio": 49.22,
            "inventory_turnover_ratio": 1.42,
            "account_receivable_turnover_ratio": 0.83,
            "reinvestment_rate": null,
            "research_to_sale_ratio": 0.2,
            "price_fair": 119.47,
            "eps_avg_yearly": 3.41,
            "eps_latest_yearly": 2.32,
            "eps_growth_yearly": 389.88
        },
        "20111": {
            "year_quarter": 20111,
            "year": 2011,
            "quarter": 1,
            "eps": 0.46,
            "eps_growth_year": 64.29,
            "eps_4q": 1.66,
            "eps_4q_growth_year": null,
            "roe": 3.35,
            "roe_4q": 12.73,
            "gross_profit": 153454,
            "gross_margin": 18.98,
            "gross_margin_4q_avg": 15.81,
            "net_income": 89651,
            "net_income_4q": null,
            "revenue": 808363,
            "revenue_4q": null,
            "common_shares": 2044577,
            "book_valuer_per_share": 12.05,
            "book_valuer_per_share_4q_avg": 11.95,
            "equity": 2728030,
            "current_ratio": 136.34,
            "debt_ratio": 49.27,
            "inventory_turnover_ratio": 1.52,
            "account_receivable_turnover_ratio": 1.01,
            "reinvestment_rate": null,
            "research_to_sale_ratio": 0.18,
            "price_fair": 119.47,
            "eps_avg_yearly": 3.41,
            "eps_latest_yearly": 2.32,
            "eps_growth_yearly": 389.88
        },
        "20112": {
            "year_quarter": 20112,
            "year": 2011,
            "quarter": 2,
            "eps": 0.32,
            "eps_growth_year": -72.22,
            "eps_4q": 0.8,
            "eps_4q_growth_year": 16.12,
            "roe": 1.73,
            "roe_4q": 4.88,
            "gross_profit": 241471,
            "gross_margin": 23.4,
            "gross_margin_4q_avg": 14.28,
            "net_income": 47439,
            "net_income_4q": null,
            "revenue": 1031824,
            "revenue_4q": null,
            "common_shares": 2044577,
            "book_valuer_per_share": 12.32,
            "book_valuer_per_share_4q_avg": 12.07,
            "equity": 2761660,
            "current_ratio": 168.55,
            "debt_ratio": 53.04,
            "inventory_turnover_ratio": 1.78,
            "account_receivable_turnover_ratio": 0.98,
            "reinvestment_rate": null,
            "research_to_sale_ratio": 0.26,
            "price_fair": 100.8,
            "eps_avg_yearly": 2.88,
            "eps_latest_yearly": 1.28,
            "eps_growth_yearly": 261.98
        },
        "20113": {
            "year_quarter": 20113,
            "year": 2011,
            "quarter": 3,
            "eps": 0.1,
            "eps_growth_year": -83.3,
            "eps_4q": 0.34,
            "eps_4q_growth_year": -75.9,
            "roe": -0.78,
            "roe_4q": -0.14000000000000057,
            "gross_profit": 58936,
            "gross_margin": 6.79,
            "gross_margin_4q_avg": 9.3,
            "net_income": -21631,
            "net_income_4q": null,
            "revenue": 868300,
            "revenue_4q": null,
            "common_shares": 2044576,
            "book_valuer_per_share": 12.7,
            "book_valuer_per_share_4q_avg": 12.15,
            "equity": 2797468,
            "current_ratio": 169.52,
            "debt_ratio": 53.46,
            "inventory_turnover_ratio": 1.65,
            "account_receivable_turnover_ratio": 0.76,
            "reinvestment_rate": null,
            "research_to_sale_ratio": 0.24,
            "price_fair": 75.6,
            "eps_avg_yearly": 2.16,
            "eps_latest_yearly": 0.4,
            "eps_growth_yearly": 165.1
        },
        "20114": {
            "year_quarter": 20114,
            "year": 2011,
            "quarter": 4,
            "eps": -0.17,
            "eps_growth_year": null,
            "eps_4q": 0.71,
            "eps_4q_growth_year": -52.28,
            "roe": -2.34,
            "roe_4q": 1.96,
            "gross_profit": -16309,
            "gross_margin": -2.39,
            "gross_margin_4q_avg": 11.7,
            "net_income": -65037,
            "net_income_4q": null,
            "revenue": 682721,
            "revenue_4q": null,
            "common_shares": 2146806,
            "book_valuer_per_share": 12.04,
            "book_valuer_per_share_4q_avg": 12.28,
            "equity": 2769777,
            "current_ratio": 164.18,
            "debt_ratio": 52.38,
            "inventory_turnover_ratio": 1.29,
            "account_receivable_turnover_ratio": 0.65,
            "reinvestment_rate": null,
            "research_to_sale_ratio": 0.22,
            "price_fair": 75.6,
            "eps_avg_yearly": 2.16,
            "eps_latest_yearly": 0.4,
            "eps_growth_yearly": 165.1
        },
        "20121": {
            "year_quarter": 20121,
            "year": 2012,
            "quarter": 1,
            "eps": 0.11,
            "eps_growth_year": -76.09,
            "eps_4q": 0.37,
            "eps_4q_growth_year": -77.92,
            "roe": -0.09,
            "roe_4q": -1.48,
            "gross_profit": 78561,
            "gross_margin": 9.32,
            "gross_margin_4q_avg": 9.28,
            "net_income": -2560,
            "net_income_4q": null,
            "revenue": 842808,
            "revenue_4q": null,
            "common_shares": 2146806,
            "book_valuer_per_share": 11.98,
            "book_valuer_per_share_4q_avg": 12.26,
            "equity": 2731517,
            "current_ratio": 152.42,
            "debt_ratio": 56.2,
            "inventory_turnover_ratio": 1.21,
            "account_receivable_turnover_ratio": 0.82,
            "reinvestment_rate": null,
            "research_to_sale_ratio": 0.21,
            "price_fair": 75.6,
            "eps_avg_yearly": 2.16,
            "eps_latest_yearly": 0.4,
            "eps_growth_yearly": 165.1
        },
        "20122": {
            "year_quarter": 20122,
            "year": 2012,
            "quarter": 2,
            "eps": 0.31,
            "eps_growth_year": -5.14,
            "eps_4q": 0.35,
            "eps_4q_growth_year": -56.66,
            "roe": 1.55,
            "roe_4q": -1.66,
            "gross_profit": 130513,
            "gross_margin": 13.77,
            "gross_margin_4q_avg": 6.87,
            "net_income": 42207,
            "net_income_4q": null,
            "revenue": 947774,
            "revenue_4q": null,
            "common_shares": 2146806,
            "book_valuer_per_share": 11.84,
            "book_valuer_per_share_4q_avg": 12.14,
            "equity": 2697705,
            "current_ratio": 201.03,
            "debt_ratio": 59.53,
            "inventory_turnover_ratio": 1.11,
            "account_receivable_turnover_ratio": 0.81,
            "reinvestment_rate": null,
            "research_to_sale_ratio": 0.18,
            "price_fair": 69.16,
            "eps_avg_yearly": 1.98,
            "eps_latest_yearly": 1.24,
            "eps_growth_yearly": 277.54
        },
        "20123": {
            "year_quarter": 20123,
            "year": 2012,
            "quarter": 3,
            "eps": -0.21,
            "eps_growth_year": -320.31,
            "eps_4q": 0.03,
            "eps_4q_growth_year": -90.48,
            "roe": -2.9,
            "roe_4q": -3.78,
            "gross_profit": 3460,
            "gross_margin": 0.37,
            "gross_margin_4q_avg": 5.27,
            "net_income": -76915,
            "net_income_4q": null,
            "revenue": 932932,
            "revenue_4q": null,
            "common_shares": 2146806,
            "book_valuer_per_share": 11.52,
            "book_valuer_per_share_4q_avg": 11.85,
            "equity": 2599267,
            "current_ratio": 188.25,
            "debt_ratio": 58.5,
            "inventory_turnover_ratio": 1.22,
            "account_receivable_turnover_ratio": 0.74,
            "reinvestment_rate": 14021.19,
            "research_to_sale_ratio": 0.2,
            "price_fair": 69.16,
            "eps_avg_yearly": 1.98,
            "eps_latest_yearly": 1.24,
            "eps_growth_yearly": 277.54
        },
        "20124": {
            "year_quarter": 20124,
            "year": 2012,
            "quarter": 4,
            "eps": -0.18,
            "eps_growth_year": null,
            "eps_4q": 0.01,
            "eps_4q_growth_year": -98.11,
            "roe": -2.22,
            "roe_4q": -3.66,
            "gross_profit": 11457,
            "gross_margin": 1.64,
            "gross_margin_4q_avg": 6.28,
            "net_income": -57260,
            "net_income_4q": null,
            "revenue": 697578,
            "revenue_4q": null,
            "common_shares": 2146806,
            "book_valuer_per_share": 11.23,
            "book_valuer_per_share_4q_avg": 11.64,
            "equity": 2548448,
            "current_ratio": 168.27,
            "debt_ratio": 59.9,
            "inventory_turnover_ratio": 0.86,
            "account_receivable_turnover_ratio": 0.59,
            "reinvestment_rate": 2000.65,
            "research_to_sale_ratio": 0.23,
            "price_fair": 69.16,
            "eps_avg_yearly": 1.98,
            "eps_latest_yearly": 1.24,
            "eps_growth_yearly": 277.54
        },
        "20131": {
            "year_quarter": 20131,
            "year": 2013,
            "quarter": 1,
            "eps": 0.01,
            "eps_growth_year": -90.91,
            "eps_4q": -0.08,
            "eps_4q_growth_year": -121.64,
            "roe": -0.19,
            "roe_4q": -3.7600000000000007,
            "gross_profit": 56861,
            "gross_margin": 7.62,
            "gross_margin_4q_avg": 5.85,
            "net_income": -4986,
            "net_income_4q": null,
            "revenue": 746554,
            "revenue_4q": null,
            "common_shares": 2146806,
            "book_valuer_per_share": 11.49,
            "book_valuer_per_share_4q_avg": 11.52,
            "equity": 2582261,
            "current_ratio": 154.89,
            "debt_ratio": 59.02,
            "inventory_turnover_ratio": 0.77,
            "account_receivable_turnover_ratio": 0.67,
            "reinvestment_rate": 505.35,
            "research_to_sale_ratio": 0.23,
            "price_fair": 69.16,
            "eps_avg_yearly": 1.98,
            "eps_latest_yearly": 1.24,
            "eps_growth_yearly": 277.54
        },
        "20132": {
            "year_quarter": 20132,
            "year": 2013,
            "quarter": 2,
            "eps": 0,
            "eps_growth_year": -100,
            "eps_4q": -0.39,
            "eps_4q_growth_year": -213.83,
            "roe": -0.32,
            "roe_4q": -5.630000000000001,
            "gross_profit": 48107,
            "gross_margin": 6.77,
            "gross_margin_4q_avg": 4.1,
            "net_income": -8138,
            "net_income_4q": null,
            "revenue": 710885,
            "revenue_4q": null,
            "common_shares": 2146806,
            "book_valuer_per_share": 11.65,
            "book_valuer_per_share_4q_avg": 11.47,
            "equity": 2562961,
            "current_ratio": 154.86,
            "debt_ratio": 59.53,
            "inventory_turnover_ratio": 0.65,
            "account_receivable_turnover_ratio": 0.64,
            "reinvestment_rate": 449.28,
            "research_to_sale_ratio": 0.26,
            "price_fair": 69.16,
            "eps_avg_yearly": 1.98,
            "eps_latest_yearly": 1.24,
            "eps_growth_yearly": 277.54
        },
        "20133": {
            "year_quarter": 20133,
            "year": 2013,
            "quarter": 3,
            "eps": -0.27,
            "eps_growth_year": null,
            "eps_4q": -0.45,
            "eps_4q_growth_year": -1487.38,
            "roe": -2.69,
            "roe_4q": -5.42,
            "gross_profit": -36238,
            "gross_margin": -4.93,
            "gross_margin_4q_avg": 2.78,
            "net_income": -67734,
            "net_income_4q": null,
            "revenue": 735181,
            "revenue_4q": null,
            "common_shares": 2097686,
            "book_valuer_per_share": 11.3,
            "book_valuer_per_share_4q_avg": 11.42,
            "equity": 2478915,
            "current_ratio": 166.66,
            "debt_ratio": 61.1,
            "inventory_turnover_ratio": 0.74,
            "account_receivable_turnover_ratio": 0.66,
            "reinvestment_rate": 518.4,
            "research_to_sale_ratio": 0.26,
            "price_fair": 69.16,
            "eps_avg_yearly": 1.98,
            "eps_latest_yearly": 1.24,
            "eps_growth_yearly": 277.54
        },
        "20134": {
            "year_quarter": 20134,
            "year": 2013,
            "quarter": 4,
            "eps": -0.35,
            "eps_growth_year": null,
            "eps_4q": -0.61,
            "eps_4q_growth_year": -4646.25,
            "roe": -3.79,
            "roe_4q": -6.990000000000001,
            "gross_profit": -20584,
            "gross_margin": -3.07,
            "gross_margin_4q_avg": 1.6,
            "net_income": -92513,
            "net_income_4q": null,
            "revenue": 670537,
            "revenue_4q": null,
            "common_shares": 2097686,
            "book_valuer_per_share": 11.04,
            "book_valuer_per_share_4q_avg": 11.37,
            "equity": 2405118,
            "current_ratio": 183.6,
            "debt_ratio": 59.82,
            "inventory_turnover_ratio": 0.69,
            "account_receivable_turnover_ratio": 0.61,
            "reinvestment_rate": -227.4,
            "research_to_sale_ratio": 0.32,
            "price_fair": 69.16,
            "eps_avg_yearly": 1.98,
            "eps_latest_yearly": 1.24,
            "eps_growth_yearly": 277.54
        },
        "20141": {
            "year_quarter": 20141,
            "year": 2014,
            "quarter": 1,
            "eps": -0.34,
            "eps_growth_year": -3500,
            "eps_4q": -0.96,
            "eps_4q_growth_year": null,
            "roe": -3.59,
            "roe_4q": -10.39,
            "gross_profit": -7727,
            "gross_margin": -1.03,
            "gross_margin_4q_avg": -0.57,
            "net_income": -84896,
            "net_income_4q": null,
            "revenue": 746865,
            "revenue_4q": null,
            "common_shares": 2097686,
            "book_valuer_per_share": 10.7,
            "book_valuer_per_share_4q_avg": 11.17,
            "equity": 2320686,
            "current_ratio": 185.09,
            "debt_ratio": 62.26,
            "inventory_turnover_ratio": 0.78,
            "account_receivable_turnover_ratio": 0.67,
            "reinvestment_rate": -363.79,
            "research_to_sale_ratio": 0.27,
            "price_fair": 69.16,
            "eps_avg_yearly": 1.98,
            "eps_latest_yearly": 1.24,
            "eps_growth_yearly": 277.54
        },
        "20142": {
            "year_quarter": 20142,
            "year": 2014,
            "quarter": 2,
            "eps": -0.2,
            "eps_growth_year": null,
            "eps_4q": -1.11,
            "eps_4q_growth_year": null,
            "roe": -2.34,
            "roe_4q": -12.409999999999998,
            "gross_profit": 8742,
            "gross_margin": 1.14,
            "gross_margin_4q_avg": -1.97,
            "net_income": -54269,
            "net_income_4q": null,
            "revenue": 766652,
            "revenue_4q": null,
            "common_shares": 2097686,
            "book_valuer_per_share": 10.19,
            "book_valuer_per_share_4q_avg": 10.81,
            "equity": 2314113,
            "current_ratio": 145.22,
            "debt_ratio": 60.97,
            "inventory_turnover_ratio": 0.86,
            "account_receivable_turnover_ratio": 0.67,
            "reinvestment_rate": null,
            "research_to_sale_ratio": 0.2,
            "price_fair": 45.85,
            "eps_avg_yearly": 1.31,
            "eps_latest_yearly": 1.24,
            "eps_growth_yearly": 32.63
        },
        "20143": {
            "year_quarter": 20143,
            "year": 2014,
            "quarter": 3,
            "eps": -0.15,
            "eps_growth_year": null,
            "eps_4q": -0.98,
            "eps_4q_growth_year": null,
            "roe": -1.88,
            "roe_4q": -11.6,
            "gross_profit": 35650,
            "gross_margin": 4.94,
            "gross_margin_4q_avg": 0.5,
            "net_income": -43707,
            "net_income_4q": null,
            "revenue": 721286,
            "revenue_4q": null,
            "common_shares": 2206547,
            "book_valuer_per_share": 10.15,
            "book_valuer_per_share_4q_avg": 10.52,
            "equity": 2330220,
            "current_ratio": 146.58,
            "debt_ratio": 61.33,
            "inventory_turnover_ratio": 0.81,
            "account_receivable_turnover_ratio": 0.61,
            "reinvestment_rate": null,
            "research_to_sale_ratio": 0.22,
            "price_fair": 34.07,
            "eps_avg_yearly": 0.97,
            "eps_latest_yearly": 1.24,
            "eps_growth_yearly": 110.18
        },
        "20144": {
            "year_quarter": 20144,
            "year": 2014,
            "quarter": 4,
            "eps": -0.18,
            "eps_growth_year": null,
            "eps_4q": -0.82,
            "eps_4q_growth_year": null,
            "roe": -2.1,
            "roe_4q": -9.91,
            "gross_profit": 52403,
            "gross_margin": 7.69,
            "gross_margin_4q_avg": 3.19,
            "net_income": -48963,
            "net_income_4q": null,
            "revenue": 681759,
            "revenue_4q": null,
            "common_shares": 2206547,
            "book_valuer_per_share": 10.19,
            "book_valuer_per_share_4q_avg": 10.31,
            "equity": 2329102,
            "current_ratio": 88.96,
            "debt_ratio": 62.09,
            "inventory_turnover_ratio": 0.7,
            "account_receivable_turnover_ratio": 0.56,
            "reinvestment_rate": null,
            "research_to_sale_ratio": 0.26,
            "price_fair": 34.07,
            "eps_avg_yearly": 0.97,
            "eps_latest_yearly": 1.24,
            "eps_growth_yearly": 110.18
        },
        "20151": {
            "year_quarter": 20151,
            "year": 2015,
            "quarter": 1,
            "eps": -0.39,
            "eps_growth_year": null,
            "eps_4q": -0.9,
            "eps_4q_growth_year": null,
            "roe": -4.42,
            "roe_4q": -10.739999999999998,
            "gross_profit": -8117,
            "gross_margin": -1.17,
            "gross_margin_4q_avg": 3.15,
            "net_income": -100417,
            "net_income_4q": null,
            "revenue": 691777,
            "revenue_4q": null,
            "common_shares": 2206547,
            "book_valuer_per_share": 9.74,
            "book_valuer_per_share_4q_avg": 10.07,
            "equity": 2215491,
            "current_ratio": 140.22,
            "debt_ratio": 65.48,
            "inventory_turnover_ratio": 0.78,
            "account_receivable_turnover_ratio": 0.59,
            "reinvestment_rate": null,
            "research_to_sale_ratio": 0.32,
            "price_fair": 34.07,
            "eps_avg_yearly": 0.97,
            "eps_latest_yearly": 1.24,
            "eps_growth_yearly": 110.18
        },
        "20152": {
            "year_quarter": 20152,
            "year": 2015,
            "quarter": 2,
            "eps": -0.45,
            "eps_growth_year": null,
            "eps_4q": -1.16,
            "eps_4q_growth_year": null,
            "roe": -5.14,
            "roe_4q": -13.54,
            "gross_profit": -26006,
            "gross_margin": -4.36,
            "gross_margin_4q_avg": 1.78,
            "net_income": -110297,
            "net_income_4q": null,
            "revenue": 595854,
            "revenue_4q": null,
            "common_shares": 2206547,
            "book_valuer_per_share": 9.16,
            "book_valuer_per_share_4q_avg": 9.81,
            "equity": 2078593,
            "current_ratio": 126.22,
            "debt_ratio": 65.55,
            "inventory_turnover_ratio": 0.69,
            "account_receivable_turnover_ratio": 0.56,
            "reinvestment_rate": null,
            "research_to_sale_ratio": 0.42,
            "price_fair": 28.7,
            "eps_avg_yearly": 0.82,
            "eps_latest_yearly": 1.24,
            "eps_growth_yearly": 226.14
        },
        "20153": {
            "year_quarter": 20153,
            "year": 2015,
            "quarter": 3,
            "eps": -0.38,
            "eps_growth_year": null,
            "eps_4q": -1.4,
            "eps_4q_growth_year": null,
            "roe": -4.62,
            "roe_4q": -16.28,
            "gross_profit": -24548,
            "gross_margin": -4.35,
            "gross_margin_4q_avg": -0.55,
            "net_income": -94999,
            "net_income_4q": null,
            "revenue": 564884,
            "revenue_4q": null,
            "common_shares": 2206547,
            "book_valuer_per_share": 9.02,
            "book_valuer_per_share_4q_avg": 9.53,
            "equity": 2036449,
            "current_ratio": 133.11,
            "debt_ratio": 65.34,
            "inventory_turnover_ratio": 0.65,
            "account_receivable_turnover_ratio": 0.59,
            "reinvestment_rate": null,
            "research_to_sale_ratio": 0.36,
            "price_fair": 43.4,
            "eps_avg_yearly": 1.24,
            "eps_latest_yearly": 1.24,
            "eps_growth_yearly": 727.27
        },
        "20154": {
            "year_quarter": 20154,
            "year": 2015,
            "quarter": 4,
            "eps": -1.31,
            "eps_growth_year": null,
            "eps_4q": -2.54,
            "eps_4q_growth_year": null,
            "roe": -18.77,
            "roe_4q": -32.95,
            "gross_profit": -66888,
            "gross_margin": -12.27,
            "gross_margin_4q_avg": -5.54,
            "net_income": -345651,
            "net_income_4q": null,
            "revenue": 544954,
            "revenue_4q": null,
            "common_shares": 2206547,
            "book_valuer_per_share": 7.5,
            "book_valuer_per_share_4q_avg": 8.86,
            "equity": 1646594,
            "current_ratio": 84.09,
            "debt_ratio": 70.56,
            "inventory_turnover_ratio": 0.67,
            "account_receivable_turnover_ratio": 0.6,
            "reinvestment_rate": null,
            "research_to_sale_ratio": 0.6,
            "price_fair": 43.4,
            "eps_avg_yearly": 1.24,
            "eps_latest_yearly": 1.24,
            "eps_growth_yearly": 727.27
        },
        "20161": {
            "year_quarter": 20161,
            "year": 2016,
            "quarter": 1,
            "eps": -0.46,
            "eps_growth_year": null,
            "eps_4q": -2.61,
            "eps_4q_growth_year": null,
            "roe": -6.87,
            "roe_4q": -35.4,
            "gross_profit": -34430,
            "gross_margin": -7.03,
            "gross_margin_4q_avg": -7,
            "net_income": -109269,
            "net_income_4q": null,
            "revenue": 489958,
            "revenue_4q": null,
            "common_shares": 2206547,
            "book_valuer_per_share": 7.02,
            "book_valuer_per_share_4q_avg": 8.18,
            "equity": 1534582,
            "current_ratio": 129.86,
            "debt_ratio": 71.38,
            "inventory_turnover_ratio": 0.62,
            "account_receivable_turnover_ratio": 0.58,
            "reinvestment_rate": null,
            "research_to_sale_ratio": 0.4,
            "price_fair": 43.4,
            "eps_avg_yearly": 1.24,
            "eps_latest_yearly": 1.24,
            "eps_growth_yearly": 727.27
        },
        "20162": {
            "year_quarter": 20162,
            "year": 2016,
            "quarter": 2,
            "eps": -0.87,
            "eps_growth_year": null,
            "eps_4q": -3.03,
            "eps_4q_growth_year": null,
            "roe": -15.24,
            "roe_4q": -45.49999999999999,
            "gross_profit": -54831,
            "gross_margin": -11.26,
            "gross_margin_4q_avg": -8.73,
            "net_income": -215386,
            "net_income_4q": null,
            "revenue": 486938,
            "revenue_4q": null,
            "common_shares": 2206547,
            "book_valuer_per_share": 6.03,
            "book_valuer_per_share_4q_avg": 7.39,
            "equity": 1291708,
            "current_ratio": 132.25,
            "debt_ratio": 74.51,
            "inventory_turnover_ratio": 0.77,
            "account_receivable_turnover_ratio": 0.63,
            "reinvestment_rate": null,
            "research_to_sale_ratio": 0.41,
            "price_fair": 0,
            "eps_avg_yearly": 0,
            "eps_latest_yearly": 0,
            "eps_growth_yearly": 0
        },
        "20163": {
            "year_quarter": 20163,
            "year": 2016,
            "quarter": 3,
            "eps": -0.56,
            "eps_growth_year": null,
            "eps_4q": -3.21,
            "eps_4q_growth_year": null,
            "roe": -11.69,
            "roe_4q": -52.56999999999999,
            "gross_profit": -11708,
            "gross_margin": -2.28,
            "gross_margin_4q_avg": -8.21,
            "net_income": -140812,
            "net_income_4q": null,
            "revenue": 512631,
            "revenue_4q": null,
            "common_shares": 2206547,
            "book_valuer_per_share": 5.31,
            "book_valuer_per_share_4q_avg": 6.47,
            "equity": 1117595,
            "current_ratio": 130.2,
            "debt_ratio": 75.3,
            "inventory_turnover_ratio": 0.84,
            "account_receivable_turnover_ratio": 0.67,
            "reinvestment_rate": null,
            "research_to_sale_ratio": 0.37,
            "price_fair": 0,
            "eps_avg_yearly": 0,
            "eps_latest_yearly": 0,
            "eps_growth_yearly": 0
        },
        "20164": {
            "year_quarter": 20164,
            "year": 2016,
            "quarter": 4,
            "eps": -1.5,
            "eps_growth_year": null,
            "eps_4q": -3.39,
            "eps_4q_growth_year": null,
            "roe": -31.98,
            "roe_4q": -65.78,
            "gross_profit": 64462,
            "gross_margin": 9.31,
            "gross_margin_4q_avg": -2.82,
            "net_income": -310106,
            "net_income_4q": null,
            "revenue": 692045,
            "revenue_4q": null,
            "common_shares": 2206547,
            "book_valuer_per_share": 3.76,
            "book_valuer_per_share_4q_avg": 5.53,
            "equity": 821736,
            "current_ratio": 88.27,
            "debt_ratio": 79.9,
            "inventory_turnover_ratio": 1.11,
            "account_receivable_turnover_ratio": 0.79,
            "reinvestment_rate": null,
            "research_to_sale_ratio": 0.27,
            "price_fair": 0,
            "eps_avg_yearly": 0,
            "eps_latest_yearly": 0,
            "eps_growth_yearly": 0
        },
        "20171": {
            "year_quarter": 20171,
            "year": 2017,
            "quarter": 1,
            "eps": 0.39,
            "eps_growth_year": null,
            "eps_4q": -3.98,
            "eps_4q_growth_year": null,
            "roe": 6.95,
            "roe_4q": -51.96,
            "gross_profit": 130445,
            "gross_margin": 20.24,
            "gross_margin_4q_avg": 4,
            "net_income": 57169,
            "net_income_4q": null,
            "revenue": 644341,
            "revenue_4q": null,
            "common_shares": 1479119,
            "book_valuer_per_share": 5.61,
            "book_valuer_per_share_4q_avg": 5.18,
            "equity": 822765,
            "current_ratio": 82.8,
            "debt_ratio": 77.38,
            "inventory_turnover_ratio": 1.11,
            "account_receivable_turnover_ratio": 0.67,
            "reinvestment_rate": null,
            "research_to_sale_ratio": 0.29,
            "price_fair": 0,
            "eps_avg_yearly": 0,
            "eps_latest_yearly": 0,
            "eps_growth_yearly": 0
        },
        "20172": {
            "year_quarter": 20172,
            "year": 2017,
            "quarter": 2,
            "eps": 0.14,
            "eps_growth_year": null,
            "eps_4q": -2.54,
            "eps_4q_growth_year": null,
            "roe": 2.36,
            "roe_4q": -34.36,
            "gross_profit": 97318,
            "gross_margin": 17.84,
            "gross_margin_4q_avg": 11.28,
            "net_income": 19940,
            "net_income_4q": null,
            "revenue": 545434,
            "revenue_4q": null,
            "common_shares": 1479119,
            "book_valuer_per_share": 5.9,
            "book_valuer_per_share_4q_avg": 5.15,
            "equity": 864189,
            "current_ratio": 77.25,
            "debt_ratio": 75.79,
            "inventory_turnover_ratio": 1.13,
            "account_receivable_turnover_ratio": 0.63,
            "reinvestment_rate": null,
            "research_to_sale_ratio": 0.75,
            "price_fair": 1.68,
            "eps_avg_yearly": 0.56,
            "eps_latest_yearly": 0.56,
            "eps_growth_yearly": -256.41
        },
        "20173": {
            "year_quarter": 20173,
            "year": 2017,
            "quarter": 3,
            "eps": 0.01,
            "eps_growth_year": null,
            "eps_4q": -1.6,
            "eps_4q_growth_year": null,
            "roe": -0.77,
            "roe_4q": -23.44,
            "gross_profit": 52696,
            "gross_margin": 8.02,
            "gross_margin_4q_avg": 13.85,
            "net_income": -6890,
            "net_income_4q": null,
            "revenue": 656660,
            "revenue_4q": null,
            "common_shares": 1479119,
            "book_valuer_per_share": 6.09,
            "book_valuer_per_share_4q_avg": 5.34,
            "equity": 935300,
            "current_ratio": 81.14,
            "debt_ratio": 74.83,
            "inventory_turnover_ratio": 1.41,
            "account_receivable_turnover_ratio": 0.78,
            "reinvestment_rate": null,
            "research_to_sale_ratio": 0.41,
            "price_fair": 0.9,
            "eps_avg_yearly": 0.3,
            "eps_latest_yearly": 0.04,
            "eps_growth_yearly": -313.92
        },
        "20174": {
            "year_quarter": 20174,
            "year": 2017,
            "quarter": 4,
            "eps": 0.25,
            "eps_growth_year": null,
            "eps_4q": 0.75,
            "eps_4q_growth_year": null,
            "roe": 4.79,
            "roe_4q": 13.329999999999998,
            "gross_profit": 144249,
            "gross_margin": 19.41,
            "gross_margin_4q_avg": 16.38,
            "net_income": 46609,
            "net_income_4q": null,
            "revenue": 743251,
            "revenue_4q": null,
            "common_shares": 1566409,
            "book_valuer_per_share": 6.35,
            "book_valuer_per_share_4q_avg": 5.99,
            "equity": 1011813,
            "current_ratio": 79.75,
            "debt_ratio": 73.5,
            "inventory_turnover_ratio": 1.36,
            "account_receivable_turnover_ratio": 0.8,
            "reinvestment_rate": null,
            "research_to_sale_ratio": 2.4,
            "price_fair": 18.67,
            "eps_avg_yearly": 0.53,
            "eps_latest_yearly": 1,
            "eps_growth_yearly": 2990.72
        },
        "20181": {
            "year_quarter": 20181,
            "year": 2018,
            "quarter": 1,
            "eps": 0.18,
            "eps_growth_year": -53.85,
            "eps_4q": 0.57,
            "eps_4q_growth_year": null,
            "roe": 2.37,
            "roe_4q": 8.75,
            "gross_profit": 117646,
            "gross_margin": 17.85,
            "gross_margin_4q_avg": 15.78,
            "net_income": 24728,
            "net_income_4q": null,
            "revenue": 659158,
            "revenue_4q": null,
            "common_shares": 1611939,
            "book_valuer_per_share": 6.65,
            "book_valuer_per_share_4q_avg": 6.25,
            "equity": 1074420,
            "current_ratio": 89.82,
            "debt_ratio": 70.92,
            "inventory_turnover_ratio": 1.34,
            "account_receivable_turnover_ratio": 0.71,
            "reinvestment_rate": null,
            "research_to_sale_ratio": 0.51,
            "price_fair": 20.3,
            "eps_avg_yearly": 0.58,
            "eps_latest_yearly": 0.72,
            "eps_growth_yearly": 2215.04
        },
        "20182": {
            "year_quarter": 20182,
            "year": 2018,
            "quarter": 2,
            "eps": 0.2,
            "eps_growth_year": 42.86,
            "eps_4q": 0.63,
            "eps_4q_growth_year": null,
            "roe": 1.79,
            "roe_4q": 8.18,
            "gross_profit": 98177,
            "gross_margin": 14.97,
            "gross_margin_4q_avg": 15.06,
            "net_income": 19401,
            "net_income_4q": null,
            "revenue": 655711,
            "revenue_4q": null,
            "common_shares": 1639453,
            "book_valuer_per_share": 6.52,
            "book_valuer_per_share_4q_avg": 6.4,
            "equity": 1095324,
            "current_ratio": 84.83,
            "debt_ratio": 70.5,
            "inventory_turnover_ratio": 1.34,
            "account_receivable_turnover_ratio": 0.79,
            "reinvestment_rate": null,
            "research_to_sale_ratio": 0.46,
            "price_fair": 21.84,
            "eps_avg_yearly": 0.62,
            "eps_latest_yearly": 0.8,
            "eps_growth_yearly": 1780.92
        },
        "20183": {
            "year_quarter": 20183,
            "year": 2018,
            "quarter": 3,
            "eps": -0.16,
            "eps_growth_year": -1700,
            "eps_4q": 0.43,
            "eps_4q_growth_year": null,
            "roe": -2.77,
            "roe_4q": 6.18,
            "gross_profit": 60605,
            "gross_margin": 9.2,
            "gross_margin_4q_avg": 15.36,
            "net_income": -30266,
            "net_income_4q": null,
            "revenue": 658419,
            "revenue_4q": null,
            "common_shares": 1736100,
            "book_valuer_per_share": 6.17,
            "book_valuer_per_share_4q_avg": 6.42,
            "equity": 1088247,
            "current_ratio": 88.63,
            "debt_ratio": 69.84,
            "inventory_turnover_ratio": 1.47,
            "account_receivable_turnover_ratio": 0.82,
            "reinvestment_rate": null,
            "research_to_sale_ratio": 0.49,
            "price_fair": 21.84,
            "eps_avg_yearly": 0.62,
            "eps_latest_yearly": 0.8,
            "eps_growth_yearly": 1780.92
        },
        "20184": {
            "year_quarter": 20184,
            "year": 2018,
            "quarter": 4,
            "eps": -0.22,
            "eps_growth_year": -188.01,
            "eps_4q": -0.03,
            "eps_4q_growth_year": -103.47,
            "roe": -3.87,
            "roe_4q": -2.4800000000000004,
            "gross_profit": 13660,
            "gross_margin": 2.81,
            "gross_margin_4q_avg": 11.21,
            "net_income": -41436,
            "net_income_4q": null,
            "revenue": 485343,
            "revenue_4q": null,
            "common_shares": 1736100,
            "book_valuer_per_share": 5.98,
            "book_valuer_per_share_4q_avg": 6.33,
            "equity": 1053596,
            "current_ratio": 82.67,
            "debt_ratio": 70.98,
            "inventory_turnover_ratio": 1.15,
            "account_receivable_turnover_ratio": 0.55,
            "reinvestment_rate": null,
            "research_to_sale_ratio": 2.32,
            "price_fair": 21.84,
            "eps_avg_yearly": 0.62,
            "eps_latest_yearly": 0.8,
            "eps_growth_yearly": 1780.92
        },
        "20191": {
            "year_quarter": 20191,
            "year": 2019,
            "quarter": 1,
            "eps": -0.57,
            "eps_growth_year": -416.67,
            "eps_4q": -0.76,
            "eps_4q_growth_year": -234.63,
            "roe": -9.92,
            "roe_4q": -14.77,
            "gross_profit": -35532,
            "gross_margin": -10.38,
            "gross_margin_4q_avg": 4.15,
            "net_income": -100742,
            "net_income_4q": null,
            "revenue": 342203,
            "revenue_4q": null,
            "common_shares": 1736100,
            "book_valuer_per_share": 5.52,
            "book_valuer_per_share_4q_avg": 6.05,
            "equity": 976940,
            "current_ratio": 78.55,
            "debt_ratio": 72.09,
            "inventory_turnover_ratio": 0.92,
            "account_receivable_turnover_ratio": 0.39,
            "reinvestment_rate": null,
            "research_to_sale_ratio": 0.79,
            "price_fair": 21.84,
            "eps_avg_yearly": 0.62,
            "eps_latest_yearly": 0.8,
            "eps_growth_yearly": 1780.92
        },
        "20192": {
            "year_quarter": 20192,
            "year": 2019,
            "quarter": 2,
            "eps": -0.44,
            "eps_growth_year": -320,
            "eps_4q": -1.39,
            "eps_4q_growth_year": -320.03,
            "roe": -8.21,
            "roe_4q": -24.770000000000003,
            "gross_profit": -29279,
            "gross_margin": -10.14,
            "gross_margin_4q_avg": -2.13,
            "net_income": -76497,
            "net_income_4q": null,
            "revenue": 288648,
            "revenue_4q": null,
            "common_shares": 1736100,
            "book_valuer_per_share": 5,
            "book_valuer_per_share_4q_avg": 5.67,
            "equity": 887100,
            "current_ratio": 71.28,
            "debt_ratio": 71.6,
            "inventory_turnover_ratio": 0.87,
            "account_receivable_turnover_ratio": 0.42,
            "reinvestment_rate": null,
            "research_to_sale_ratio": 0.62,
            "price_fair": 21.84,
            "eps_avg_yearly": 0.62,
            "eps_latest_yearly": 0.8,
            "eps_growth_yearly": 1780.92
        },
        "20193": {
            "year_quarter": 20193,
            "year": 2019,
            "quarter": 3,
            "eps": -0.61,
            "eps_growth_year": null,
            "eps_4q": -1.84,
            "eps_4q_growth_year": -527.23,
            "roe": -13.06,
            "roe_4q": -35.06,
            "gross_profit": -53457,
            "gross_margin": -22.61,
            "gross_margin_4q_avg": -10.08,
            "net_income": -107059,
            "net_income_4q": null,
            "revenue": 236422,
            "revenue_4q": null,
            "common_shares": 1736100,
            "book_valuer_per_share": 4.21,
            "book_valuer_per_share_4q_avg": 5.18,
            "equity": 752447,
            "current_ratio": 61.58,
            "debt_ratio": 73.88,
            "inventory_turnover_ratio": 0.88,
            "account_receivable_turnover_ratio": 0.49,
            "reinvestment_rate": null,
            "research_to_sale_ratio": 0.67,
            "price_fair": 21.84,
            "eps_avg_yearly": 0.62,
            "eps_latest_yearly": 0.8,
            "eps_growth_yearly": 1780.92
        },
        "20194": {
            "year_quarter": 20194,
            "year": 2019,
            "quarter": 4,
            "eps": -0.68,
            "eps_growth_year": null,
            "eps_4q": -2.22,
            "eps_4q_growth_year": null,
            "roe": -17.85,
            "roe_4q": -49.040000000000006,
            "gross_profit": -29056,
            "gross_margin": -11.96,
            "gross_margin_4q_avg": -13.77,
            "net_income": -125017,
            "net_income_4q": null,
            "revenue": 242980,
            "revenue_4q": null,
            "common_shares": 1816100,
            "book_valuer_per_share": 3.46,
            "book_valuer_per_share_4q_avg": 4.55,
            "equity": 648160,
            "current_ratio": 90.25,
            "debt_ratio": 75.9,
            "inventory_turnover_ratio": 0.95,
            "account_receivable_turnover_ratio": 0.65,
            "reinvestment_rate": null,
            "research_to_sale_ratio": 0.9,
            "price_fair": 21.84,
            "eps_avg_yearly": 0.62,
            "eps_latest_yearly": 0.8,
            "eps_growth_yearly": 1780.92
        },
        "20201": {
            "year_quarter": 20201,
            "year": 2020,
            "quarter": 1,
            "eps": -0.51,
            "eps_growth_year": null,
            "eps_4q": -2.19,
            "eps_4q_growth_year": null,
            "roe": -16.02,
            "roe_4q": -55.14000000000001,
            "gross_profit": 5024,
            "gross_margin": 3.92,
            "gross_margin_4q_avg": -10.2,
            "net_income": -95680,
            "net_income_4q": null,
            "revenue": 128253,
            "revenue_4q": null,
            "common_shares": 1816100,
            "book_valuer_per_share": 2.92,
            "book_valuer_per_share_4q_avg": 3.9,
            "equity": 546353,
            "current_ratio": 96.16,
            "debt_ratio": 79.11,
            "inventory_turnover_ratio": 0.47,
            "account_receivable_turnover_ratio": 0.4,
            "reinvestment_rate": null,
            "research_to_sale_ratio": 0.44,
            "price_fair": 21.84,
            "eps_avg_yearly": 0.62,
            "eps_latest_yearly": 0.8,
            "eps_growth_yearly": 1780.92
        },
        "20202": {
            "year_quarter": 20202,
            "year": 2020,
            "quarter": 2,
            "eps": -0.54,
            "eps_growth_year": null,
            "eps_4q": -2.32,
            "eps_4q_growth_year": null,
            "roe": -20.66,
            "roe_4q": -67.59,
            "gross_profit": -18425,
            "gross_margin": -14.01,
            "gross_margin_4q_avg": -11.17,
            "net_income": -100808,
            "net_income_4q": null,
            "revenue": 131472,
            "revenue_4q": null,
            "common_shares": 1816100,
            "book_valuer_per_share": 2.27,
            "book_valuer_per_share_4q_avg": 3.22,
            "equity": 429612,
            "current_ratio": 104.8,
            "debt_ratio": 82.39,
            "inventory_turnover_ratio": 0.66,
            "account_receivable_turnover_ratio": 0.48,
            "reinvestment_rate": null,
            "research_to_sale_ratio": 0.47,
            "price_fair": 21.84,
            "eps_avg_yearly": 0.62,
            "eps_latest_yearly": 0.8,
            "eps_growth_yearly": 1780.92
        },
        "20203": {
            "year_quarter": 20203,
            "year": 2020,
            "quarter": 3,
            "eps": 0.74,
            "eps_growth_year": null,
            "eps_4q": -1.01,
            "eps_4q_growth_year": null,
            "roe": 26.14,
            "roe_4q": -28.39,
            "gross_profit": -9218,
            "gross_margin": -5.88,
            "gross_margin_4q_avg": -6.98,
            "net_income": 131658,
            "net_income_4q": null,
            "revenue": 156752,
            "revenue_4q": null,
            "common_shares": 1816100,
            "book_valuer_per_share": 3.09,
            "book_valuer_per_share_4q_avg": 2.94,
            "equity": 577646,
            "current_ratio": 109.58,
            "debt_ratio": 67.05,
            "inventory_turnover_ratio": 0.8,
            "account_receivable_turnover_ratio": 0.53,
            "reinvestment_rate": null,
            "research_to_sale_ratio": 0.17,
            "price_fair": 21.84,
            "eps_avg_yearly": 0.62,
            "eps_latest_yearly": 0.8,
            "eps_growth_yearly": 1780.92
        },
        "20204": {
            "year_quarter": 20204,
            "year": 2020,
            "quarter": 4,
            "eps": -0.16,
            "eps_growth_year": null,
            "eps_4q": -0.49,
            "eps_4q_growth_year": null,
            "roe": -5.19,
            "roe_4q": -15.73,
            "gross_profit": 31310,
            "gross_margin": 14.73,
            "gross_margin_4q_avg": -0.31,
            "net_income": -29642,
            "net_income_4q": null,
            "revenue": 212572,
            "revenue_4q": null,
            "common_shares": 1816100,
            "book_valuer_per_share": 3.03,
            "book_valuer_per_share_4q_avg": 2.83,
            "equity": 565181,
            "current_ratio": 109.53,
            "debt_ratio": 67.23,
            "inventory_turnover_ratio": 0.89,
            "account_receivable_turnover_ratio": 0.55,
            "reinvestment_rate": null,
            "research_to_sale_ratio": 0.12,
            "price_fair": 21.84,
            "eps_avg_yearly": 0.62,
            "eps_latest_yearly": 0.8,
            "eps_growth_yearly": 1780.92
        },
        "20211": {
            "year_quarter": 20211,
            "year": 2021,
            "quarter": 1,
            "eps": 0.79,
            "eps_growth_year": null,
            "eps_4q": 0.82,
            "eps_4q_growth_year": null,
            "roe": 16.24,
            "roe_4q": 16.529999999999998,
            "gross_profit": 132278,
            "gross_margin": 31.8,
            "gross_margin_4q_avg": 6.66,
            "net_income": 99449,
            "net_income_4q": null,
            "revenue": 415985,
            "revenue_4q": null,
            "common_shares": 1271270,
            "book_valuer_per_share": 5.08,
            "book_valuer_per_share_4q_avg": 3.37,
            "equity": 659840,
            "current_ratio": 115.29,
            "debt_ratio": 65.25,
            "inventory_turnover_ratio": 1.47,
            "account_receivable_turnover_ratio": 0.86,
            "reinvestment_rate": null,
            "research_to_sale_ratio": 0.05,
            "price_fair": 21.84,
            "eps_avg_yearly": 0.62,
            "eps_latest_yearly": 0.8,
            "eps_growth_yearly": 1780.92
        },
        "20212": {
            "year_quarter": 20212,
            "year": 2021,
            "quarter": 2,
            "eps": 1.21,
            "eps_growth_year": null,
            "eps_4q": 2.82,
            "eps_4q_growth_year": null,
            "roe": 20.86,
            "roe_4q": 58.05,
            "gross_profit": 191765,
            "gross_margin": 36.06,
            "gross_margin_4q_avg": 19.18,
            "net_income": 152841,
            "net_income_4q": null,
            "revenue": 531866,
            "revenue_4q": null,
            "common_shares": 1271270,
            "book_valuer_per_share": 6.24,
            "book_valuer_per_share_4q_avg": 4.36,
            "equity": 805627,
            "current_ratio": 251.47,
            "debt_ratio": 62.01,
            "inventory_turnover_ratio": 1.68,
            "account_receivable_turnover_ratio": 0.78,
            "reinvestment_rate": null,
            "research_to_sale_ratio": 0.04,
            "price_fair": 51.8,
            "eps_avg_yearly": 1.48,
            "eps_latest_yearly": 4.84,
            "eps_growth_yearly": 1874.73
        },
        "20213": {
            "year_quarter": 20213,
            "year": 2021,
            "quarter": 3,
            "eps": 1.38,
            "eps_growth_year": 86.49,
            "eps_4q": 3.15,
            "eps_4q_growth_year": null,
            "roe": 18.59,
            "roe_4q": 50.5,
            "gross_profit": 191092,
            "gross_margin": 33.94,
            "gross_margin_4q_avg": 29.13,
            "net_income": 164637,
            "net_income_4q": null,
            "revenue": 562959,
            "revenue_4q": null,
            "common_shares": 1271270,
            "book_valuer_per_share": 7.57,
            "book_valuer_per_share_4q_avg": 5.48,
            "equity": 965357,
            "current_ratio": 282.24,
            "debt_ratio": 57.31,
            "inventory_turnover_ratio": 1.72,
            "account_receivable_turnover_ratio": 0.63,
            "reinvestment_rate": null,
            "research_to_sale_ratio": 0.08,
            "price_fair": 90.16,
            "eps_avg_yearly": 2.58,
            "eps_latest_yearly": 5.52,
            "eps_growth_yearly": 1960.26
        },
        "20214": {
            "year_quarter": 20214,
            "year": 2021,
            "quarter": 4,
            "eps": 0.35,
            "eps_growth_year": null,
            "eps_4q": 3.73,
            "eps_4q_growth_year": null,
            "roe": 4.39,
            "roe_4q": 60.08,
            "gross_profit": 93805,
            "gross_margin": 21.07,
            "gross_margin_4q_avg": 30.72,
            "net_income": 43662,
            "net_income_4q": null,
            "revenue": 445209,
            "revenue_4q": null,
            "common_shares": 1271270,
            "book_valuer_per_share": 8.03,
            "book_valuer_per_share_4q_avg": 6.73,
            "equity": 1022272,
            "current_ratio": 269.68,
            "debt_ratio": 57.42,
            "inventory_turnover_ratio": 1.56,
            "account_receivable_turnover_ratio": 0.43,
            "reinvestment_rate": null,
            "research_to_sale_ratio": 0.02,
            "price_fair": 7.97,
            "eps_avg_yearly": 2.66,
            "eps_latest_yearly": 1.4,
            "eps_growth_yearly": -19.45
        },
        "20221": {
            "year_quarter": 20221,
            "year": 2022,
            "quarter": 1,
            "eps": -0.84,
            "eps_growth_year": -206.33,
            "eps_4q": 2.1,
            "eps_4q_growth_year": 155.06,
            "roe": -11.75,
            "roe_4q": 32.09,
            "gross_profit": -40829,
            "gross_margin": -20.54,
            "gross_margin_4q_avg": 17.63,
            "net_income": -116108,
            "net_income_4q": null,
            "revenue": 198769,
            "revenue_4q": null,
            "common_shares": 1271270,
            "book_valuer_per_share": 7.56,
            "book_valuer_per_share_4q_avg": 7.35,
            "equity": 953490,
            "current_ratio": 283.48,
            "debt_ratio": 55.45,
            "inventory_turnover_ratio": 1.11,
            "account_receivable_turnover_ratio": 0.21,
            "reinvestment_rate": null,
            "research_to_sale_ratio": 0.15,
            "price_fair": 42.98,
            "eps_avg_yearly": 3.14,
            "eps_latest_yearly": 1.4,
            "eps_growth_yearly": 3.69
        },
        "20222": {
            "year_quarter": 20222,
            "year": 2022,
            "quarter": 2,
            "eps": -0.56,
            "eps_growth_year": -146.28,
            "eps_4q": 0.32,
            "eps_4q_growth_year": -88.52,
            "roe": -6.76,
            "roe_4q": 4.470000000000002,
            "gross_profit": -18011,
            "gross_margin": -13.75,
            "gross_margin_4q_avg": 5.18,
            "net_income": -75741,
            "net_income_4q": null,
            "revenue": 131014,
            "revenue_4q": null,
            "common_shares": 1271270,
            "book_valuer_per_share": 10.17,
            "book_valuer_per_share_4q_avg": 8.33,
            "equity": 1286921,
            "current_ratio": 121.3,
            "debt_ratio": 46.66,
            "inventory_turnover_ratio": 0.73,
            "account_receivable_turnover_ratio": 0.21,
            "reinvestment_rate": null,
            "research_to_sale_ratio": 0.37,
            "price_fair": 11.76,
            "eps_avg_yearly": 3.92,
            "eps_latest_yearly": 1.4,
            "eps_growth_yearly": -9.9
        },
        "20223": {
            "year_quarter": 20223,
            "year": 2022,
            "quarter": 3,
            "eps": -0.6,
            "eps_growth_year": -143.48,
            "eps_4q": -1.65,
            "eps_4q_growth_year": -152.4,
            "roe": -6.27,
            "roe_4q": -20.39,
            "gross_profit": -38075,
            "gross_margin": -25.15,
            "gross_margin_4q_avg": -9.59,
            "net_income": -78145,
            "net_income_4q": null,
            "revenue": 151394,
            "revenue_4q": null,
            "common_shares": 1271270,
            "book_valuer_per_share": 9.55,
            "book_valuer_per_share_4q_avg": 8.83,
            "equity": 1205931,
            "current_ratio": 115.01,
            "debt_ratio": 46.54,
            "inventory_turnover_ratio": 0.92,
            "account_receivable_turnover_ratio": 0.33,
            "reinvestment_rate": null,
            "research_to_sale_ratio": 0.54,
            "price_fair": 11.76,
            "eps_avg_yearly": 3.92,
            "eps_latest_yearly": 1.4,
            "eps_growth_yearly": -9.9
        },
        "20224": {
            "year_quarter": 20224,
            "year": 2022,
            "quarter": 4,
            "eps": -0.71,
            "eps_growth_year": -299.35,
            "eps_4q": -2.71,
            "eps_4q_growth_year": -172.72,
            "roe": -7.94,
            "roe_4q": -32.72,
            "gross_profit": 244,
            "gross_margin": 0.13,
            "gross_margin_4q_avg": -14.83,
            "net_income": -92195,
            "net_income_4q": null,
            "revenue": 188339,
            "revenue_4q": null,
            "common_shares": 1271270,
            "book_valuer_per_share": 8.86,
            "book_valuer_per_share_4q_avg": 9.04,
            "equity": 1116144,
            "current_ratio": 110.49,
            "debt_ratio": 49.01,
            "inventory_turnover_ratio": 0.94,
            "account_receivable_turnover_ratio": 0.46,
            "reinvestment_rate": null,
            "research_to_sale_ratio": 0.48,
            "price_fair": 11.76,
            "eps_avg_yearly": 3.92,
            "eps_latest_yearly": 1.4,
            "eps_growth_yearly": -9.9
        },
        "20231": {
            "year_quarter": 20231,
            "year": 2023,
            "quarter": 1,
            "eps": -0.35,
            "eps_growth_year": null,
            "eps_4q": -2.22,
            "eps_4q_growth_year": -205.68,
            "roe": -4.15,
            "roe_4q": -25.119999999999997,
            "gross_profit": -14395,
            "gross_margin": -9.67,
            "gross_margin_4q_avg": -12.11,
            "net_income": -45349,
            "net_income_4q": null,
            "revenue": 148851,
            "revenue_4q": null,
            "common_shares": 1271270,
            "book_valuer_per_share": 8.52,
            "book_valuer_per_share_4q_avg": 9.28,
            "equity": 1071803,
            "current_ratio": 257.58,
            "debt_ratio": 48.73,
            "inventory_turnover_ratio": 0.84,
            "account_receivable_turnover_ratio": 0.39,
            "reinvestment_rate": null,
            "research_to_sale_ratio": 0.36,
            "price_fair": 11.76,
            "eps_avg_yearly": 3.92,
            "eps_latest_yearly": 1.4,
            "eps_growth_yearly": -9.9
        },
        "20232": {
            "year_quarter": 20232,
            "year": 2023,
            "quarter": 2,
            "eps": -0.57,
            "eps_growth_year": null,
            "eps_4q": -2.22,
            "eps_4q_growth_year": -787.05,
            "roe": -7.15,
            "roe_4q": -25.51,
            "gross_profit": -32440,
            "gross_margin": -24.3,
            "gross_margin_4q_avg": -14.75,
            "net_income": -72900,
            "net_income_4q": null,
            "revenue": 133525,
            "revenue_4q": null,
            "common_shares": 1271270,
            "book_valuer_per_share": 7.67,
            "book_valuer_per_share_4q_avg": 8.65,
            "equity": 968708,
            "current_ratio": 113.13,
            "debt_ratio": 54.55,
            "inventory_turnover_ratio": 0.91,
            "account_receivable_turnover_ratio": 0.33,
            "reinvestment_rate": null,
            "research_to_sale_ratio": 0.57,
            "price_fair": 11.76,
            "eps_avg_yearly": 3.92,
            "eps_latest_yearly": 1.4,
            "eps_growth_yearly": -9.9
        },
        "20233": {
            "year_quarter": 20233,
            "year": 2023,
            "quarter": 3,
            "eps": -0.32,
            "eps_growth_year": null,
            "eps_4q": -1.94,
            "eps_4q_growth_year": null,
            "roe": -4.22,
            "roe_4q": -23.46,
            "gross_profit": -5364,
            "gross_margin": -3.2,
            "gross_margin_4q_avg": -9.26,
            "net_income": -40677,
            "net_income_4q": null,
            "revenue": 167472,
            "revenue_4q": null,
            "common_shares": 1271270,
            "book_valuer_per_share": 7.59,
            "book_valuer_per_share_4q_avg": 8.16,
            "equity": 958273,
            "current_ratio": 111.46,
            "debt_ratio": 55.49,
            "inventory_turnover_ratio": 0.88,
            "account_receivable_turnover_ratio": 0.39,
            "reinvestment_rate": null,
            "research_to_sale_ratio": 0.38,
            "price_fair": 11.76,
            "eps_avg_yearly": 3.92,
            "eps_latest_yearly": 1.4,
            "eps_growth_yearly": -9.9
        }
    },
    "months": {
        "2001-06": {
            "month": "2001-06",
            "price": "38.12",
            "revenue": 37098
        },
        "2001-07": {
            "month": "2001-07",
            "price": "22.31",
            "revenue": 51446
        },
        "2001-08": {
            "month": "2001-08",
            "price": "18.91",
            "revenue": 67910
        },
        "2001-09": {
            "month": "2001-09",
            "price": "12.77",
            "revenue": 74719
        },
        "2001-10": {
            "month": "2001-10",
            "price": "9.80",
            "revenue": 70328
        },
        "2001-11": {
            "month": "2001-11",
            "price": "10.70",
            "revenue": 57631
        },
        "2001-12": {
            "month": "2001-12",
            "price": "12.95",
            "revenue": 2398
        },
        "2002-01": {
            "month": "2002-01",
            "price": "17.39",
            "revenue": 70064
        },
        "2002-02": {
            "month": "2002-02",
            "price": "18.54",
            "revenue": 75532
        },
        "2002-03": {
            "month": "2002-03",
            "price": "21.25",
            "revenue": 92250
        },
        "2002-04": {
            "month": "2002-04",
            "price": "28.00",
            "revenue": 100440
        },
        "2002-05": {
            "month": "2002-05",
            "price": "20.63",
            "revenue": 94156
        },
        "2002-06": {
            "month": "2002-06",
            "price": "19.00",
            "revenue": 80880
        },
        "2002-07": {
            "month": "2002-07",
            "price": "12.48",
            "revenue": 54502
        },
        "2002-08": {
            "month": "2002-08",
            "price": "11.55",
            "revenue": 62421
        },
        "2002-09": {
            "month": "2002-09",
            "price": "9.35",
            "revenue": 86565
        },
        "2002-10": {
            "month": "2002-10",
            "price": "8.46",
            "revenue": 96871
        },
        "2002-11": {
            "month": "2002-11",
            "price": "7.91",
            "revenue": 93886
        },
        "2002-12": {
            "month": "2002-12",
            "price": "7.64",
            "revenue": 98457
        },
        "2003-01": {
            "month": "2003-01",
            "price": "8.95",
            "revenue": 111983
        },
        "2003-02": {
            "month": "2003-02",
            "price": "9.07",
            "revenue": 132729
        },
        "2003-03": {
            "month": "2003-03",
            "price": "8.81",
            "revenue": 120428
        },
        "2003-04": {
            "month": "2003-04",
            "price": "8.28",
            "revenue": 106609
        },
        "2003-05": {
            "month": "2003-05",
            "price": "7.32",
            "revenue": 95764
        },
        "2003-06": {
            "month": "2003-06",
            "price": "9.14",
            "revenue": 90982
        },
        "2003-07": {
            "month": "2003-07",
            "price": "10.61",
            "revenue": 93278
        },
        "2003-08": {
            "month": "2003-08",
            "price": "12.02",
            "revenue": 112849
        },
        "2003-09": {
            "month": "2003-09",
            "price": "10.51",
            "revenue": 116704
        },
        "2003-10": {
            "month": "2003-10",
            "price": "11.77",
            "revenue": 123476
        },
        "2003-11": {
            "month": "2003-11",
            "price": "14.22",
            "revenue": 130658
        },
        "2003-12": {
            "month": "2003-12",
            "price": "14.53",
            "revenue": 135178
        },
        "2004-01": {
            "month": "2004-01",
            "price": "15.27",
            "revenue": 121952
        },
        "2004-02": {
            "month": "2004-02",
            "price": "18.78",
            "revenue": 140333
        },
        "2004-03": {
            "month": "2004-03",
            "price": "22.06",
            "revenue": 155631
        },
        "2004-04": {
            "month": "2004-04",
            "price": "27.03",
            "revenue": 162457
        },
        "2004-05": {
            "month": "2004-05",
            "price": "27.90",
            "revenue": 165560
        },
        "2004-06": {
            "month": "2004-06",
            "price": "25.50",
            "revenue": 207480
        },
        "2004-07": {
            "month": "2004-07",
            "price": "24.00",
            "revenue": 222160
        },
        "2004-08": {
            "month": "2004-08",
            "price": "25.06",
            "revenue": 228326
        },
        "2004-09": {
            "month": "2004-09",
            "price": "32.96",
            "revenue": 230068
        },
        "2004-10": {
            "month": "2004-10",
            "price": "31.03",
            "revenue": 239747
        },
        "2004-11": {
            "month": "2004-11",
            "price": "26.55",
            "revenue": 238127
        },
        "2004-12": {
            "month": "2004-12",
            "price": "24.41",
            "revenue": 190655
        },
        "2005-01": {
            "month": "2005-01",
            "price": "19.41",
            "revenue": 130054
        },
        "2005-02": {
            "month": "2005-02",
            "price": "20.65",
            "revenue": 127950
        },
        "2005-03": {
            "month": "2005-03",
            "price": "22.07",
            "revenue": 169922
        },
        "2005-04": {
            "month": "2005-04",
            "price": "19.12",
            "revenue": 144507
        },
        "2005-05": {
            "month": "2005-05",
            "price": "15.25",
            "revenue": 189634
        },
        "2005-06": {
            "month": "2005-06",
            "price": "16.99",
            "revenue": 164306
        },
        "2005-07": {
            "month": "2005-07",
            "price": "17.17",
            "revenue": 140460
        },
        "2005-08": {
            "month": "2005-08",
            "price": "14.48",
            "revenue": 173204
        },
        "2005-09": {
            "month": "2005-09",
            "price": "9.97",
            "revenue": 193180
        },
        "2005-10": {
            "month": "2005-10",
            "price": "10.13",
            "revenue": 193908
        },
        "2005-11": {
            "month": "2005-11",
            "price": "9.74",
            "revenue": 194254
        },
        "2005-12": {
            "month": "2005-12",
            "price": "13.37",
            "revenue": 198355
        },
        "2006-01": {
            "month": "2006-01",
            "price": "14.36",
            "revenue": 173932
        },
        "2006-02": {
            "month": "2006-02",
            "price": "13.69",
            "revenue": 175807
        },
        "2006-03": {
            "month": "2006-03",
            "price": "13.94",
            "revenue": 208882
        },
        "2006-04": {
            "month": "2006-04",
            "price": "14.97",
            "revenue": 242007
        },
        "2006-05": {
            "month": "2006-05",
            "price": "15.65",
            "revenue": 247119
        },
        "2006-06": {
            "month": "2006-06",
            "price": "13.98",
            "revenue": 242837
        },
        "2006-07": {
            "month": "2006-07",
            "price": "14.99",
            "revenue": 242184
        },
        "2006-08": {
            "month": "2006-08",
            "price": "15.03",
            "revenue": 248445
        },
        "2006-09": {
            "month": "2006-09",
            "price": "14.03",
            "revenue": 253106
        },
        "2006-10": {
            "month": "2006-10",
            "price": "14.34",
            "revenue": 177707
        },
        "2006-11": {
            "month": "2006-11",
            "price": "14.88",
            "revenue": 158535
        },
        "2006-12": {
            "month": "2006-12",
            "price": "14.95",
            "revenue": 77502
        },
        "2007-01": {
            "month": "2007-01",
            "price": "14.67",
            "revenue": 137662
        },
        "2007-02": {
            "month": "2007-02",
            "price": "13.95",
            "revenue": 116176
        },
        "2007-03": {
            "month": "2007-03",
            "price": "13.29",
            "revenue": 208165
        },
        "2007-04": {
            "month": "2007-04",
            "price": "14.15",
            "revenue": 268764
        },
        "2007-05": {
            "month": "2007-05",
            "price": "13.56",
            "revenue": 305333
        },
        "2007-06": {
            "month": "2007-06",
            "price": "15.64",
            "revenue": 288867
        },
        "2007-07": {
            "month": "2007-07",
            "price": "16.13",
            "revenue": 279992
        },
        "2007-08": {
            "month": "2007-08",
            "price": "14.91",
            "revenue": 221099
        },
        "2007-09": {
            "month": "2007-09",
            "price": "14.02",
            "revenue": 242708
        },
        "2007-10": {
            "month": "2007-10",
            "price": "12.51",
            "revenue": 206795
        },
        "2007-11": {
            "month": "2007-11",
            "price": "10.85",
            "revenue": 158574
        },
        "2007-12": {
            "month": "2007-12",
            "price": "9.43",
            "revenue": 102311
        },
        "2008-01": {
            "month": "2008-01",
            "price": "8.84",
            "revenue": 145574
        },
        "2008-02": {
            "month": "2008-02",
            "price": "8.13",
            "revenue": 140292
        },
        "2008-03": {
            "month": "2008-03",
            "price": "8.86",
            "revenue": 184584
        },
        "2008-04": {
            "month": "2008-04",
            "price": "9.45",
            "revenue": 191225
        },
        "2008-05": {
            "month": "2008-05",
            "price": "9.66",
            "revenue": 195175
        },
        "2008-06": {
            "month": "2008-06",
            "price": "8.42",
            "revenue": 152630
        },
        "2008-07": {
            "month": "2008-07",
            "price": "6.10",
            "revenue": 130257
        },
        "2008-08": {
            "month": "2008-08",
            "price": "5.45",
            "revenue": 123588
        },
        "2008-09": {
            "month": "2008-09",
            "price": "3.91",
            "revenue": 121087
        },
        "2008-10": {
            "month": "2008-10",
            "price": "3.46",
            "revenue": 72319
        },
        "2008-11": {
            "month": "2008-11",
            "price": "2.50",
            "revenue": 30685
        },
        "2008-12": {
            "month": "2008-12",
            "price": "2.34",
            "revenue": 27851
        },
        "2009-01": {
            "month": "2009-01",
            "price": "2.30",
            "revenue": 54681
        },
        "2009-02": {
            "month": "2009-02",
            "price": "2.74",
            "revenue": 60238
        },
        "2009-03": {
            "month": "2009-03",
            "price": "3.68",
            "revenue": 97654
        },
        "2009-04": {
            "month": "2009-04",
            "price": "4.44",
            "revenue": 126473
        },
        "2009-05": {
            "month": "2009-05",
            "price": "4.69",
            "revenue": 140749
        },
        "2009-06": {
            "month": "2009-06",
            "price": "4.97",
            "revenue": 126642
        },
        "2009-07": {
            "month": "2009-07",
            "price": "5.36",
            "revenue": 153241
        },
        "2009-08": {
            "month": "2009-08",
            "price": "6.76",
            "revenue": 201235
        },
        "2009-09": {
            "month": "2009-09",
            "price": "8.98",
            "revenue": 186198
        },
        "2009-10": {
            "month": "2009-10",
            "price": "9.94",
            "revenue": 139657
        },
        "2009-11": {
            "month": "2009-11",
            "price": "8.96",
            "revenue": 104459
        },
        "2009-12": {
            "month": "2009-12",
            "price": "9.30",
            "revenue": 121689
        },
        "2010-01": {
            "month": "2010-01",
            "price": "10.03",
            "revenue": 170460
        },
        "2010-02": {
            "month": "2010-02",
            "price": "9.24",
            "revenue": 198486
        },
        "2010-03": {
            "month": "2010-03",
            "price": "12.40",
            "revenue": 275040
        },
        "2010-04": {
            "month": "2010-04",
            "price": "16.38",
            "revenue": 312799
        },
        "2010-05": {
            "month": "2010-05",
            "price": "15.16",
            "revenue": 301448
        },
        "2010-06": {
            "month": "2010-06",
            "price": "17.13",
            "revenue": 303086
        },
        "2010-07": {
            "month": "2010-07",
            "price": "18.96",
            "revenue": 223513
        },
        "2010-08": {
            "month": "2010-08",
            "price": "19.72",
            "revenue": 245689
        },
        "2010-09": {
            "month": "2010-09",
            "price": "17.28",
            "revenue": 232416
        },
        "2010-10": {
            "month": "2010-10",
            "price": "14.86",
            "revenue": 153978
        },
        "2010-11": {
            "month": "2010-11",
            "price": "14.49",
            "revenue": 155844
        },
        "2010-12": {
            "month": "2010-12",
            "price": "16.99",
            "revenue": 183705
        },
        "2011-01": {
            "month": "2011-01",
            "price": "18.44",
            "revenue": 210230
        },
        "2011-02": {
            "month": "2011-02",
            "price": "19.31",
            "revenue": 202351
        },
        "2011-03": {
            "month": "2011-03",
            "price": "17.40",
            "revenue": 325034
        },
        "2011-04": {
            "month": "2011-04",
            "price": "17.39",
            "revenue": 341594
        },
        "2011-05": {
            "month": "2011-05",
            "price": "17.75",
            "revenue": 275269
        },
        "2011-06": {
            "month": "2011-06",
            "price": "15.72",
            "revenue": 277769
        },
        "2011-07": {
            "month": "2011-07",
            "price": "13.94",
            "revenue": 312025
        },
        "2011-08": {
            "month": "2011-08",
            "price": "12.78",
            "revenue": 263313
        },
        "2011-09": {
            "month": "2011-09",
            "price": "11.64",
            "revenue": 194376
        },
        "2011-10": {
            "month": "2011-10",
            "price": "10.91",
            "revenue": 194658
        },
        "2011-11": {
            "month": "2011-11",
            "price": "9.32",
            "revenue": 216111
        },
        "2011-12": {
            "month": "2011-12",
            "price": "7.52",
            "revenue": 221554
        },
        "2012-01": {
            "month": "2012-01",
            "price": "8.41",
            "revenue": 226174
        },
        "2012-02": {
            "month": "2012-02",
            "price": "10.90",
            "revenue": 256307
        },
        "2012-03": {
            "month": "2012-03",
            "price": "11.78",
            "revenue": 301771
        },
        "2012-04": {
            "month": "2012-04",
            "price": "10.51",
            "revenue": 300851
        },
        "2012-05": {
            "month": "2012-05",
            "price": "9.54",
            "revenue": 308447
        },
        "2012-06": {
            "month": "2012-06",
            "price": "8.89",
            "revenue": 270391
        },
        "2012-07": {
            "month": "2012-07",
            "price": "8.66",
            "revenue": 273413
        },
        "2012-08": {
            "month": "2012-08",
            "price": "8.30",
            "revenue": 296517
        },
        "2012-09": {
            "month": "2012-09",
            "price": "9.26",
            "revenue": 303014
        },
        "2012-10": {
            "month": "2012-10",
            "price": "9.10",
            "revenue": 230217
        },
        "2012-11": {
            "month": "2012-11",
            "price": "7.99",
            "revenue": 223615
        },
        "2012-12": {
            "month": "2012-12",
            "price": "8.04",
            "revenue": 244283
        },
        "2013-01": {
            "month": "2013-01",
            "price": "8.20",
            "revenue": 273769
        },
        "2013-02": {
            "month": "2013-02",
            "price": "8.89",
            "revenue": 202634
        },
        "2013-03": {
            "month": "2013-03",
            "price": "8.80",
            "revenue": 259278
        },
        "2013-04": {
            "month": "2013-04",
            "price": "8.66",
            "revenue": 248602
        },
        "2013-05": {
            "month": "2013-05",
            "price": "8.69",
            "revenue": 232146
        },
        "2013-06": {
            "month": "2013-06",
            "price": "8.26",
            "revenue": 220814
        },
        "2013-07": {
            "month": "2013-07",
            "price": "7.84",
            "revenue": 221277
        },
        "2013-08": {
            "month": "2013-08",
            "price": "7.36",
            "revenue": 261725
        },
        "2013-09": {
            "month": "2013-09",
            "price": "7.00",
            "revenue": 255888
        },
        "2013-10": {
            "month": "2013-10",
            "price": "6.90",
            "revenue": 244942
        },
        "2013-11": {
            "month": "2013-11",
            "price": "6.55",
            "revenue": 210573
        },
        "2013-12": {
            "month": "2013-12",
            "price": "6.32",
            "revenue": 241997
        },
        "2014-01": {
            "month": "2014-01",
            "price": "6.86",
            "revenue": 274116
        },
        "2014-02": {
            "month": "2014-02",
            "price": "7.55",
            "revenue": 212701
        },
        "2014-03": {
            "month": "2014-03",
            "price": "8.52",
            "revenue": 266619
        },
        "2014-04": {
            "month": "2014-04",
            "price": "8.17",
            "revenue": 250500
        },
        "2014-05": {
            "month": "2014-05",
            "price": "8.26",
            "revenue": 271311
        },
        "2014-06": {
            "month": "2014-06",
            "price": "10.05",
            "revenue": 243928
        },
        "2014-07": {
            "month": "2014-07",
            "price": "9.49",
            "revenue": 252591
        },
        "2014-08": {
            "month": "2014-08",
            "price": "8.80",
            "revenue": 231998
        },
        "2014-09": {
            "month": "2014-09",
            "price": "7.91",
            "revenue": 235630
        },
        "2014-10": {
            "month": "2014-10",
            "price": "6.92",
            "revenue": 236535
        },
        "2014-11": {
            "month": "2014-11",
            "price": "7.24",
            "revenue": 218940
        },
        "2014-12": {
            "month": "2014-12",
            "price": "7.29",
            "revenue": 217612
        },
        "2015-01": {
            "month": "2015-01",
            "price": "7.55",
            "revenue": 237199
        },
        "2015-02": {
            "month": "2015-02",
            "price": "7.39",
            "revenue": 204209
        },
        "2015-03": {
            "month": "2015-03",
            "price": "7.35",
            "revenue": 249635
        },
        "2015-04": {
            "month": "2015-04",
            "price": "7.18",
            "revenue": 207487
        },
        "2015-05": {
            "month": "2015-05",
            "price": "5.70",
            "revenue": 218383
        },
        "2015-06": {
            "month": "2015-06",
            "price": "4.93",
            "revenue": 170009
        },
        "2015-07": {
            "month": "2015-07",
            "price": "4.47",
            "revenue": 175068
        },
        "2015-08": {
            "month": "2015-08",
            "price": "3.63",
            "revenue": 188731
        },
        "2015-09": {
            "month": "2015-09",
            "price": "3.88",
            "revenue": 204856
        },
        "2015-10": {
            "month": "2015-10",
            "price": "4.18",
            "revenue": 186471
        },
        "2015-11": {
            "month": "2015-11",
            "price": "4.01",
            "revenue": 176497
        },
        "2015-12": {
            "month": "2015-12",
            "price": "3.51",
            "revenue": 177775
        },
        "2016-01": {
            "month": "2016-01",
            "price": "3.18",
            "revenue": 182918
        },
        "2016-02": {
            "month": "2016-02",
            "price": "3.13",
            "revenue": 157987
        },
        "2016-03": {
            "month": "2016-03",
            "price": "3.70",
            "revenue": 148929
        },
        "2016-04": {
            "month": "2016-04",
            "price": "3.26",
            "revenue": 162389
        },
        "2016-05": {
            "month": "2016-05",
            "price": "2.96",
            "revenue": 152073
        },
        "2016-06": {
            "month": "2016-06",
            "price": "2.90",
            "revenue": 171978
        },
        "2016-07": {
            "month": "2016-07",
            "price": "3.33",
            "revenue": 170741
        },
        "2016-08": {
            "month": "2016-08",
            "price": "3.23",
            "revenue": 171173
        },
        "2016-09": {
            "month": "2016-09",
            "price": "3.26",
            "revenue": 170554
        },
        "2016-10": {
            "month": "2016-10",
            "price": "3.73",
            "revenue": 200758
        },
        "2016-11": {
            "month": "2016-11",
            "price": "3.39",
            "revenue": 237626
        },
        "2016-12": {
            "month": "2016-12",
            "price": "3.15",
            "revenue": 238359
        },
        "2017-01": {
            "month": "2017-01",
            "price": "3.29",
            "revenue": 239771
        },
        "2017-02": {
            "month": "2017-02",
            "price": "5.36",
            "revenue": 197245
        },
        "2017-03": {
            "month": "2017-03",
            "price": "5.60",
            "revenue": 206965
        },
        "2017-04": {
            "month": "2017-04",
            "price": "4.78",
            "revenue": 199362
        },
        "2017-05": {
            "month": "2017-05",
            "price": "6.43",
            "revenue": 171555
        },
        "2017-06": {
            "month": "2017-06",
            "price": "7.21",
            "revenue": 172868
        },
        "2017-07": {
            "month": "2017-07",
            "price": "7.14",
            "revenue": 203298
        },
        "2017-08": {
            "month": "2017-08",
            "price": "8.56",
            "revenue": 210090
        },
        "2017-09": {
            "month": "2017-09",
            "price": "9.81",
            "revenue": 241000
        },
        "2017-10": {
            "month": "2017-10",
            "price": "9.90",
            "revenue": 243182
        },
        "2017-11": {
            "month": "2017-11",
            "price": "9.44",
            "revenue": 246617
        },
        "2017-12": {
            "month": "2017-12",
            "price": "9.02",
            "revenue": 254232
        },
        "2018-01": {
            "month": "2018-01",
            "price": "9.53",
            "revenue": 244106
        },
        "2018-02": {
            "month": "2018-02",
            "price": "8.35",
            "revenue": 185189
        },
        "2018-03": {
            "month": "2018-03",
            "price": "8.22",
            "revenue": 229658
        },
        "2018-04": {
            "month": "2018-04",
            "price": "7.70",
            "revenue": 220043
        },
        "2018-05": {
            "month": "2018-05",
            "price": "7.54",
            "revenue": 218321
        },
        "2018-06": {
            "month": "2018-06",
            "price": "8.29",
            "revenue": 220701
        },
        "2018-07": {
            "month": "2018-07",
            "price": "7.82",
            "revenue": 212011
        },
        "2018-08": {
            "month": "2018-08",
            "price": "7.61",
            "revenue": 220486
        },
        "2018-09": {
            "month": "2018-09",
            "price": "7.39",
            "revenue": 219476
        },
        "2018-10": {
            "month": "2018-10",
            "price": "6.33",
            "revenue": 185624
        },
        "2018-11": {
            "month": "2018-11",
            "price": "5.94",
            "revenue": 139411
        },
        "2018-12": {
            "month": "2018-12",
            "price": "5.49",
            "revenue": 139466
        },
        "2019-01": {
            "month": "2019-01",
            "price": "5.44",
            "revenue": 145587
        },
        "2019-02": {
            "month": "2019-02",
            "price": "7.79",
            "revenue": 93032
        },
        "2019-03": {
            "month": "2019-03",
            "price": "7.47",
            "revenue": 103316
        },
        "2019-04": {
            "month": "2019-04",
            "price": "7.18",
            "revenue": 113366
        },
        "2019-05": {
            "month": "2019-05",
            "price": "6.91",
            "revenue": 88355
        },
        "2019-06": {
            "month": "2019-06",
            "price": "7.56",
            "revenue": 87127
        },
        "2019-07": {
            "month": "2019-07",
            "price": "7.36",
            "revenue": 91252
        },
        "2019-08": {
            "month": "2019-08",
            "price": "6.78",
            "revenue": 61629
        },
        "2019-09": {
            "month": "2019-09",
            "price": "6.80",
            "revenue": 80335
        },
        "2019-10": {
            "month": "2019-10",
            "price": "6.20",
            "revenue": 77439
        },
        "2019-11": {
            "month": "2019-11",
            "price": "4.77",
            "revenue": 83574
        },
        "2019-12": {
            "month": "2019-12",
            "price": "3.23",
            "revenue": 83635
        },
        "2020-01": {
            "month": "2020-01",
            "price": "3.27",
            "revenue": 55779
        },
        "2020-02": {
            "month": "2020-02",
            "price": "3.02",
            "revenue": 38641
        },
        "2020-03": {
            "month": "2020-03",
            "price": "2.38",
            "revenue": 51741
        },
        "2020-04": {
            "month": "2020-04",
            "price": "2.28",
            "revenue": 67168
        },
        "2020-05": {
            "month": "2020-05",
            "price": "2.23",
            "revenue": 27322
        },
        "2020-06": {
            "month": "2020-06",
            "price": "2.15",
            "revenue": 37171
        },
        "2020-07": {
            "month": "2020-07",
            "price": "2.37",
            "revenue": 43177
        },
        "2020-08": {
            "month": "2020-08",
            "price": "2.60",
            "revenue": 55099
        },
        "2020-09": {
            "month": "2020-09",
            "price": "3.36",
            "revenue": 59499
        },
        "2020-10": {
            "month": "2020-10",
            "price": "3.54",
            "revenue": 54691
        },
        "2020-11": {
            "month": "2020-11",
            "price": "3.42",
            "revenue": 70782
        },
        "2020-12": {
            "month": "2020-12",
            "price": "3.69",
            "revenue": 88357
        },
        "2021-01": {
            "month": "2021-01",
            "price": "3.79",
            "revenue": 127307
        },
        "2021-02": {
            "month": "2021-02",
            "price": "3.67",
            "revenue": 118893
        },
        "2021-03": {
            "month": "2021-03",
            "price": "4.58",
            "revenue": 169562
        },
        "2021-04": {
            "month": "2021-04",
            "price": "9.61",
            "revenue": 173894
        },
        "2021-05": {
            "month": "2021-05",
            "price": "16.28",
            "revenue": 170406
        },
        "2021-06": {
            "month": "2021-06",
            "price": "29.59",
            "revenue": 185962
        },
        "2021-07": {
            "month": "2021-07",
            "price": "40.89",
            "revenue": 177343
        },
        "2021-08": {
            "month": "2021-08",
            "price": "31.82",
            "revenue": 196300
        },
        "2021-09": {
            "month": "2021-09",
            "price": "30.79",
            "revenue": 189411
        },
        "2021-10": {
            "month": "2021-10",
            "price": "28.39",
            "revenue": 169204
        },
        "2021-11": {
            "month": "2021-11",
            "price": "29.37",
            "revenue": 147634
        },
        "2021-12": {
            "month": "2021-12",
            "price": "32.89",
            "revenue": 125378
        },
        "2022-01": {
            "month": "2022-01",
            "price": "30.07",
            "revenue": 90949
        },
        "2022-02": {
            "month": "2022-02",
            "price": "27.94",
            "revenue": 46036
        },
        "2022-03": {
            "month": "2022-03",
            "price": "22.90",
            "revenue": 61356
        },
        "2022-04": {
            "month": "2022-04",
            "price": "17.51",
            "revenue": 35224
        },
        "2022-05": {
            "month": "2022-05",
            "price": "14.07",
            "revenue": 50340
        },
        "2022-06": {
            "month": "2022-06",
            "price": "15.57",
            "revenue": 44952
        },
        "2022-07": {
            "month": "2022-07",
            "price": "12.61",
            "revenue": 36962
        },
        "2022-08": {
            "month": "2022-08",
            "price": "13.15",
            "revenue": 62202
        },
        "2022-09": {
            "month": "2022-09",
            "price": "13.11",
            "revenue": 62367
        },
        "2022-10": {
            "month": "2022-10",
            "price": "10.70",
            "revenue": 43747
        },
        "2022-11": {
            "month": "2022-11",
            "price": "11.60",
            "revenue": 72865
        },
        "2022-12": {
            "month": "2022-12",
            "price": "10.95",
            "revenue": 71478
        },
        "2023-01": {
            "month": "2023-01",
            "price": "11.48",
            "revenue": 50646
        },
        "2023-02": {
            "month": "2023-02",
            "price": "12.59",
            "revenue": 53724
        },
        "2023-03": {
            "month": "2023-03",
            "price": "13.41",
            "revenue": 44189
        },
        "2023-04": {
            "month": "2023-04",
            "price": "15.50",
            "revenue": 44548
        },
        "2023-05": {
            "month": "2023-05",
            "price": "15.12",
            "revenue": 45055
        },
        "2023-06": {
            "month": "2023-06",
            "price": "14.96",
            "revenue": 44373
        },
        "2023-07": {
            "month": "2023-07",
            "price": "13.40",
            "revenue": 44837
        },
        "2023-08": {
            "month": "2023-08",
            "price": "12.74",
            "revenue": 61569
        },
        "2023-09": {
            "month": "2023-09",
            "price": "12.61",
            "revenue": 61048
        },
        "2023-10": {
            "month": "2023-10",
            "price": "12.42",
            "revenue": 31225
        },
        "2023-11": {
            "month": "2023-11",
            "price": "12.31",
            "revenue": 24046
        },
        "2023-12": {
            "month": "2023-12",
            "price": "12.70",
            "revenue": 32976
        }
    }
}
