{
    "summary": {
        "stock_name": "智冠",
        "stock_id": "5478",
        "category": "文化創意",
        "main_business": "遊戲軟體之發行.買賣<br>遊戲軟體雜誌.圖書之發行及買賣",
        "website_url": "http://www.soft-world.com",
        "ceo": "王俊博",
        "pe_ratio": 19,
        "report_year_from": 2001,
        "report_year_to": 2023,
        "age": 23,
        "eps_negative_percentage": 0,
        "eps_growth_avg": {
            "last_all": 12.14,
            "last_2y": -2.66,
            "last_4y": 16.43,
            "last_8y": 9.97,
            "last_12y": 4.99,
            "last_16y": 11.02,
            "last_20y": 8.01,
            "at_2006_last_3y": -4.8,
            "at_2007_last_3y": 13.26,
            "at_2008_last_3y": 30.41,
            "at_2009_last_3y": 51.51,
            "at_2010_last_3y": 30.61,
            "at_2011_last_3y": -10.71,
            "at_2012_last_3y": -20.63,
            "at_2013_last_3y": -11.19,
            "at_2014_last_3y": -6.21,
            "at_2015_last_3y": -0.1,
            "at_2016_last_3y": 17.27,
            "at_2017_last_3y": 7.79,
            "at_2018_last_3y": 1.91,
            "at_2019_last_3y": 20.9,
            "at_2020_last_3y": 25.66,
            "at_2021_last_3y": 22.83,
            "at_2022_last_3y": 19.81,
            "at_2023_last_3y": 11.75,
            "at_2024_last_3y": 11.75,
            "at_2006_last_all": 15.97,
            "at_2007_last_all": 29.97,
            "at_2008_last_all": 26.57,
            "at_2009_last_all": 23.23,
            "at_2010_last_all": 22.47,
            "at_2011_last_all": 13.7,
            "at_2012_last_all": 9.41,
            "at_2013_last_all": 11.76,
            "at_2014_last_all": 13.65,
            "at_2015_last_all": 9.76,
            "at_2016_last_all": 11.5,
            "at_2017_last_all": 10.76,
            "at_2018_last_all": 10.88,
            "at_2019_last_all": 12.23,
            "at_2020_last_all": 14.48,
            "at_2021_last_all": 13.18,
            "at_2022_last_all": 12.58,
            "at_2023_last_all": 12.14,
            "at_2024_last_all": 12.14
        },
        "latest_eps": 7.11,
        "latest_price": 134,
        "latest_roe": 11.07,
        "latest_gross_margin": 50.49,
        "latest_equity": 8173913,
        "latest_revenue": 1555234,
        "latest_gross_profit": 785187,
        "latest_net_income": 189074,
        "latest_debt_ratio": 51.71,
        "latest_current_ratio": 181.51,
        "latest_account_receivable_turnover_ratio": 4.4,
        "latest_inventory_turnover_ratio": 27.03,
        "latest_reinvestment_rate": -1.19,
        "latest_research_to_sale_ratio": 4.75
    },
    "eps_dividends": {
        "1999": {
            "cash": 1.2,
            "stock": 1,
            "eps": 0
        },
        "2000": {
            "cash": 0.7,
            "stock": 2.3,
            "eps": 0
        },
        "2001": {
            "cash": 4.5,
            "stock": 4.5,
            "eps": 5.14
        },
        "2002": {
            "cash": 1.1,
            "stock": 2.49,
            "eps": 10.23
        },
        "2003": {
            "cash": 2.91,
            "stock": 1.75,
            "eps": 13.07
        },
        "2004": {
            "cash": 4.5,
            "stock": 1.8,
            "eps": 4.91
        },
        "2005": {
            "cash": 2.19,
            "stock": 1.01,
            "eps": 0.76
        },
        "2006": {
            "cash": 0.51,
            "stock": 0.51,
            "eps": 3.26
        },
        "2007": {
            "cash": 2.18,
            "stock": 0.79,
            "eps": 7.65
        },
        "2008": {
            "cash": 5.47,
            "stock": 0.05,
            "eps": 8.12
        },
        "2009": {
            "cash": 6.15,
            "stock": 0.05,
            "eps": 8.11
        },
        "2010": {
            "cash": 6.15,
            "stock": 0.05,
            "eps": 9.44
        },
        "2011": {
            "cash": 6.5,
            "stock": 0.05,
            "eps": 3.28
        },
        "2012": {
            "cash": 2.5,
            "stock": 0,
            "eps": 2.18
        },
        "2013": {
            "cash": 1.5,
            "stock": 0,
            "eps": 3
        },
        "2014": {
            "cash": 1.8,
            "stock": 0,
            "eps": 4.09
        },
        "2015": {
            "cash": 2.3,
            "stock": 0,
            "eps": 2.42
        },
        "2016": {
            "cash": 1.5,
            "stock": 0,
            "eps": 3.29
        },
        "2017": {
            "cash": 2,
            "stock": 0,
            "eps": 3.28
        },
        "2018": {
            "cash": 2,
            "stock": 0,
            "eps": 3.7
        },
        "2019": {
            "cash": 2.2,
            "stock": 0,
            "eps": 5
        },
        "2020": {
            "cash": 4,
            "stock": 0,
            "eps": 7.75
        },
        "2021": {
            "cash": 6,
            "stock": 0,
            "eps": 6.85
        },
        "2022": {
            "cash": 5.2,
            "stock": 0,
            "eps": 6.9
        },
        "2023": {
            "cash": 7,
            "stock": 0,
            "eps": 7.1
        }
    },
    "dividends": {
        "1999-06-21": {
            "cash": 1.2,
            "stock": 1
        },
        "2000-06-30": {
            "cash": 0.7,
            "stock": 2.3
        },
        "2001-06-15": {
            "cash": 4.5,
            "stock": 4.5
        },
        "2002-06-18": {
            "cash": 1.1,
            "stock": 2.49
        },
        "2003-06-25": {
            "cash": 2.91,
            "stock": 1.75
        },
        "2004-04-21": {
            "cash": 4.5,
            "stock": 1.8
        },
        "2005-03-29": {
            "cash": 2.19,
            "stock": 1.01
        },
        "2006-04-04": {
            "cash": 0.51,
            "stock": 0.51
        },
        "2007-04-11": {
            "cash": 2.18,
            "stock": 0.79
        },
        "2008-04-24": {
            "cash": 5.47,
            "stock": 0.05
        },
        "2009-04-09": {
            "cash": 6.15,
            "stock": 0.05
        },
        "2010-03-23": {
            "cash": 6.15,
            "stock": 0.05
        },
        "2011-03-24": {
            "cash": 6.5,
            "stock": 0.05
        },
        "2012-06-27": {
            "cash": 2.5,
            "stock": 0
        },
        "2013-06-19": {
            "cash": 1.5,
            "stock": 0
        },
        "2014-11-07": {
            "cash": 1.8,
            "stock": 0
        },
        "2015-11-06": {
            "cash": 2.3,
            "stock": 0
        },
        "2016-11-08": {
            "cash": 1.5,
            "stock": 0
        },
        "2017-11-08": {
            "cash": 2,
            "stock": 0
        },
        "2018-09-21": {
            "cash": 2,
            "stock": 0
        },
        "2019-09-20": {
            "cash": 2.2,
            "stock": 0
        },
        "2020-09-18": {
            "cash": 4,
            "stock": 0
        },
        "2021-09-17": {
            "cash": 6,
            "stock": 0
        },
        "2022-05-20": {
            "cash": 5.2,
            "stock": 0
        },
        "2023-05-26": {
            "cash": 7,
            "stock": 0
        }
    },
    "prices": {
        "200101": "無",
        "200102": "無",
        "200103": "110.50",
        "200104": "169.95",
        "200105": "138.09",
        "200106": "154.62",
        "200107": "128.14",
        "200108": "97.70",
        "200109": "62.36",
        "200110": "46.99",
        "200111": "63.43",
        "200112": "78.76",
        "200201": "116.02",
        "200202": "120.58",
        "200203": "123.36",
        "200204": "139.62",
        "200205": "150.41",
        "200206": "145.35",
        "200207": "140.78",
        "200208": "137.27",
        "200209": "127.50",
        "200210": "110.32",
        "200211": "110.57",
        "200212": "110.73",
        "200301": "106.34",
        "200302": "91.56",
        "200303": "87.10",
        "200304": "93.45",
        "200305": "103.57",
        "200306": "117.10",
        "200307": "148.20",
        "200308": "148.31",
        "200309": "122.67",
        "200310": "123.84",
        "200311": "124.02",
        "200312": "117.93",
        "200401": "121.63",
        "200402": "136.80",
        "200403": "135.87",
        "200404": "124.73",
        "200405": "87.02",
        "200406": "83.55",
        "200407": "74.27",
        "200408": "66.92",
        "200409": "62.90",
        "200410": "51.32",
        "200411": "52.68",
        "200412": "56.43",
        "200501": "62.83",
        "200502": "61.88",
        "200503": "55.27",
        "200504": "45.54",
        "200505": "45.42",
        "200506": "47.64",
        "200507": "46.23",
        "200508": "41.51",
        "200509": "33.12",
        "200510": "36.25",
        "200511": "39.46",
        "200512": "42.51",
        "200601": "45.65",
        "200602": "40.46",
        "200603": "34.46",
        "200604": "32.97",
        "200605": "32.19",
        "200606": "27.82",
        "200607": "26.11",
        "200608": "24.53",
        "200609": "30.77",
        "200610": "42.14",
        "200611": "47.86",
        "200612": "63.51",
        "200701": "72.36",
        "200702": "67.23",
        "200703": "65.05",
        "200704": "74.86",
        "200705": "73.22",
        "200706": "88.70",
        "200707": "101.25",
        "200708": "89.51",
        "200709": "81.53",
        "200710": "81.01",
        "200711": "87.59",
        "200712": "87.09",
        "200801": "76.65",
        "200802": "75.79",
        "200803": "89.34",
        "200804": "95.49",
        "200805": "115.26",
        "200806": "107.90",
        "200807": "100.08",
        "200808": "91.35",
        "200809": "76.52",
        "200810": "65.70",
        "200811": "72.00",
        "200812": "82.54",
        "200901": "81.70",
        "200902": "84.55",
        "200903": "98.17",
        "200904": "118.23",
        "200905": "152.67",
        "200906": "172.85",
        "200907": "193.20",
        "200908": "166.02",
        "200909": "165.09",
        "200910": "166.95",
        "200911": "171.17",
        "200912": "183.85",
        "201001": "185.65",
        "201002": "154.21",
        "201003": "157.41",
        "201004": "161.29",
        "201005": "168.71",
        "201006": "164.00",
        "201007": "158.11",
        "201008": "151.84",
        "201009": "135.52",
        "201010": "128.12",
        "201011": "135.14",
        "201012": "142.28",
        "201101": "136.32",
        "201102": "116.21",
        "201103": "108.91",
        "201104": "115.55",
        "201105": "113.40",
        "201106": "114.93",
        "201107": "115.45",
        "201108": "89.74",
        "201109": "76.23",
        "201110": "70.74",
        "201111": "59.88",
        "201112": "51.57",
        "201201": "53.17",
        "201202": "69.55",
        "201203": "70.81",
        "201204": "67.26",
        "201205": "68.67",
        "201206": "77.17",
        "201207": "69.01",
        "201208": "63.48",
        "201209": "58.92",
        "201210": "53.12",
        "201211": "45.48",
        "201212": "53.91",
        "201301": "56.30",
        "201302": "52.56",
        "201303": "51.17",
        "201304": "48.34",
        "201305": "52.49",
        "201306": "53.06",
        "201307": "50.57",
        "201308": "61.51",
        "201309": "64.51",
        "201310": "67.52",
        "201311": "59.71",
        "201312": "63.39",
        "201401": "72.26",
        "201402": "77.55",
        "201403": "99.13",
        "201404": "113.47",
        "201405": "112.29",
        "201406": "122.38",
        "201407": "101.45",
        "201408": "95.61",
        "201409": "96.20",
        "201410": "77.61",
        "201411": "82.60",
        "201412": "96.69",
        "201501": "104.40",
        "201502": "95.52",
        "201503": "94.81",
        "201504": "87.79",
        "201505": "81.48",
        "201506": "67.27",
        "201507": "61.40",
        "201508": "47.10",
        "201509": "50.66",
        "201510": "56.05",
        "201511": "60.88",
        "201512": "62.70",
        "201601": "62.22",
        "201602": "70.18",
        "201603": "71.26",
        "201604": "64.84",
        "201605": "58.90",
        "201606": "64.71",
        "201607": "69.30",
        "201608": "69.97",
        "201609": "65.54",
        "201610": "63.70",
        "201611": "61.10",
        "201612": "63.11",
        "201701": "64.92",
        "201702": "63.45",
        "201703": "64.54",
        "201704": "66.40",
        "201705": "78.80",
        "201706": "88.96",
        "201707": "82.40",
        "201708": "74.84",
        "201709": "71.36",
        "201710": "68.16",
        "201711": "71.21",
        "201712": "69.14",
        "201801": "74.39",
        "201802": "67.74",
        "201803": "68.68",
        "201804": "84.53",
        "201805": "87.91",
        "201806": "81.93",
        "201807": "81.95",
        "201808": "76.33",
        "201809": "71.68",
        "201810": "69.53",
        "201811": "69.00",
        "201812": "68.44",
        "201901": "68.02",
        "201902": "71.27",
        "201903": "72.62",
        "201904": "76.12",
        "201905": "72.26",
        "201906": "71.44",
        "201907": "72.81",
        "201908": "71.73",
        "201909": "79.85",
        "201910": "79.17",
        "201911": "76.87",
        "201912": "79.05",
        "202001": "81.62",
        "202002": "80.43",
        "202003": "72.24",
        "202004": "79.99",
        "202005": "102.71",
        "202006": "107.85",
        "202007": "111.12",
        "202008": "101.90",
        "202009": "89.05",
        "202010": "85.19",
        "202011": "87.45",
        "202012": "94.11",
        "202101": "103.80",
        "202102": "99.35",
        "202103": "109.74",
        "202104": "116.74",
        "202105": "107.61",
        "202106": "105.50",
        "202107": "104.98",
        "202108": "99.49",
        "202109": "89.86",
        "202110": "88.38",
        "202111": "93.95",
        "202112": "96.75",
        "202201": "94.59",
        "202202": "93.71",
        "202203": "91.81",
        "202204": "89.56",
        "202205": "83.23",
        "202206": "79.90",
        "202207": "74.92",
        "202208": "75.60",
        "202209": "74.32",
        "202210": "71.81",
        "202211": "74.29",
        "202212": "77.86",
        "202301": "81.00",
        "202302": "80.88",
        "202303": "87.62",
        "202304": "95.53",
        "202305": "95.23",
        "202306": "103.78",
        "202307": "98.96",
        "202308": "97.11",
        "202309": "96.99",
        "202310": "94.94",
        "202311": "110.12",
        "202312": "176.05"
    },
    "quarters": {
        "20011": {
            "year_quarter": 20011,
            "year": 2001,
            "quarter": 1,
            "eps": 0.89,
            "eps_growth_year": 584.62,
            "eps_4q": 8.23,
            "eps_4q_growth_year": null,
            "roe": 4.41,
            "roe_4q": 4.41,
            "gross_profit": 97637,
            "gross_margin": 47.5,
            "gross_margin_4q_avg": 47.5,
            "net_income": 23440,
            "net_income_4q": null,
            "revenue": 205556,
            "revenue_4q": null,
            "common_shares": 262295,
            "book_valuer_per_share": 19.9,
            "book_valuer_per_share_4q_avg": 19.9,
            "equity": 522068,
            "current_ratio": 167.34,
            "debt_ratio": 50.09,
            "inventory_turnover_ratio": 0.54,
            "account_receivable_turnover_ratio": null,
            "reinvestment_rate": null,
            "research_to_sale_ratio": null,
            "price_fair": 0,
            "eps_avg_yearly": 0,
            "eps_latest_yearly": 0,
            "eps_growth_yearly": 0
        },
        "20012": {
            "year_quarter": 20012,
            "year": 2001,
            "quarter": 2,
            "eps": 0.93,
            "eps_growth_year": -85.14,
            "eps_4q": 4.19,
            "eps_4q_growth_year": null,
            "roe": 4.65,
            "roe_4q": 9.06,
            "gross_profit": 101899,
            "gross_margin": 32.6,
            "gross_margin_4q_avg": 40.05,
            "net_income": 24496,
            "net_income_4q": null,
            "revenue": 312544,
            "revenue_4q": null,
            "common_shares": 262295,
            "book_valuer_per_share": 20.23,
            "book_valuer_per_share_4q_avg": 20.07,
            "equity": 530509,
            "current_ratio": 146.86,
            "debt_ratio": 55.36,
            "inventory_turnover_ratio": 0.92,
            "account_receivable_turnover_ratio": null,
            "reinvestment_rate": null,
            "research_to_sale_ratio": null,
            "price_fair": 0,
            "eps_avg_yearly": 0,
            "eps_latest_yearly": 0,
            "eps_growth_yearly": 0
        },
        "20013": {
            "year_quarter": 20013,
            "year": 2001,
            "quarter": 3,
            "eps": 1.52,
            "eps_growth_year": -40.86,
            "eps_4q": 3.03,
            "eps_4q_growth_year": null,
            "roe": 10.18,
            "roe_4q": 19.240000000000002,
            "gross_profit": 139697,
            "gross_margin": 33.51,
            "gross_margin_4q_avg": 37.87,
            "net_income": 56910,
            "net_income_4q": null,
            "revenue": 416923,
            "revenue_4q": null,
            "common_shares": 375600,
            "book_valuer_per_share": 15.64,
            "book_valuer_per_share_4q_avg": 18.59,
            "equity": 587441,
            "current_ratio": 139.02,
            "debt_ratio": 58.1,
            "inventory_turnover_ratio": 1.02,
            "account_receivable_turnover_ratio": null,
            "reinvestment_rate": null,
            "research_to_sale_ratio": null,
            "price_fair": 0,
            "eps_avg_yearly": 0,
            "eps_latest_yearly": 0,
            "eps_growth_yearly": 0
        },
        "20014": {
            "year_quarter": 20014,
            "year": 2001,
            "quarter": 4,
            "eps": 1.8,
            "eps_growth_year": 445.45,
            "eps_4q": 4.59,
            "eps_4q_growth_year": -37.99,
            "roe": 10.02,
            "roe_4q": 29.26,
            "gross_profit": 130195,
            "gross_margin": 31.78,
            "gross_margin_4q_avg": 36.35,
            "net_income": 67535,
            "net_income_4q": null,
            "revenue": 409632,
            "revenue_4q": null,
            "common_shares": 375600,
            "book_valuer_per_share": 17.44,
            "book_valuer_per_share_4q_avg": 18.3,
            "equity": 761167,
            "current_ratio": 230.31,
            "debt_ratio": 40.88,
            "inventory_turnover_ratio": 1.02,
            "account_receivable_turnover_ratio": null,
            "reinvestment_rate": null,
            "research_to_sale_ratio": null,
            "price_fair": 0,
            "eps_avg_yearly": 0,
            "eps_latest_yearly": 0,
            "eps_growth_yearly": 0
        },
        "20021": {
            "year_quarter": 20021,
            "year": 2002,
            "quarter": 1,
            "eps": 2.5,
            "eps_growth_year": 180.9,
            "eps_4q": 6.46,
            "eps_4q_growth_year": -21.47,
            "roe": 12.45,
            "roe_4q": 37.3,
            "gross_profit": 115727,
            "gross_margin": 21.71,
            "gross_margin_4q_avg": 29.9,
            "net_income": 93971,
            "net_income_4q": null,
            "revenue": 533160,
            "revenue_4q": null,
            "common_shares": 375600,
            "book_valuer_per_share": 19.94,
            "book_valuer_per_share_4q_avg": 18.31,
            "equity": 748900,
            "current_ratio": 150.76,
            "debt_ratio": 48.79,
            "inventory_turnover_ratio": 1.45,
            "account_receivable_turnover_ratio": null,
            "reinvestment_rate": null,
            "research_to_sale_ratio": null,
            "price_fair": 350,
            "eps_avg_yearly": 10,
            "eps_latest_yearly": 10,
            "eps_growth_yearly": 155.56
        },
        "20022": {
            "year_quarter": 20022,
            "year": 2002,
            "quarter": 2,
            "eps": 2.68,
            "eps_growth_year": 188.17,
            "eps_4q": 8.5,
            "eps_4q_growth_year": 102.85,
            "roe": 13.1,
            "roe_4q": 45.74999999999999,
            "gross_profit": 136330,
            "gross_margin": 21.22,
            "gross_margin_4q_avg": 27.06,
            "net_income": 100619,
            "net_income_4q": null,
            "revenue": 642466,
            "revenue_4q": null,
            "common_shares": 375600,
            "book_valuer_per_share": 20.96,
            "book_valuer_per_share_4q_avg": 18.5,
            "equity": 787191,
            "current_ratio": 152.56,
            "debt_ratio": 60.52,
            "inventory_turnover_ratio": 1.52,
            "account_receivable_turnover_ratio": null,
            "reinvestment_rate": null,
            "research_to_sale_ratio": null,
            "price_fair": 362.6,
            "eps_avg_yearly": 10.36,
            "eps_latest_yearly": 10.72,
            "eps_growth_yearly": 92.18
        },
        "20023": {
            "year_quarter": 20023,
            "year": 2002,
            "quarter": 3,
            "eps": 3.92,
            "eps_growth_year": 157.89,
            "eps_4q": 10.9,
            "eps_4q_growth_year": 259.18,
            "roe": 16.97,
            "roe_4q": 52.53999999999999,
            "gross_profit": 139274,
            "gross_margin": 23.64,
            "gross_margin_4q_avg": 24.59,
            "net_income": 147305,
            "net_income_4q": null,
            "revenue": 589142,
            "revenue_4q": null,
            "common_shares": 376440,
            "book_valuer_per_share": 25.21,
            "book_valuer_per_share_4q_avg": 20.89,
            "equity": 948896,
            "current_ratio": 170.55,
            "debt_ratio": 52.77,
            "inventory_turnover_ratio": 1.46,
            "account_receivable_turnover_ratio": null,
            "reinvestment_rate": null,
            "research_to_sale_ratio": null,
            "price_fair": 424.67,
            "eps_avg_yearly": 12.13,
            "eps_latest_yearly": 15.68,
            "eps_growth_yearly": 123.14
        },
        "20024": {
            "year_quarter": 20024,
            "year": 2002,
            "quarter": 4,
            "eps": 1.13,
            "eps_growth_year": -37.22,
            "eps_4q": 8.14,
            "eps_4q_growth_year": 77.1,
            "roe": 3.35,
            "roe_4q": 45.870000000000005,
            "gross_profit": 110558,
            "gross_margin": 23.24,
            "gross_margin_4q_avg": 22.45,
            "net_income": 55137,
            "net_income_4q": null,
            "revenue": 475685,
            "revenue_4q": null,
            "common_shares": 633939,
            "book_valuer_per_share": 37,
            "book_valuer_per_share_4q_avg": 25.78,
            "equity": 2345267,
            "current_ratio": 337.55,
            "debt_ratio": 28.75,
            "inventory_turnover_ratio": 1.4,
            "account_receivable_turnover_ratio": null,
            "reinvestment_rate": null,
            "research_to_sale_ratio": null,
            "price_fair": 319.01,
            "eps_avg_yearly": 10.23,
            "eps_latest_yearly": 4.52,
            "eps_growth_yearly": 21.18
        },
        "20031": {
            "year_quarter": 20031,
            "year": 2003,
            "quarter": 1,
            "eps": 2.96,
            "eps_growth_year": 18.4,
            "eps_4q": 7.74,
            "eps_4q_growth_year": 19.75,
            "roe": 7.7,
            "roe_4q": 41.12,
            "gross_profit": 149817,
            "gross_margin": 22.09,
            "gross_margin_4q_avg": 22.55,
            "net_income": 187721,
            "net_income_4q": null,
            "revenue": 678216,
            "revenue_4q": null,
            "common_shares": 633972,
            "book_valuer_per_share": 39.94,
            "book_valuer_per_share_4q_avg": 30.78,
            "equity": 2531783,
            "current_ratio": 275.69,
            "debt_ratio": 30.25,
            "inventory_turnover_ratio": 2.35,
            "account_receivable_turnover_ratio": null,
            "reinvestment_rate": null,
            "research_to_sale_ratio": null,
            "price_fair": 369.32,
            "eps_avg_yearly": 10.55,
            "eps_latest_yearly": 11.84,
            "eps_growth_yearly": 146.5
        },
        "20032": {
            "year_quarter": 20032,
            "year": 2003,
            "quarter": 2,
            "eps": 2.94,
            "eps_growth_year": 9.7,
            "eps_4q": 9.1,
            "eps_4q_growth_year": 7.06,
            "roe": 7.47,
            "roe_4q": 35.489999999999995,
            "gross_profit": 159234,
            "gross_margin": 23.39,
            "gross_margin_4q_avg": 23.09,
            "net_income": 186289,
            "net_income_4q": null,
            "revenue": 680822,
            "revenue_4q": null,
            "common_shares": 633971,
            "book_valuer_per_share": 38.72,
            "book_valuer_per_share_4q_avg": 35.22,
            "equity": 2454700,
            "current_ratio": 223.28,
            "debt_ratio": 34.28,
            "inventory_turnover_ratio": 2.37,
            "account_receivable_turnover_ratio": null,
            "reinvestment_rate": null,
            "research_to_sale_ratio": null,
            "price_fair": 376.37,
            "eps_avg_yearly": 10.75,
            "eps_latest_yearly": 11.76,
            "eps_growth_yearly": 121.64
        },
        "20033": {
            "year_quarter": 20033,
            "year": 2003,
            "quarter": 3,
            "eps": 2.41,
            "eps_growth_year": -38.52,
            "eps_4q": 8.02,
            "eps_4q_growth_year": -26.4,
            "roe": 6.98,
            "roe_4q": 25.5,
            "gross_profit": 158100,
            "gross_margin": 21.42,
            "gross_margin_4q_avg": 22.54,
            "net_income": 184384,
            "net_income_4q": null,
            "revenue": 738252,
            "revenue_4q": null,
            "common_shares": 781141,
            "book_valuer_per_share": 36.17,
            "book_valuer_per_share_4q_avg": 37.96,
            "equity": 2825360,
            "current_ratio": 241.21,
            "debt_ratio": 26.08,
            "inventory_turnover_ratio": 2.55,
            "account_receivable_turnover_ratio": null,
            "reinvestment_rate": null,
            "research_to_sale_ratio": null,
            "price_fair": 370.8,
            "eps_avg_yearly": 10.59,
            "eps_latest_yearly": 9.64,
            "eps_growth_yearly": 93.96
        },
        "20034": {
            "year_quarter": 20034,
            "year": 2003,
            "quarter": 4,
            "eps": 4.76,
            "eps_growth_year": 321.24,
            "eps_4q": 12.01,
            "eps_4q_growth_year": 47.66,
            "roe": 10.76,
            "roe_4q": 32.910000000000004,
            "gross_profit": 111830,
            "gross_margin": 16.93,
            "gross_margin_4q_avg": 20.96,
            "net_income": 366369,
            "net_income_4q": null,
            "revenue": 660507,
            "revenue_4q": null,
            "common_shares": 782109,
            "book_valuer_per_share": 40.9,
            "book_valuer_per_share_4q_avg": 38.93,
            "equity": 3985510,
            "current_ratio": 489.81,
            "debt_ratio": 19.19,
            "inventory_turnover_ratio": 2.65,
            "account_receivable_turnover_ratio": null,
            "reinvestment_rate": 16.2,
            "research_to_sale_ratio": null,
            "price_fair": 407.75,
            "eps_avg_yearly": 11.65,
            "eps_latest_yearly": 19.04,
            "eps_growth_yearly": 130.97
        },
        "20041": {
            "year_quarter": 20041,
            "year": 2004,
            "quarter": 1,
            "eps": 1.72,
            "eps_growth_year": -41.89,
            "eps_4q": 11.15,
            "eps_4q_growth_year": 44.12,
            "roe": 3.67,
            "roe_4q": 28.88,
            "gross_profit": 146130,
            "gross_margin": 19.52,
            "gross_margin_4q_avg": 20.32,
            "net_income": 134388,
            "net_income_4q": null,
            "revenue": 748559,
            "revenue_4q": null,
            "common_shares": 784908,
            "book_valuer_per_share": 42.62,
            "book_valuer_per_share_4q_avg": 39.6,
            "equity": 3345504,
            "current_ratio": 271.9,
            "debt_ratio": 22.25,
            "inventory_turnover_ratio": 3.19,
            "account_receivable_turnover_ratio": null,
            "reinvestment_rate": 1.86,
            "research_to_sale_ratio": null,
            "price_fair": 389.2,
            "eps_avg_yearly": 11.12,
            "eps_latest_yearly": 6.88,
            "eps_growth_yearly": 88.03
        },
        "20042": {
            "year_quarter": 20042,
            "year": 2004,
            "quarter": 2,
            "eps": 2.07,
            "eps_growth_year": -29.59,
            "eps_4q": 10.85,
            "eps_4q_growth_year": 19.24,
            "roe": 4.99,
            "roe_4q": 26.400000000000002,
            "gross_profit": 147399,
            "gross_margin": 20.38,
            "gross_margin_4q_avg": 19.56,
            "net_income": 161572,
            "net_income_4q": null,
            "revenue": 723180,
            "revenue_4q": null,
            "common_shares": 785769,
            "book_valuer_per_share": 39.88,
            "book_valuer_per_share_4q_avg": 39.89,
            "equity": 3133600,
            "current_ratio": 188.52,
            "debt_ratio": 30.41,
            "inventory_turnover_ratio": 3.21,
            "account_receivable_turnover_ratio": null,
            "reinvestment_rate": 1.64,
            "research_to_sale_ratio": null,
            "price_fair": 379.26,
            "eps_avg_yearly": 10.84,
            "eps_latest_yearly": 8.28,
            "eps_growth_yearly": 87.37
        },
        "20043": {
            "year_quarter": 20043,
            "year": 2004,
            "quarter": 3,
            "eps": 0.95,
            "eps_growth_year": -60.58,
            "eps_4q": 8,
            "eps_4q_growth_year": -0.27,
            "roe": 2.84,
            "roe_4q": 22.259999999999998,
            "gross_profit": 144479,
            "gross_margin": 21.45,
            "gross_margin_4q_avg": 19.57,
            "net_income": 89279,
            "net_income_4q": null,
            "revenue": 673417,
            "revenue_4q": null,
            "common_shares": 946952,
            "book_valuer_per_share": 33.3,
            "book_valuer_per_share_4q_avg": 39.18,
            "equity": 3153068,
            "current_ratio": 195.1,
            "debt_ratio": 29.11,
            "inventory_turnover_ratio": 3.13,
            "account_receivable_turnover_ratio": null,
            "reinvestment_rate": 1.27,
            "research_to_sale_ratio": null,
            "price_fair": 356.87,
            "eps_avg_yearly": 10.2,
            "eps_latest_yearly": 3.8,
            "eps_growth_yearly": 59.75
        },
        "20044": {
            "year_quarter": 20044,
            "year": 2004,
            "quarter": 4,
            "eps": 0.17,
            "eps_growth_year": -96.43,
            "eps_4q": 4.23,
            "eps_4q_growth_year": -64.78,
            "roe": 0.47,
            "roe_4q": 11.97,
            "gross_profit": 92118,
            "gross_margin": 16.42,
            "gross_margin_4q_avg": 19.44,
            "net_income": 16125,
            "net_income_4q": null,
            "revenue": 561130,
            "revenue_4q": null,
            "common_shares": 946989,
            "book_valuer_per_share": 33.16,
            "book_valuer_per_share_4q_avg": 37.24,
            "equity": 3738911,
            "current_ratio": 320.69,
            "debt_ratio": 23.71,
            "inventory_turnover_ratio": 3.03,
            "account_receivable_turnover_ratio": null,
            "reinvestment_rate": 15.25,
            "research_to_sale_ratio": null,
            "price_fair": 329.12,
            "eps_avg_yearly": 9.4,
            "eps_latest_yearly": 0.68,
            "eps_growth_yearly": 27.4
        },
        "20051": {
            "year_quarter": 20051,
            "year": 2005,
            "quarter": 1,
            "eps": 0.35,
            "eps_growth_year": -79.65,
            "eps_4q": 3.17,
            "eps_4q_growth_year": -71.56,
            "roe": 0.96,
            "roe_4q": 9.26,
            "gross_profit": 117689,
            "gross_margin": 19.22,
            "gross_margin_4q_avg": 19.37,
            "net_income": 33115,
            "net_income_4q": null,
            "revenue": 612462,
            "revenue_4q": null,
            "common_shares": 946989,
            "book_valuer_per_share": 33.48,
            "book_valuer_per_share_4q_avg": 34.96,
            "equity": 3170683,
            "current_ratio": 230.84,
            "debt_ratio": 21.35,
            "inventory_turnover_ratio": 2.74,
            "account_receivable_turnover_ratio": null,
            "reinvestment_rate": 2.45,
            "research_to_sale_ratio": null,
            "price_fair": 307.57,
            "eps_avg_yearly": 8.79,
            "eps_latest_yearly": 1.4,
            "eps_growth_yearly": 57.87
        },
        "20052": {
            "year_quarter": 20052,
            "year": 2005,
            "quarter": 2,
            "eps": 0.17,
            "eps_growth_year": -91.79,
            "eps_4q": 1.67,
            "eps_4q_growth_year": -84.61,
            "roe": 0.51,
            "roe_4q": 4.779999999999999,
            "gross_profit": 129475,
            "gross_margin": 19.57,
            "gross_margin_4q_avg": 19.17,
            "net_income": 15702,
            "net_income_4q": null,
            "revenue": 661485,
            "revenue_4q": null,
            "common_shares": 946989,
            "book_valuer_per_share": 31.42,
            "book_valuer_per_share_4q_avg": 32.84,
            "equity": 2975543,
            "current_ratio": 197.28,
            "debt_ratio": 27.18,
            "inventory_turnover_ratio": 2.53,
            "account_receivable_turnover_ratio": null,
            "reinvestment_rate": 1.87,
            "research_to_sale_ratio": null,
            "price_fair": 287.3,
            "eps_avg_yearly": 8.21,
            "eps_latest_yearly": 0.68,
            "eps_growth_yearly": 39.05
        },
        "20053": {
            "year_quarter": 20053,
            "year": 2005,
            "quarter": 3,
            "eps": 0.6,
            "eps_growth_year": -36.84,
            "eps_4q": 1.22,
            "eps_4q_growth_year": -84.74,
            "roe": 2.09,
            "roe_4q": 4.029999999999999,
            "gross_profit": 168779,
            "gross_margin": 23.06,
            "gross_margin_4q_avg": 19.57,
            "net_income": 62811,
            "net_income_4q": null,
            "revenue": 731847,
            "revenue_4q": null,
            "common_shares": 946989,
            "book_valuer_per_share": 32.1,
            "book_valuer_per_share_4q_avg": 32.54,
            "equity": 3039669,
            "current_ratio": 204.26,
            "debt_ratio": 26.02,
            "inventory_turnover_ratio": 3.04,
            "account_receivable_turnover_ratio": null,
            "reinvestment_rate": 1.83,
            "research_to_sale_ratio": null,
            "price_fair": 273.75,
            "eps_avg_yearly": 7.82,
            "eps_latest_yearly": 2.4,
            "eps_growth_yearly": 103.89
        },
        "20054": {
            "year_quarter": 20054,
            "year": 2005,
            "quarter": 4,
            "eps": -0.36,
            "eps_growth_year": -311.76,
            "eps_4q": 31.85,
            "eps_4q_growth_year": 652.61,
            "roe": -1.14,
            "roe_4q": 2.42,
            "gross_profit": 168371,
            "gross_margin": 19.02,
            "gross_margin_4q_avg": 20.22,
            "net_income": -37350,
            "net_income_4q": null,
            "revenue": 885210,
            "revenue_4q": null,
            "common_shares": 1055914,
            "book_valuer_per_share": 28.29,
            "book_valuer_per_share_4q_avg": 31.32,
            "equity": 3523808,
            "current_ratio": 241.57,
            "debt_ratio": 31.73,
            "inventory_turnover_ratio": 3.97,
            "account_receivable_turnover_ratio": null,
            "reinvestment_rate": 27.15,
            "research_to_sale_ratio": null,
            "price_fair": 273.75,
            "eps_avg_yearly": 7.82,
            "eps_latest_yearly": 2.4,
            "eps_growth_yearly": 103.89
        },
        "20061": {
            "year_quarter": 20061,
            "year": 2006,
            "quarter": 1,
            "eps": 0.52,
            "eps_growth_year": 48.57,
            "eps_4q": 0.91,
            "eps_4q_growth_year": -71.21,
            "roe": 1.66,
            "roe_4q": 3.12,
            "gross_profit": 144547,
            "gross_margin": 19.9,
            "gross_margin_4q_avg": 20.39,
            "net_income": 54424,
            "net_income_4q": null,
            "revenue": 726530,
            "revenue_4q": null,
            "common_shares": 1055914,
            "book_valuer_per_share": 28.75,
            "book_valuer_per_share_4q_avg": 30.14,
            "equity": 3035698,
            "current_ratio": 223.48,
            "debt_ratio": 24.35,
            "inventory_turnover_ratio": 2.96,
            "account_receivable_turnover_ratio": null,
            "reinvestment_rate": 1.87,
            "research_to_sale_ratio": null,
            "price_fair": 268.3,
            "eps_avg_yearly": 7.67,
            "eps_latest_yearly": 2.4,
            "eps_growth_yearly": 100.2
        },
        "20062": {
            "year_quarter": 20062,
            "year": 2006,
            "quarter": 2,
            "eps": 0.59,
            "eps_growth_year": 247.06,
            "eps_4q": 1.36,
            "eps_4q_growth_year": -18.78,
            "roe": 2.03,
            "roe_4q": 4.64,
            "gross_profit": 122042,
            "gross_margin": 17.09,
            "gross_margin_4q_avg": 19.77,
            "net_income": 61520,
            "net_income_4q": null,
            "revenue": 714152,
            "revenue_4q": null,
            "common_shares": 1055914,
            "book_valuer_per_share": 28.59,
            "book_valuer_per_share_4q_avg": 29.43,
            "equity": 3018480,
            "current_ratio": 201.7,
            "debt_ratio": 26.6,
            "inventory_turnover_ratio": 2.7,
            "account_receivable_turnover_ratio": null,
            "reinvestment_rate": 1.82,
            "research_to_sale_ratio": null,
            "price_fair": 247.4,
            "eps_avg_yearly": 7.07,
            "eps_latest_yearly": 2.36,
            "eps_growth_yearly": 101.99
        },
        "20063": {
            "year_quarter": 20063,
            "year": 2006,
            "quarter": 3,
            "eps": 0.95,
            "eps_growth_year": 58.33,
            "eps_4q": 1.67,
            "eps_4q_growth_year": 36.83,
            "roe": 3.38,
            "roe_4q": 5.930000000000001,
            "gross_profit": 166712,
            "gross_margin": 19.1,
            "gross_margin_4q_avg": 18.78,
            "net_income": 103720,
            "net_income_4q": null,
            "revenue": 873060,
            "revenue_4q": null,
            "common_shares": 1055914,
            "book_valuer_per_share": 29.57,
            "book_valuer_per_share_4q_avg": 28.8,
            "equity": 3122415,
            "current_ratio": 175.54,
            "debt_ratio": 32.22,
            "inventory_turnover_ratio": 3.18,
            "account_receivable_turnover_ratio": null,
            "reinvestment_rate": 2.05,
            "research_to_sale_ratio": null,
            "price_fair": 217.7,
            "eps_avg_yearly": 6.22,
            "eps_latest_yearly": 3.8,
            "eps_growth_yearly": 106.21
        },
        "20064": {
            "year_quarter": 20064,
            "year": 2006,
            "quarter": 4,
            "eps": 1.2,
            "eps_growth_year": null,
            "eps_4q": 3.21,
            "eps_4q_growth_year": -89.93,
            "roe": 3.69,
            "roe_4q": 10.76,
            "gross_profit": 188620,
            "gross_margin": 18.24,
            "gross_margin_4q_avg": 18.58,
            "net_income": 131256,
            "net_income_4q": null,
            "revenue": 1033874,
            "revenue_4q": null,
            "common_shares": 1114591,
            "book_valuer_per_share": 29.77,
            "book_valuer_per_share_4q_avg": 29.17,
            "equity": 3998753,
            "current_ratio": 266.02,
            "debt_ratio": 30.13,
            "inventory_turnover_ratio": 4.46,
            "account_receivable_turnover_ratio": null,
            "reinvestment_rate": 25.26,
            "research_to_sale_ratio": null,
            "price_fair": 218.4,
            "eps_avg_yearly": 6.24,
            "eps_latest_yearly": 4.8,
            "eps_growth_yearly": 134.06
        },
        "20071": {
            "year_quarter": 20071,
            "year": 2007,
            "quarter": 1,
            "eps": 2.07,
            "eps_growth_year": 298.08,
            "eps_4q": 4.75,
            "eps_4q_growth_year": 419.56,
            "roe": 6.02,
            "roe_4q": 15.12,
            "gross_profit": 209585,
            "gross_margin": 18.41,
            "gross_margin_4q_avg": 18.21,
            "net_income": 229426,
            "net_income_4q": null,
            "revenue": 1138562,
            "revenue_4q": null,
            "common_shares": 1127306,
            "book_valuer_per_share": 32.12,
            "book_valuer_per_share_4q_avg": 30.01,
            "equity": 3621224,
            "current_ratio": 179.76,
            "debt_ratio": 33.03,
            "inventory_turnover_ratio": 5.73,
            "account_receivable_turnover_ratio": null,
            "reinvestment_rate": 1.43,
            "research_to_sale_ratio": null,
            "price_fair": 209.5,
            "eps_avg_yearly": 5.99,
            "eps_latest_yearly": 8.28,
            "eps_growth_yearly": 108.51
        },
        "20072": {
            "year_quarter": 20072,
            "year": 2007,
            "quarter": 2,
            "eps": 1.46,
            "eps_growth_year": 147.46,
            "eps_4q": 5.63,
            "eps_4q_growth_year": 315.16,
            "roe": 4.55,
            "roe_4q": 17.64,
            "gross_profit": 210703,
            "gross_margin": 19.97,
            "gross_margin_4q_avg": 18.93,
            "net_income": 162595,
            "net_income_4q": null,
            "revenue": 1054905,
            "revenue_4q": null,
            "common_shares": 1127541,
            "book_valuer_per_share": 31.32,
            "book_valuer_per_share_4q_avg": 30.7,
            "equity": 3531756,
            "current_ratio": 160.17,
            "debt_ratio": 36.58,
            "inventory_turnover_ratio": 5,
            "account_receivable_turnover_ratio": null,
            "reinvestment_rate": 1.44,
            "research_to_sale_ratio": null,
            "price_fair": 194.7,
            "eps_avg_yearly": 5.56,
            "eps_latest_yearly": 5.84,
            "eps_growth_yearly": 100.28
        },
        "20073": {
            "year_quarter": 20073,
            "year": 2007,
            "quarter": 3,
            "eps": 2.28,
            "eps_growth_year": 140,
            "eps_4q": 6.97,
            "eps_4q_growth_year": 317.38,
            "roe": 6.93,
            "roe_4q": 21.19,
            "gross_profit": 226940,
            "gross_margin": 19.57,
            "gross_margin_4q_avg": 19.05,
            "net_income": 254408,
            "net_income_4q": null,
            "revenue": 1159358,
            "revenue_4q": null,
            "common_shares": 1127691,
            "book_valuer_per_share": 33.81,
            "book_valuer_per_share_4q_avg": 31.76,
            "equity": 3813000,
            "current_ratio": 156.34,
            "debt_ratio": 35.89,
            "inventory_turnover_ratio": 5.45,
            "account_receivable_turnover_ratio": null,
            "reinvestment_rate": 1.34,
            "research_to_sale_ratio": null,
            "price_fair": 193.4,
            "eps_avg_yearly": 5.53,
            "eps_latest_yearly": 9.12,
            "eps_growth_yearly": 121.48
        },
        "20074": {
            "year_quarter": 20074,
            "year": 2007,
            "quarter": 4,
            "eps": 1.84,
            "eps_growth_year": 53.33,
            "eps_4q": 7.16,
            "eps_4q_growth_year": 123.11,
            "roe": 5.05,
            "roe_4q": 22.55,
            "gross_profit": 214149,
            "gross_margin": 18.39,
            "gross_margin_4q_avg": 19.09,
            "net_income": 223659,
            "net_income_4q": null,
            "revenue": 1164600,
            "revenue_4q": null,
            "common_shares": 1227833,
            "book_valuer_per_share": 32.91,
            "book_valuer_per_share_4q_avg": 32.54,
            "equity": 5037883,
            "current_ratio": 323.83,
            "debt_ratio": 26.44,
            "inventory_turnover_ratio": 5.68,
            "account_receivable_turnover_ratio": null,
            "reinvestment_rate": 16.42,
            "research_to_sale_ratio": null,
            "price_fair": 164.2,
            "eps_avg_yearly": 4.69,
            "eps_latest_yearly": 7.36,
            "eps_growth_yearly": 88.1
        },
        "20081": {
            "year_quarter": 20081,
            "year": 2008,
            "quarter": 1,
            "eps": 2.04,
            "eps_growth_year": -1.45,
            "eps_4q": 5.59,
            "eps_4q_growth_year": 17.89,
            "roe": 6.33,
            "roe_4q": 22.86,
            "gross_profit": 999086,
            "gross_margin": 61.66,
            "gross_margin_4q_avg": 29.9,
            "net_income": 324658,
            "net_income_4q": null,
            "revenue": 1620207,
            "revenue_4q": null,
            "common_shares": 1233823,
            "book_valuer_per_share": 33.94,
            "book_valuer_per_share_4q_avg": 33,
            "equity": 5214256,
            "current_ratio": 318.2,
            "debt_ratio": 26.69,
            "inventory_turnover_ratio": 3.79,
            "account_receivable_turnover_ratio": null,
            "reinvestment_rate": 25.03,
            "research_to_sale_ratio": null,
            "price_fair": 167.4,
            "eps_avg_yearly": 4.78,
            "eps_latest_yearly": 8.16,
            "eps_growth_yearly": 109.46
        },
        "20082": {
            "year_quarter": 20082,
            "year": 2008,
            "quarter": 2,
            "eps": 1.42,
            "eps_growth_year": -2.74,
            "eps_4q": 5.26,
            "eps_4q_growth_year": -6.59,
            "roe": 4.87,
            "roe_4q": 23.18,
            "gross_profit": 943544,
            "gross_margin": 61.57,
            "gross_margin_4q_avg": 40.3,
            "net_income": 243641,
            "net_income_4q": null,
            "revenue": 1532485,
            "revenue_4q": null,
            "common_shares": 1234066,
            "book_valuer_per_share": 30.12,
            "book_valuer_per_share_4q_avg": 32.7,
            "equity": 4787045,
            "current_ratio": 234.26,
            "debt_ratio": 35.37,
            "inventory_turnover_ratio": 3.61,
            "account_receivable_turnover_ratio": null,
            "reinvestment_rate": 23.12,
            "research_to_sale_ratio": null,
            "price_fair": 160.9,
            "eps_avg_yearly": 4.6,
            "eps_latest_yearly": 5.68,
            "eps_growth_yearly": 94.96
        },
        "20083": {
            "year_quarter": 20083,
            "year": 2008,
            "quarter": 3,
            "eps": 2.81,
            "eps_growth_year": 23.25,
            "eps_4q": 6.41,
            "eps_4q_growth_year": -7.97,
            "roe": 8.89,
            "roe_4q": 25.140000000000004,
            "gross_profit": 1236259,
            "gross_margin": 65.44,
            "gross_margin_4q_avg": 51.77,
            "net_income": 434485,
            "net_income_4q": null,
            "revenue": 1889033,
            "revenue_4q": null,
            "common_shares": 1234266,
            "book_valuer_per_share": 32.83,
            "book_valuer_per_share_4q_avg": 32.45,
            "equity": 4991073,
            "current_ratio": 221.65,
            "debt_ratio": 37.52,
            "inventory_turnover_ratio": 3.83,
            "account_receivable_turnover_ratio": null,
            "reinvestment_rate": 19.85,
            "research_to_sale_ratio": null,
            "price_fair": 179.5,
            "eps_avg_yearly": 5.13,
            "eps_latest_yearly": 11.24,
            "eps_growth_yearly": 138.38
        },
        "20084": {
            "year_quarter": 20084,
            "year": 2008,
            "quarter": 4,
            "eps": 1.85,
            "eps_growth_year": 0.54,
            "eps_4q": 5.09,
            "eps_4q_growth_year": -28.91,
            "roe": 7.07,
            "roe_4q": 27.160000000000004,
            "gross_profit": 1275149,
            "gross_margin": 59.73,
            "gross_margin_4q_avg": 62.1,
            "net_income": 362796,
            "net_income_4q": null,
            "revenue": 2134731,
            "revenue_4q": null,
            "common_shares": 1250396,
            "book_valuer_per_share": 34.09,
            "book_valuer_per_share_4q_avg": 32.75,
            "equity": 5273809,
            "current_ratio": 244.14,
            "debt_ratio": 33.46,
            "inventory_turnover_ratio": 5.33,
            "account_receivable_turnover_ratio": 2.62,
            "reinvestment_rate": 6.8,
            "research_to_sale_ratio": null,
            "price_fair": 196.3,
            "eps_avg_yearly": 5.61,
            "eps_latest_yearly": 7.4,
            "eps_growth_yearly": 152.08
        },
        "20091": {
            "year_quarter": 20091,
            "year": 2009,
            "quarter": 1,
            "eps": 2.5,
            "eps_growth_year": 22.55,
            "eps_4q": 5.35,
            "eps_4q_growth_year": -4.29,
            "roe": 8.85,
            "roe_4q": 29.680000000000003,
            "gross_profit": 1366022,
            "gross_margin": 62.48,
            "gross_margin_4q_avg": 62.31,
            "net_income": 494047,
            "net_income_4q": null,
            "revenue": 2186242,
            "revenue_4q": null,
            "common_shares": 1256618,
            "book_valuer_per_share": 37.23,
            "book_valuer_per_share_4q_avg": 33.57,
            "equity": 5888834,
            "current_ratio": 274.17,
            "debt_ratio": 29.89,
            "inventory_turnover_ratio": 5.74,
            "account_receivable_turnover_ratio": 1.7,
            "reinvestment_rate": 13.95,
            "research_to_sale_ratio": null,
            "price_fair": 217.8,
            "eps_avg_yearly": 6.22,
            "eps_latest_yearly": 10,
            "eps_growth_yearly": 131.87
        },
        "20092": {
            "year_quarter": 20092,
            "year": 2009,
            "quarter": 2,
            "eps": 1.75,
            "eps_growth_year": 23.24,
            "eps_4q": 5.91,
            "eps_4q_growth_year": 12.39,
            "roe": 5.67,
            "roe_4q": 30.48,
            "gross_profit": 1165305,
            "gross_margin": 61.77,
            "gross_margin_4q_avg": 62.36,
            "net_income": 325748,
            "net_income_4q": null,
            "revenue": 1886390,
            "revenue_4q": null,
            "common_shares": 1256811,
            "book_valuer_per_share": 34.3,
            "book_valuer_per_share_4q_avg": 34.61,
            "equity": 5598201,
            "current_ratio": 226.64,
            "debt_ratio": 34.86,
            "inventory_turnover_ratio": 5.31,
            "account_receivable_turnover_ratio": 1.84,
            "reinvestment_rate": 13.81,
            "research_to_sale_ratio": null,
            "price_fair": 233.6,
            "eps_avg_yearly": 6.67,
            "eps_latest_yearly": 7,
            "eps_growth_yearly": 137.99
        },
        "20093": {
            "year_quarter": 20093,
            "year": 2009,
            "quarter": 3,
            "eps": 2.1,
            "eps_growth_year": -25.27,
            "eps_4q": 4.9,
            "eps_4q_growth_year": -23.66,
            "roe": 7.69,
            "roe_4q": 29.28,
            "gross_profit": 1297200,
            "gross_margin": 60.05,
            "gross_margin_4q_avg": 61.01,
            "net_income": 436135,
            "net_income_4q": null,
            "revenue": 2160057,
            "revenue_4q": null,
            "common_shares": 1256811,
            "book_valuer_per_share": 36.13,
            "book_valuer_per_share_4q_avg": 35.44,
            "equity": 5751339,
            "current_ratio": 213.42,
            "debt_ratio": 37.5,
            "inventory_turnover_ratio": 6.91,
            "account_receivable_turnover_ratio": 1.81,
            "reinvestment_rate": 15.03,
            "research_to_sale_ratio": null,
            "price_fair": 248.6,
            "eps_avg_yearly": 7.1,
            "eps_latest_yearly": 8.4,
            "eps_growth_yearly": 71.44
        },
        "20094": {
            "year_quarter": 20094,
            "year": 2009,
            "quarter": 4,
            "eps": 1.76,
            "eps_growth_year": -4.86,
            "eps_4q": 8.03,
            "eps_4q_growth_year": 57.71,
            "roe": 5.35,
            "roe_4q": 27.560000000000002,
            "gross_profit": 1316401,
            "gross_margin": 59.93,
            "gross_margin_4q_avg": 61.06,
            "net_income": 322094,
            "net_income_4q": null,
            "revenue": 2196604,
            "revenue_4q": null,
            "common_shares": 1269000,
            "book_valuer_per_share": 38.82,
            "book_valuer_per_share_4q_avg": 36.62,
            "equity": 6293437,
            "current_ratio": 260.54,
            "debt_ratio": 29.91,
            "inventory_turnover_ratio": 7.77,
            "account_receivable_turnover_ratio": 3.03,
            "reinvestment_rate": 12.21,
            "research_to_sale_ratio": null,
            "price_fair": 248.45,
            "eps_avg_yearly": 7.1,
            "eps_latest_yearly": 7.04,
            "eps_growth_yearly": 62.36
        },
        "20101": {
            "year_quarter": 20101,
            "year": 2010,
            "quarter": 1,
            "eps": 3.03,
            "eps_growth_year": 21.2,
            "eps_4q": 8.59,
            "eps_4q_growth_year": 60.38,
            "roe": 8.24,
            "roe_4q": 26.950000000000003,
            "gross_profit": 1441589,
            "gross_margin": 61.57,
            "gross_margin_4q_avg": 60.83,
            "net_income": 544948,
            "net_income_4q": null,
            "revenue": 2341473,
            "revenue_4q": null,
            "common_shares": 1269000,
            "book_valuer_per_share": 42.62,
            "book_valuer_per_share_4q_avg": 37.97,
            "equity": 6941223,
            "current_ratio": 265.28,
            "debt_ratio": 29.77,
            "inventory_turnover_ratio": 7.66,
            "account_receivable_turnover_ratio": 1.55,
            "reinvestment_rate": 26.93,
            "research_to_sale_ratio": 10.15,
            "price_fair": 259.44,
            "eps_avg_yearly": 7.41,
            "eps_latest_yearly": 12.12,
            "eps_growth_yearly": 76.5
        },
        "20102": {
            "year_quarter": 20102,
            "year": 2010,
            "quarter": 2,
            "eps": 1.79,
            "eps_growth_year": 2.05,
            "eps_4q": 8.61,
            "eps_4q_growth_year": 45.67,
            "roe": 5.09,
            "roe_4q": 26.37,
            "gross_profit": 1173730,
            "gross_margin": 55.82,
            "gross_margin_4q_avg": 59.34,
            "net_income": 344658,
            "net_income_4q": null,
            "revenue": 2102769,
            "revenue_4q": null,
            "common_shares": 1269000,
            "book_valuer_per_share": 38.63,
            "book_valuer_per_share_4q_avg": 39.05,
            "equity": 6601848,
            "current_ratio": 221.11,
            "debt_ratio": 34.89,
            "inventory_turnover_ratio": 6.89,
            "account_receivable_turnover_ratio": 1.49,
            "reinvestment_rate": 28.36,
            "research_to_sale_ratio": 10.34,
            "price_fair": 269.94,
            "eps_avg_yearly": 7.71,
            "eps_latest_yearly": 7.16,
            "eps_growth_yearly": 62.9
        },
        "20103": {
            "year_quarter": 20103,
            "year": 2010,
            "quarter": 3,
            "eps": 2.88,
            "eps_growth_year": 37.08,
            "eps_4q": 9.42,
            "eps_4q_growth_year": 92.42,
            "roe": 8,
            "roe_4q": 26.68,
            "gross_profit": 1459051,
            "gross_margin": 58.58,
            "gross_margin_4q_avg": 58.98,
            "net_income": 522872,
            "net_income_4q": null,
            "revenue": 2490737,
            "revenue_4q": null,
            "common_shares": 1269000,
            "book_valuer_per_share": 40.19,
            "book_valuer_per_share_4q_avg": 40.07,
            "equity": 6463758,
            "current_ratio": 206.26,
            "debt_ratio": 38.82,
            "inventory_turnover_ratio": 6.08,
            "account_receivable_turnover_ratio": 1.8,
            "reinvestment_rate": 22.53,
            "research_to_sale_ratio": 9.29,
            "price_fair": 286.83,
            "eps_avg_yearly": 8.2,
            "eps_latest_yearly": 11.52,
            "eps_growth_yearly": 62.87
        },
        "20104": {
            "year_quarter": 20104,
            "year": 2010,
            "quarter": 4,
            "eps": 1.74,
            "eps_growth_year": -1.09,
            "eps_4q": 9.42,
            "eps_4q_growth_year": 17.4,
            "roe": 5.06,
            "roe_4q": 26.39,
            "gross_profit": 1246009,
            "gross_margin": 52.39,
            "gross_margin_4q_avg": 57.09,
            "net_income": 335435,
            "net_income_4q": null,
            "revenue": 2378321,
            "revenue_4q": null,
            "common_shares": 1275271,
            "book_valuer_per_share": 41.53,
            "book_valuer_per_share_4q_avg": 40.74,
            "equity": 6804348,
            "current_ratio": 250.77,
            "debt_ratio": 31.9,
            "inventory_turnover_ratio": 5.68,
            "account_receivable_turnover_ratio": 1.49,
            "reinvestment_rate": 11.37,
            "research_to_sale_ratio": 12.55,
            "price_fair": 291.55,
            "eps_avg_yearly": 8.33,
            "eps_latest_yearly": 6.96,
            "eps_growth_yearly": 46.4
        },
        "20111": {
            "year_quarter": 20111,
            "year": 2011,
            "quarter": 1,
            "eps": 2.21,
            "eps_growth_year": -27.06,
            "eps_4q": 8.56,
            "eps_4q_growth_year": -0.27,
            "roe": 5.33,
            "roe_4q": 23.48,
            "gross_profit": 1226075,
            "gross_margin": 50.72,
            "gross_margin_4q_avg": 54.38,
            "net_income": 375185,
            "net_income_4q": null,
            "revenue": 2417254,
            "revenue_4q": null,
            "common_shares": 1275271,
            "book_valuer_per_share": 43.68,
            "book_valuer_per_share_4q_avg": 41.01,
            "equity": 7265408,
            "current_ratio": 271.49,
            "debt_ratio": 30.51,
            "inventory_turnover_ratio": 5.43,
            "account_receivable_turnover_ratio": 1.41,
            "reinvestment_rate": 18.51,
            "research_to_sale_ratio": 12.17,
            "price_fair": 292.78,
            "eps_avg_yearly": 8.37,
            "eps_latest_yearly": 8.84,
            "eps_growth_yearly": 35.03
        },
        "20112": {
            "year_quarter": 20112,
            "year": 2011,
            "quarter": 2,
            "eps": 1.03,
            "eps_growth_year": -42.12,
            "eps_4q": 7.79,
            "eps_4q_growth_year": -9.54,
            "roe": 2.69,
            "roe_4q": 21.08,
            "gross_profit": 943030,
            "gross_margin": 41.33,
            "gross_margin_4q_avg": 50.76,
            "net_income": 185278,
            "net_income_4q": null,
            "revenue": 2281637,
            "revenue_4q": null,
            "common_shares": 1275271,
            "book_valuer_per_share": 37.8,
            "book_valuer_per_share_4q_avg": 40.8,
            "equity": 6513752,
            "current_ratio": 225.61,
            "debt_ratio": 36.55,
            "inventory_turnover_ratio": 6.41,
            "account_receivable_turnover_ratio": 1.37,
            "reinvestment_rate": 17.99,
            "research_to_sale_ratio": 9.69,
            "price_fair": 289.01,
            "eps_avg_yearly": 8.26,
            "eps_latest_yearly": 4.12,
            "eps_growth_yearly": 29.04
        },
        "20113": {
            "year_quarter": 20113,
            "year": 2011,
            "quarter": 3,
            "eps": 0.35,
            "eps_growth_year": -87.73,
            "eps_4q": 5.3,
            "eps_4q_growth_year": -43.79,
            "roe": 1.07,
            "roe_4q": 14.149999999999999,
            "gross_profit": 811566,
            "gross_margin": 38.21,
            "gross_margin_4q_avg": 45.66,
            "net_income": 69968,
            "net_income_4q": null,
            "revenue": 2123808,
            "revenue_4q": null,
            "common_shares": 1275271,
            "book_valuer_per_share": 37.45,
            "book_valuer_per_share_4q_avg": 40.12,
            "equity": 6506814,
            "current_ratio": 230.24,
            "debt_ratio": 36.48,
            "inventory_turnover_ratio": 7.61,
            "account_receivable_turnover_ratio": 1.4,
            "reinvestment_rate": 15.77,
            "research_to_sale_ratio": 10.52,
            "price_fair": 23.33,
            "eps_avg_yearly": 7.78,
            "eps_latest_yearly": 1.4,
            "eps_growth_yearly": -1.5
        },
        "20114": {
            "year_quarter": 20114,
            "year": 2011,
            "quarter": 4,
            "eps": -0.31,
            "eps_growth_year": -117.73,
            "eps_4q": 3.28,
            "eps_4q_growth_year": -65.19,
            "roe": -0.31,
            "roe_4q": 8.780000000000001,
            "gross_profit": 694503,
            "gross_margin": 33.15,
            "gross_margin_4q_avg": 40.85,
            "net_income": -19179,
            "net_income_4q": null,
            "revenue": 2094912,
            "revenue_4q": null,
            "common_shares": 1274743,
            "book_valuer_per_share": 36.96,
            "book_valuer_per_share_4q_avg": 38.97,
            "equity": 6006470,
            "current_ratio": 244.16,
            "debt_ratio": 33.41,
            "inventory_turnover_ratio": 8.89,
            "account_receivable_turnover_ratio": 1.4,
            "reinvestment_rate": 3.32,
            "research_to_sale_ratio": 10.8,
            "price_fair": 105.68,
            "eps_avg_yearly": 7.8,
            "eps_latest_yearly": 1.4,
            "eps_growth_yearly": 3.54
        },
        "20121": {
            "year_quarter": 20121,
            "year": 2012,
            "quarter": 1,
            "eps": 0.17,
            "eps_growth_year": -92.31,
            "eps_4q": 1.26,
            "eps_4q_growth_year": -85.31,
            "roe": 0.4,
            "roe_4q": 3.85,
            "gross_profit": 761763,
            "gross_margin": 31.49,
            "gross_margin_4q_avg": 36.05,
            "net_income": 24014,
            "net_income_4q": null,
            "revenue": 2418899,
            "revenue_4q": null,
            "common_shares": 1274743,
            "book_valuer_per_share": 37.08,
            "book_valuer_per_share_4q_avg": 37.32,
            "equity": 5996135,
            "current_ratio": 237.52,
            "debt_ratio": 34.77,
            "inventory_turnover_ratio": 11.5,
            "account_receivable_turnover_ratio": 1.55,
            "reinvestment_rate": 3.89,
            "research_to_sale_ratio": 9.46,
            "price_fair": 77.77,
            "eps_avg_yearly": 7.78,
            "eps_latest_yearly": 1.4,
            "eps_growth_yearly": 0.69
        },
        "20122": {
            "year_quarter": 20122,
            "year": 2012,
            "quarter": 2,
            "eps": 1.19,
            "eps_growth_year": 15.48,
            "eps_4q": 1.41,
            "eps_4q_growth_year": -81.84,
            "roe": 2.88,
            "roe_4q": 4.04,
            "gross_profit": 938394,
            "gross_margin": 27.61,
            "gross_margin_4q_avg": 32.62,
            "net_income": 170766,
            "net_income_4q": null,
            "revenue": 3399092,
            "revenue_4q": null,
            "common_shares": 1274743,
            "book_valuer_per_share": 35.74,
            "book_valuer_per_share_4q_avg": 36.81,
            "equity": 5846329,
            "current_ratio": 219.03,
            "debt_ratio": 38.96,
            "inventory_turnover_ratio": 17.97,
            "account_receivable_turnover_ratio": 1.76,
            "reinvestment_rate": 2.66,
            "research_to_sale_ratio": 6.24,
            "price_fair": 269.9,
            "eps_avg_yearly": 7.71,
            "eps_latest_yearly": 4.76,
            "eps_growth_yearly": 180.8
        },
        "20123": {
            "year_quarter": 20123,
            "year": 2012,
            "quarter": 3,
            "eps": 0.77,
            "eps_growth_year": 119.06,
            "eps_4q": 1.83,
            "eps_4q_growth_year": -65.38,
            "roe": 1.8,
            "roe_4q": 4.7700000000000005,
            "gross_profit": 768488,
            "gross_margin": 29.19,
            "gross_margin_4q_avg": 30.36,
            "net_income": 104670,
            "net_income_4q": null,
            "revenue": 2633110,
            "revenue_4q": null,
            "common_shares": 1274743,
            "book_valuer_per_share": 36.32,
            "book_valuer_per_share_4q_avg": 36.53,
            "equity": 5788709,
            "current_ratio": 223.55,
            "debt_ratio": 38.63,
            "inventory_turnover_ratio": 12.85,
            "account_receivable_turnover_ratio": 1.35,
            "reinvestment_rate": 1.09,
            "research_to_sale_ratio": 7.89,
            "price_fair": 249.5,
            "eps_avg_yearly": 7.13,
            "eps_latest_yearly": 3.08,
            "eps_growth_yearly": 142.75
        },
        "20124": {
            "year_quarter": 20124,
            "year": 2012,
            "quarter": 4,
            "eps": 0.05,
            "eps_growth_year": null,
            "eps_4q": 2.19,
            "eps_4q_growth_year": -33.17,
            "roe": -0.03,
            "roe_4q": 5.050000000000001,
            "gross_profit": 579012,
            "gross_margin": 24.94,
            "gross_margin_4q_avg": 28.31,
            "net_income": -1675,
            "net_income_4q": null,
            "revenue": 2321747,
            "revenue_4q": null,
            "common_shares": 1274743,
            "book_valuer_per_share": 36.42,
            "book_valuer_per_share_4q_avg": 36.39,
            "equity": 5761799,
            "current_ratio": 245.39,
            "debt_ratio": 35.43,
            "inventory_turnover_ratio": 12.59,
            "account_receivable_turnover_ratio": 1.46,
            "reinvestment_rate": 0.86,
            "research_to_sale_ratio": 8.08,
            "price_fair": 231.5,
            "eps_avg_yearly": 6.61,
            "eps_latest_yearly": 0.2,
            "eps_growth_yearly": 125.8
        },
        "20131": {
            "year_quarter": 20131,
            "year": 2013,
            "quarter": 1,
            "eps": 1.21,
            "eps_growth_year": 611.76,
            "eps_4q": 3.23,
            "eps_4q_growth_year": 156.8,
            "roe": 2.78,
            "roe_4q": 7.43,
            "gross_profit": 951616,
            "gross_margin": 34.94,
            "gross_margin_4q_avg": 29.17,
            "net_income": 161403,
            "net_income_4q": null,
            "revenue": 2723792,
            "revenue_4q": null,
            "common_shares": 1274743,
            "book_valuer_per_share": 37.28,
            "book_valuer_per_share_4q_avg": 36.44,
            "equity": 5861723,
            "current_ratio": 242.14,
            "debt_ratio": 36.85,
            "inventory_turnover_ratio": 14.57,
            "account_receivable_turnover_ratio": 1.55,
            "reinvestment_rate": -0.33,
            "research_to_sale_ratio": 6.33,
            "price_fair": 218.6,
            "eps_avg_yearly": 6.25,
            "eps_latest_yearly": 4.84,
            "eps_growth_yearly": 778.62
        },
        "20132": {
            "year_quarter": 20132,
            "year": 2013,
            "quarter": 2,
            "eps": 1.05,
            "eps_growth_year": -12.04,
            "eps_4q": 3.09,
            "eps_4q_growth_year": 118.32,
            "roe": 2.57,
            "roe_4q": 7.119999999999999,
            "gross_profit": 876137,
            "gross_margin": 34.91,
            "gross_margin_4q_avg": 31,
            "net_income": 149505,
            "net_income_4q": null,
            "revenue": 2509762,
            "revenue_4q": null,
            "common_shares": 1274743,
            "book_valuer_per_share": 36.75,
            "book_valuer_per_share_4q_avg": 36.69,
            "equity": 5772932,
            "current_ratio": 247.79,
            "debt_ratio": 36.19,
            "inventory_turnover_ratio": 13.04,
            "account_receivable_turnover_ratio": 1.43,
            "reinvestment_rate": -2.46,
            "research_to_sale_ratio": 6.34,
            "price_fair": 211.6,
            "eps_avg_yearly": 6.05,
            "eps_latest_yearly": 4.2,
            "eps_growth_yearly": 783.41
        },
        "20133": {
            "year_quarter": 20133,
            "year": 2013,
            "quarter": 3,
            "eps": 0.37,
            "eps_growth_year": -52.19,
            "eps_4q": 2.68,
            "eps_4q_growth_year": 46.29,
            "roe": 0.48,
            "roe_4q": 5.8,
            "gross_profit": 745054,
            "gross_margin": 28.47,
            "gross_margin_4q_avg": 30.82,
            "net_income": 27923,
            "net_income_4q": null,
            "revenue": 2616851,
            "revenue_4q": null,
            "common_shares": 1274743,
            "book_valuer_per_share": 37.04,
            "book_valuer_per_share_4q_avg": 36.87,
            "equity": 5783344,
            "current_ratio": 242.93,
            "debt_ratio": 37,
            "inventory_turnover_ratio": 15.78,
            "account_receivable_turnover_ratio": 1.54,
            "reinvestment_rate": -7.87,
            "research_to_sale_ratio": 6.12,
            "price_fair": 194.3,
            "eps_avg_yearly": 5.55,
            "eps_latest_yearly": 1.48,
            "eps_growth_yearly": 759.19
        },
        "20134": {
            "year_quarter": 20134,
            "year": 2013,
            "quarter": 4,
            "eps": 0.37,
            "eps_growth_year": 654.07,
            "eps_4q": 3.01,
            "eps_4q_growth_year": 37.2,
            "roe": 0.52,
            "roe_4q": 6.35,
            "gross_profit": 833083,
            "gross_margin": 26.32,
            "gross_margin_4q_avg": 31.16,
            "net_income": 30377,
            "net_income_4q": null,
            "revenue": 3165510,
            "revenue_4q": null,
            "common_shares": 1274743,
            "book_valuer_per_share": 37.6,
            "book_valuer_per_share_4q_avg": 37.17,
            "equity": 5838658,
            "current_ratio": 231.02,
            "debt_ratio": 39.22,
            "inventory_turnover_ratio": 23,
            "account_receivable_turnover_ratio": 1.54,
            "reinvestment_rate": -24.51,
            "research_to_sale_ratio": 4.83,
            "price_fair": 180.4,
            "eps_avg_yearly": 5.15,
            "eps_latest_yearly": 1.48,
            "eps_growth_yearly": 763.82
        },
        "20141": {
            "year_quarter": 20141,
            "year": 2014,
            "quarter": 1,
            "eps": 1.67,
            "eps_growth_year": 38.02,
            "eps_4q": 3.47,
            "eps_4q_growth_year": 7.3,
            "roe": 3.51,
            "roe_4q": 7.08,
            "gross_profit": 1197273,
            "gross_margin": 26.48,
            "gross_margin_4q_avg": 29.05,
            "net_income": 210923,
            "net_income_4q": null,
            "revenue": 4520648,
            "revenue_4q": null,
            "common_shares": 1274743,
            "book_valuer_per_share": 40.47,
            "book_valuer_per_share_4q_avg": 37.97,
            "equity": 6180443,
            "current_ratio": 222.57,
            "debt_ratio": 40.36,
            "inventory_turnover_ratio": 32.8,
            "account_receivable_turnover_ratio": 1.89,
            "reinvestment_rate": -25.79,
            "research_to_sale_ratio": 3.52,
            "price_fair": 166.8,
            "eps_avg_yearly": 4.77,
            "eps_latest_yearly": 6.68,
            "eps_growth_yearly": 843.59
        },
        "20142": {
            "year_quarter": 20142,
            "year": 2014,
            "quarter": 2,
            "eps": 0.78,
            "eps_growth_year": -25.71,
            "eps_4q": 3.19,
            "eps_4q_growth_year": 3.17,
            "roe": 1.27,
            "roe_4q": 5.779999999999999,
            "gross_profit": 962325,
            "gross_margin": 26.44,
            "gross_margin_4q_avg": 26.93,
            "net_income": 77972,
            "net_income_4q": null,
            "revenue": 3640313,
            "revenue_4q": null,
            "common_shares": 1274743,
            "book_valuer_per_share": 40.13,
            "book_valuer_per_share_4q_avg": 38.81,
            "equity": 6143131,
            "current_ratio": 225.89,
            "debt_ratio": 39.58,
            "inventory_turnover_ratio": 26.77,
            "account_receivable_turnover_ratio": 1.49,
            "reinvestment_rate": -28.32,
            "research_to_sale_ratio": 4.35,
            "price_fair": 156.7,
            "eps_avg_yearly": 4.48,
            "eps_latest_yearly": 3.12,
            "eps_growth_yearly": 840.05
        },
        "20143": {
            "year_quarter": 20143,
            "year": 2014,
            "quarter": 3,
            "eps": 1.01,
            "eps_growth_year": 172.97,
            "eps_4q": 3.83,
            "eps_4q_growth_year": 42.79,
            "roe": 1.69,
            "roe_4q": 6.99,
            "gross_profit": 820893,
            "gross_margin": 24.96,
            "gross_margin_4q_avg": 26.05,
            "net_income": 104424,
            "net_income_4q": null,
            "revenue": 3288563,
            "revenue_4q": null,
            "common_shares": 1274743,
            "book_valuer_per_share": 40.98,
            "book_valuer_per_share_4q_avg": 39.8,
            "equity": 6227833,
            "current_ratio": 215.29,
            "debt_ratio": 42.12,
            "inventory_turnover_ratio": 26.63,
            "account_receivable_turnover_ratio": 1.44,
            "reinvestment_rate": -24.44,
            "research_to_sale_ratio": 4.48,
            "price_fair": 138,
            "eps_avg_yearly": 3.94,
            "eps_latest_yearly": 4.04,
            "eps_growth_yearly": 831.08
        },
        "20144": {
            "year_quarter": 20144,
            "year": 2014,
            "quarter": 4,
            "eps": 0.63,
            "eps_growth_year": 67.24,
            "eps_4q": 4.08,
            "eps_4q_growth_year": 35.79,
            "roe": 0.69,
            "roe_4q": 7.16,
            "gross_profit": 808351,
            "gross_margin": 22.8,
            "gross_margin_4q_avg": 25.17,
            "net_income": 43110,
            "net_income_4q": null,
            "revenue": 3544853,
            "revenue_4q": null,
            "common_shares": 1274743,
            "book_valuer_per_share": 41.72,
            "book_valuer_per_share_4q_avg": 40.83,
            "equity": 6325398,
            "current_ratio": 222.62,
            "debt_ratio": 41.09,
            "inventory_turnover_ratio": 28.64,
            "account_receivable_turnover_ratio": 1.51,
            "reinvestment_rate": -26.92,
            "research_to_sale_ratio": 4.08,
            "price_fair": 126.9,
            "eps_avg_yearly": 3.63,
            "eps_latest_yearly": 2.52,
            "eps_growth_yearly": 831.64
        },
        "20151": {
            "year_quarter": 20151,
            "year": 2015,
            "quarter": 1,
            "eps": 1.21,
            "eps_growth_year": -27.54,
            "eps_4q": 3.62,
            "eps_4q_growth_year": 4.43,
            "roe": 2.01,
            "roe_4q": 5.66,
            "gross_profit": 904039,
            "gross_margin": 22.14,
            "gross_margin_4q_avg": 24.09,
            "net_income": 128082,
            "net_income_4q": null,
            "revenue": 4082510,
            "revenue_4q": null,
            "common_shares": 1274743,
            "book_valuer_per_share": 42.78,
            "book_valuer_per_share_4q_avg": 41.4,
            "equity": 6434596,
            "current_ratio": 221.12,
            "debt_ratio": 41.25,
            "inventory_turnover_ratio": 30.67,
            "account_receivable_turnover_ratio": 1.59,
            "reinvestment_rate": -16.79,
            "research_to_sale_ratio": 3.72,
            "price_fair": 116.9,
            "eps_avg_yearly": 3.34,
            "eps_latest_yearly": 4.84,
            "eps_growth_yearly": 850.22
        },
        "20152": {
            "year_quarter": 20152,
            "year": 2015,
            "quarter": 2,
            "eps": 0.29,
            "eps_growth_year": -62.82,
            "eps_4q": 3.14,
            "eps_4q_growth_year": -1.51,
            "roe": -0.03,
            "roe_4q": 4.359999999999999,
            "gross_profit": 697473,
            "gross_margin": 19.58,
            "gross_margin_4q_avg": 22.37,
            "net_income": -1576,
            "net_income_4q": null,
            "revenue": 3561933,
            "revenue_4q": null,
            "common_shares": 1274743,
            "book_valuer_per_share": 40.52,
            "book_valuer_per_share_4q_avg": 41.5,
            "equity": 6110650,
            "current_ratio": 219.96,
            "debt_ratio": 41.37,
            "inventory_turnover_ratio": 28.83,
            "account_receivable_turnover_ratio": 1.47,
            "reinvestment_rate": -18.35,
            "research_to_sale_ratio": 4.13,
            "price_fair": 109.5,
            "eps_avg_yearly": 3.13,
            "eps_latest_yearly": 1.16,
            "eps_growth_yearly": 843.76
        },
        "20153": {
            "year_quarter": 20153,
            "year": 2015,
            "quarter": 3,
            "eps": 0.43,
            "eps_growth_year": -57.43,
            "eps_4q": 2.56,
            "eps_4q_growth_year": -33.26,
            "roe": 0.34,
            "roe_4q": 3.01,
            "gross_profit": 768229,
            "gross_margin": 21.65,
            "gross_margin_4q_avg": 21.54,
            "net_income": 20815,
            "net_income_4q": null,
            "revenue": 3548434,
            "revenue_4q": null,
            "common_shares": 1274743,
            "book_valuer_per_share": 41.05,
            "book_valuer_per_share_4q_avg": 41.52,
            "equity": 6157973,
            "current_ratio": 215.87,
            "debt_ratio": 42.17,
            "inventory_turnover_ratio": 29.94,
            "account_receivable_turnover_ratio": 1.57,
            "reinvestment_rate": -6.98,
            "research_to_sale_ratio": 4.19,
            "price_fair": 110.3,
            "eps_avg_yearly": 3.15,
            "eps_latest_yearly": 1.72,
            "eps_growth_yearly": 876.41
        },
        "20154": {
            "year_quarter": 20154,
            "year": 2015,
            "quarter": 4,
            "eps": 0.49,
            "eps_growth_year": -21.48,
            "eps_4q": 2.42,
            "eps_4q_growth_year": -40.69,
            "roe": 0.11,
            "roe_4q": 2.4299999999999997,
            "gross_profit": 655033,
            "gross_margin": 18.2,
            "gross_margin_4q_avg": 20.39,
            "net_income": 6571,
            "net_income_4q": null,
            "revenue": 3598097,
            "revenue_4q": null,
            "common_shares": 1274743,
            "book_valuer_per_share": 42.66,
            "book_valuer_per_share_4q_avg": 41.75,
            "equity": 6298877,
            "current_ratio": 230.37,
            "debt_ratio": 39.09,
            "inventory_turnover_ratio": 25.81,
            "account_receivable_turnover_ratio": 1.52,
            "reinvestment_rate": 3.08,
            "research_to_sale_ratio": 3.56,
            "price_fair": 107.52,
            "eps_avg_yearly": 3.07,
            "eps_latest_yearly": 1.96,
            "eps_growth_yearly": 821.71
        },
        "20161": {
            "year_quarter": 20161,
            "year": 2016,
            "quarter": 1,
            "eps": 1.09,
            "eps_growth_year": -9.92,
            "eps_4q": 2.31,
            "eps_4q_growth_year": -36.18,
            "roe": 1.8,
            "roe_4q": 2.22,
            "gross_profit": 810640,
            "gross_margin": 19.36,
            "gross_margin_4q_avg": 19.7,
            "net_income": 114762,
            "net_income_4q": null,
            "revenue": 4187088,
            "revenue_4q": null,
            "common_shares": 1274743,
            "book_valuer_per_share": 43.9,
            "book_valuer_per_share_4q_avg": 42.03,
            "equity": 6430848,
            "current_ratio": 218.69,
            "debt_ratio": 41.31,
            "inventory_turnover_ratio": 25.98,
            "account_receivable_turnover_ratio": 1.64,
            "reinvestment_rate": 4.66,
            "research_to_sale_ratio": 3.29,
            "price_fair": 110.34,
            "eps_avg_yearly": 3.15,
            "eps_latest_yearly": 4.36,
            "eps_growth_yearly": 800.96
        },
        "20162": {
            "year_quarter": 20162,
            "year": 2016,
            "quarter": 2,
            "eps": 0.9,
            "eps_growth_year": 210.34,
            "eps_4q": 2.92,
            "eps_4q_growth_year": -6.99,
            "roe": 1.68,
            "roe_4q": 3.9299999999999997,
            "gross_profit": 802438,
            "gross_margin": 20.27,
            "gross_margin_4q_avg": 19.87,
            "net_income": 106255,
            "net_income_4q": null,
            "revenue": 3958596,
            "revenue_4q": null,
            "common_shares": 1274743,
            "book_valuer_per_share": 42.73,
            "book_valuer_per_share_4q_avg": 42.59,
            "equity": 6237839,
            "current_ratio": 217.13,
            "debt_ratio": 41.68,
            "inventory_turnover_ratio": 28.22,
            "account_receivable_turnover_ratio": 1.51,
            "reinvestment_rate": 5.05,
            "research_to_sale_ratio": 2.96,
            "price_fair": 107.8,
            "eps_avg_yearly": 3.08,
            "eps_latest_yearly": 3.6,
            "eps_growth_yearly": 646.6
        },
        "20163": {
            "year_quarter": 20163,
            "year": 2016,
            "quarter": 3,
            "eps": 0.57,
            "eps_growth_year": 32.56,
            "eps_4q": 3.06,
            "eps_4q_growth_year": 19.7,
            "roe": 0.95,
            "roe_4q": 4.54,
            "gross_profit": 616100,
            "gross_margin": 17.36,
            "gross_margin_4q_avg": 18.8,
            "net_income": 59986,
            "net_income_4q": null,
            "revenue": 3549846,
            "revenue_4q": null,
            "common_shares": 1274743,
            "book_valuer_per_share": 44.01,
            "book_valuer_per_share_4q_avg": 43.33,
            "equity": 6391168,
            "current_ratio": 223.35,
            "debt_ratio": 39.61,
            "inventory_turnover_ratio": 31.27,
            "account_receivable_turnover_ratio": 1.51,
            "reinvestment_rate": 24.75,
            "research_to_sale_ratio": 3.22,
            "price_fair": 106.05,
            "eps_avg_yearly": 3.03,
            "eps_latest_yearly": 2.28,
            "eps_growth_yearly": 646.26
        },
        "20164": {
            "year_quarter": 20164,
            "year": 2016,
            "quarter": 4,
            "eps": 0.73,
            "eps_growth_year": 49.26,
            "eps_4q": 3.3,
            "eps_4q_growth_year": 36.36,
            "roe": 1.35,
            "roe_4q": 5.779999999999999,
            "gross_profit": 694181,
            "gross_margin": 18.05,
            "gross_margin_4q_avg": 18.76,
            "net_income": 86570,
            "net_income_4q": null,
            "revenue": 3846385,
            "revenue_4q": null,
            "common_shares": 1274743,
            "book_valuer_per_share": 44.69,
            "book_valuer_per_share_4q_avg": 43.83,
            "equity": 6478695,
            "current_ratio": 210.56,
            "debt_ratio": 42.67,
            "inventory_turnover_ratio": 38.91,
            "account_receivable_turnover_ratio": 1.63,
            "reinvestment_rate": 23.48,
            "research_to_sale_ratio": 2.97,
            "price_fair": 112,
            "eps_avg_yearly": 3.2,
            "eps_latest_yearly": 2.92,
            "eps_growth_yearly": 676.65
        },
        "20171": {
            "year_quarter": 20171,
            "year": 2017,
            "quarter": 1,
            "eps": 1.53,
            "eps_growth_year": 40.37,
            "eps_4q": 3.74,
            "eps_4q_growth_year": 61.89,
            "roe": 2.85,
            "roe_4q": 6.83,
            "gross_profit": 812625,
            "gross_margin": 18.36,
            "gross_margin_4q_avg": 18.51,
            "net_income": 186083,
            "net_income_4q": null,
            "revenue": 4426491,
            "revenue_4q": null,
            "common_shares": 1274743,
            "book_valuer_per_share": 45.49,
            "book_valuer_per_share_4q_avg": 44.23,
            "equity": 6563944,
            "current_ratio": 221.67,
            "debt_ratio": 40.6,
            "inventory_turnover_ratio": 47.14,
            "account_receivable_turnover_ratio": 1.88,
            "reinvestment_rate": 19.93,
            "research_to_sale_ratio": 2.35,
            "price_fair": 114.8,
            "eps_avg_yearly": 3.28,
            "eps_latest_yearly": 6.12,
            "eps_growth_yearly": 124.05
        },
        "20172": {
            "year_quarter": 20172,
            "year": 2017,
            "quarter": 2,
            "eps": 0.53,
            "eps_growth_year": -41.11,
            "eps_4q": 3.37,
            "eps_4q_growth_year": 15.37,
            "roe": 0.91,
            "roe_4q": 6.0600000000000005,
            "gross_profit": 634381,
            "gross_margin": 17.02,
            "gross_margin_4q_avg": 17.7,
            "net_income": 58767,
            "net_income_4q": null,
            "revenue": 3726179,
            "revenue_4q": null,
            "common_shares": 1274743,
            "book_valuer_per_share": 44.18,
            "book_valuer_per_share_4q_avg": 44.59,
            "equity": 6401755,
            "current_ratio": 218.18,
            "debt_ratio": 41.15,
            "inventory_turnover_ratio": 36.77,
            "account_receivable_turnover_ratio": 1.78,
            "reinvestment_rate": 23.94,
            "research_to_sale_ratio": 2.81,
            "price_fair": 110.25,
            "eps_avg_yearly": 3.15,
            "eps_latest_yearly": 2.12,
            "eps_growth_yearly": 111.02
        },
        "20173": {
            "year_quarter": 20173,
            "year": 2017,
            "quarter": 3,
            "eps": 0.8,
            "eps_growth_year": 40.35,
            "eps_4q": 3.59,
            "eps_4q_growth_year": 17.45,
            "roe": 1.56,
            "roe_4q": 6.67,
            "gross_profit": 674404,
            "gross_margin": 18.05,
            "gross_margin_4q_avg": 17.87,
            "net_income": 100025,
            "net_income_4q": null,
            "revenue": 3736402,
            "revenue_4q": null,
            "common_shares": 1274743,
            "book_valuer_per_share": 44.13,
            "book_valuer_per_share_4q_avg": 44.62,
            "equity": 6396100,
            "current_ratio": 217.73,
            "debt_ratio": 41.9,
            "inventory_turnover_ratio": 38.44,
            "account_receivable_turnover_ratio": 1.83,
            "reinvestment_rate": 19.62,
            "research_to_sale_ratio": 2.71,
            "price_fair": 114.01,
            "eps_avg_yearly": 3.26,
            "eps_latest_yearly": 3.2,
            "eps_growth_yearly": 139.94
        },
        "20174": {
            "year_quarter": 20174,
            "year": 2017,
            "quarter": 4,
            "eps": 0.42,
            "eps_growth_year": -43.35,
            "eps_4q": 3.28,
            "eps_4q_growth_year": -0.81,
            "roe": 0.35,
            "roe_4q": 5.67,
            "gross_profit": 581911,
            "gross_margin": 15.63,
            "gross_margin_4q_avg": 17.27,
            "net_income": 22403,
            "net_income_4q": null,
            "revenue": 3722857,
            "revenue_4q": null,
            "common_shares": 1274743,
            "book_valuer_per_share": 44.5,
            "book_valuer_per_share_4q_avg": 44.58,
            "equity": 6418941,
            "current_ratio": 212.46,
            "debt_ratio": 43.23,
            "inventory_turnover_ratio": 47.6,
            "account_receivable_turnover_ratio": 1.72,
            "reinvestment_rate": 16.32,
            "research_to_sale_ratio": 2.78,
            "price_fair": 114.45,
            "eps_avg_yearly": 3.27,
            "eps_latest_yearly": 1.68,
            "eps_growth_yearly": 128.07
        },
        "20181": {
            "year_quarter": 20181,
            "year": 2018,
            "quarter": 1,
            "eps": 1.03,
            "eps_growth_year": -32.68,
            "eps_4q": 2.77,
            "eps_4q_growth_year": -25.85,
            "roe": 1.94,
            "roe_4q": 4.76,
            "gross_profit": 767278,
            "gross_margin": 61.71,
            "gross_margin_4q_avg": 28.1,
            "net_income": 125465,
            "net_income_4q": null,
            "revenue": 1243437,
            "revenue_4q": null,
            "common_shares": 1274743,
            "book_valuer_per_share": 45.43,
            "book_valuer_per_share_4q_avg": 44.56,
            "equity": 6535878,
            "current_ratio": 221.3,
            "debt_ratio": 41.4,
            "inventory_turnover_ratio": 8.39,
            "account_receivable_turnover_ratio": 1,
            "reinvestment_rate": -18.18,
            "research_to_sale_ratio": 7.33,
            "price_fair": 108.85,
            "eps_avg_yearly": 3.11,
            "eps_latest_yearly": 4.12,
            "eps_growth_yearly": 76.54
        },
        "20182": {
            "year_quarter": 20182,
            "year": 2018,
            "quarter": 2,
            "eps": 0.39,
            "eps_growth_year": -26.42,
            "eps_4q": 2.73,
            "eps_4q_growth_year": -18.87,
            "roe": 0.4,
            "roe_4q": 4.25,
            "gross_profit": 691744,
            "gross_margin": 61.08,
            "gross_margin_4q_avg": 39.12,
            "net_income": 26304,
            "net_income_4q": null,
            "revenue": 1132517,
            "revenue_4q": null,
            "common_shares": 1274743,
            "book_valuer_per_share": 44.68,
            "book_valuer_per_share_4q_avg": 44.69,
            "equity": 6580982,
            "current_ratio": 197,
            "debt_ratio": 45.75,
            "inventory_turnover_ratio": 8.84,
            "account_receivable_turnover_ratio": 5.05,
            "reinvestment_rate": -22.57,
            "research_to_sale_ratio": 9.36,
            "price_fair": 105.44,
            "eps_avg_yearly": 3.01,
            "eps_latest_yearly": 1.56,
            "eps_growth_yearly": 74.33
        },
        "20183": {
            "year_quarter": 20183,
            "year": 2018,
            "quarter": 3,
            "eps": 0.53,
            "eps_growth_year": -33.75,
            "eps_4q": 2.46,
            "eps_4q_growth_year": -31.67,
            "roe": 0.97,
            "roe_4q": 3.66,
            "gross_profit": 740682,
            "gross_margin": 51.63,
            "gross_margin_4q_avg": 47.51,
            "net_income": 63423,
            "net_income_4q": null,
            "revenue": 1434646,
            "revenue_4q": null,
            "common_shares": 1274743,
            "book_valuer_per_share": 45.41,
            "book_valuer_per_share_4q_avg": 45.01,
            "equity": 6560388,
            "current_ratio": 197.59,
            "debt_ratio": 44.77,
            "inventory_turnover_ratio": 15.47,
            "account_receivable_turnover_ratio": 4.66,
            "reinvestment_rate": -20.69,
            "research_to_sale_ratio": 7.07,
            "price_fair": 101.24,
            "eps_avg_yearly": 2.89,
            "eps_latest_yearly": 2.12,
            "eps_growth_yearly": 75.93
        },
        "20184": {
            "year_quarter": 20184,
            "year": 2018,
            "quarter": 4,
            "eps": 1.75,
            "eps_growth_year": 321.64,
            "eps_4q": 3.78,
            "eps_4q_growth_year": 15.3,
            "roe": 3.86,
            "roe_4q": 7.17,
            "gross_profit": 901646,
            "gross_margin": 51.76,
            "gross_margin_4q_avg": 56.55,
            "net_income": 256827,
            "net_income_4q": null,
            "revenue": 1742067,
            "revenue_4q": null,
            "common_shares": 1274743,
            "book_valuer_per_share": 46.42,
            "book_valuer_per_share_4q_avg": 45.49,
            "equity": 6749722,
            "current_ratio": 196.61,
            "debt_ratio": 45.55,
            "inventory_turnover_ratio": 20.91,
            "account_receivable_turnover_ratio": 4.43,
            "reinvestment_rate": -17.35,
            "research_to_sale_ratio": 6.87,
            "price_fair": 111.04,
            "eps_avg_yearly": 3.17,
            "eps_latest_yearly": 7,
            "eps_growth_yearly": 142.89
        },
        "20191": {
            "year_quarter": 20191,
            "year": 2019,
            "quarter": 1,
            "eps": 1.39,
            "eps_growth_year": 34.95,
            "eps_4q": 4.09,
            "eps_4q_growth_year": 47.31,
            "roe": 2.74,
            "roe_4q": 7.97,
            "gross_profit": 821877,
            "gross_margin": 54.85,
            "gross_margin_4q_avg": 54.83,
            "net_income": 188304,
            "net_income_4q": null,
            "revenue": 1498498,
            "revenue_4q": null,
            "common_shares": 1274743,
            "book_valuer_per_share": 48.31,
            "book_valuer_per_share_4q_avg": 46.21,
            "equity": 7011768,
            "current_ratio": 194.49,
            "debt_ratio": 45.98,
            "inventory_turnover_ratio": 17.01,
            "account_receivable_turnover_ratio": 3.22,
            "reinvestment_rate": -20.4,
            "research_to_sale_ratio": 6.85,
            "price_fair": 112.61,
            "eps_avg_yearly": 3.22,
            "eps_latest_yearly": 5.56,
            "eps_growth_yearly": 114.73
        },
        "20192": {
            "year_quarter": 20192,
            "year": 2019,
            "quarter": 2,
            "eps": 1.06,
            "eps_growth_year": 171.79,
            "eps_4q": 4.74,
            "eps_4q_growth_year": 73.52,
            "roe": 2.15,
            "roe_4q": 9.72,
            "gross_profit": 739727,
            "gross_margin": 54.32,
            "gross_margin_4q_avg": 53.14,
            "net_income": 148483,
            "net_income_4q": null,
            "revenue": 1361905,
            "revenue_4q": null,
            "common_shares": 1274743,
            "book_valuer_per_share": 46.51,
            "book_valuer_per_share_4q_avg": 46.66,
            "equity": 6814519,
            "current_ratio": 193.59,
            "debt_ratio": 46.5,
            "inventory_turnover_ratio": 16.89,
            "account_receivable_turnover_ratio": 2.62,
            "reinvestment_rate": -17.76,
            "research_to_sale_ratio": 7.6,
            "price_fair": 119.35,
            "eps_avg_yearly": 3.41,
            "eps_latest_yearly": 4.24,
            "eps_growth_yearly": 127.8
        },
        "20193": {
            "year_quarter": 20193,
            "year": 2019,
            "quarter": 3,
            "eps": 1.2,
            "eps_growth_year": 126.42,
            "eps_4q": 5.41,
            "eps_4q_growth_year": 120.12,
            "roe": 2.55,
            "roe_4q": 11.299999999999999,
            "gross_profit": 788738,
            "gross_margin": 53.9,
            "gross_margin_4q_avg": 53.71,
            "net_income": 176248,
            "net_income_4q": null,
            "revenue": 1463370,
            "revenue_4q": null,
            "common_shares": 1274743,
            "book_valuer_per_share": 47.98,
            "book_valuer_per_share_4q_avg": 47.31,
            "equity": 7004921,
            "current_ratio": 191.43,
            "debt_ratio": 47.21,
            "inventory_turnover_ratio": 21.15,
            "account_receivable_turnover_ratio": 2.91,
            "reinvestment_rate": -18.62,
            "research_to_sale_ratio": 7.29,
            "price_fair": 126.09,
            "eps_avg_yearly": 3.6,
            "eps_latest_yearly": 4.8,
            "eps_growth_yearly": 119.03
        },
        "20194": {
            "year_quarter": 20194,
            "year": 2019,
            "quarter": 4,
            "eps": 1.35,
            "eps_growth_year": -23.2,
            "eps_4q": 5,
            "eps_4q_growth_year": 32.35,
            "roe": 2.17,
            "roe_4q": 9.61,
            "gross_profit": 830753,
            "gross_margin": 55.2,
            "gross_margin_4q_avg": 54.57,
            "net_income": 152908,
            "net_income_4q": null,
            "revenue": 1504881,
            "revenue_4q": null,
            "common_shares": 1274743,
            "book_valuer_per_share": 48.91,
            "book_valuer_per_share_4q_avg": 47.93,
            "equity": 7104394,
            "current_ratio": 205.64,
            "debt_ratio": 44.36,
            "inventory_turnover_ratio": 23.25,
            "account_receivable_turnover_ratio": 3.65,
            "reinvestment_rate": -24.38,
            "research_to_sale_ratio": 6.95,
            "price_fair": 133.61,
            "eps_avg_yearly": 3.82,
            "eps_latest_yearly": 5.4,
            "eps_growth_yearly": 118.67
        },
        "20201": {
            "year_quarter": 20201,
            "year": 2020,
            "quarter": 1,
            "eps": 2.08,
            "eps_growth_year": 49.64,
            "eps_4q": 5.7,
            "eps_4q_growth_year": 39.47,
            "roe": 3.57,
            "roe_4q": 10.44,
            "gross_profit": 984835,
            "gross_margin": 51.28,
            "gross_margin_4q_avg": 53.68,
            "net_income": 254804,
            "net_income_4q": null,
            "revenue": 1920668,
            "revenue_4q": null,
            "common_shares": 1274743,
            "book_valuer_per_share": 49.55,
            "book_valuer_per_share_4q_avg": 48.24,
            "equity": 7164265,
            "current_ratio": 195.25,
            "debt_ratio": 47.64,
            "inventory_turnover_ratio": 33.71,
            "account_receivable_turnover_ratio": 4.28,
            "reinvestment_rate": -23.58,
            "research_to_sale_ratio": 5.37,
            "price_fair": 142.28,
            "eps_avg_yearly": 4.07,
            "eps_latest_yearly": 8.32,
            "eps_growth_yearly": 101.58
        },
        "20202": {
            "year_quarter": 20202,
            "year": 2020,
            "quarter": 2,
            "eps": 2.02,
            "eps_growth_year": 90.57,
            "eps_4q": 6.68,
            "eps_4q_growth_year": 40.92,
            "roe": 3.69,
            "roe_4q": 11.98,
            "gross_profit": 981873,
            "gross_margin": 52.1,
            "gross_margin_4q_avg": 53.12,
            "net_income": 261056,
            "net_income_4q": null,
            "revenue": 1884458,
            "revenue_4q": null,
            "common_shares": 1274743,
            "book_valuer_per_share": 48.1,
            "book_valuer_per_share_4q_avg": 48.64,
            "equity": 6975200,
            "current_ratio": 185.6,
            "debt_ratio": 49.64,
            "inventory_turnover_ratio": 36.92,
            "account_receivable_turnover_ratio": 3.49,
            "reinvestment_rate": -19.64,
            "research_to_sale_ratio": 5.36,
            "price_fair": 152.08,
            "eps_avg_yearly": 4.35,
            "eps_latest_yearly": 8.08,
            "eps_growth_yearly": 105.21
        },
        "20203": {
            "year_quarter": 20203,
            "year": 2020,
            "quarter": 3,
            "eps": 2,
            "eps_growth_year": 66.67,
            "eps_4q": 7.48,
            "eps_4q_growth_year": 38.29,
            "roe": 3.73,
            "roe_4q": 13.16,
            "gross_profit": 879157,
            "gross_margin": 48.93,
            "gross_margin_4q_avg": 51.88,
            "net_income": 265015,
            "net_income_4q": null,
            "revenue": 1796739,
            "revenue_4q": null,
            "common_shares": 1274743,
            "book_valuer_per_share": 49.99,
            "book_valuer_per_share_4q_avg": 49.14,
            "equity": 7236370,
            "current_ratio": 198.37,
            "debt_ratio": 46.27,
            "inventory_turnover_ratio": 33.35,
            "account_receivable_turnover_ratio": 3.26,
            "reinvestment_rate": -23.79,
            "research_to_sale_ratio": 5.06,
            "price_fair": 164.59,
            "eps_avg_yearly": 4.7,
            "eps_latest_yearly": 8,
            "eps_growth_yearly": 114.13
        },
        "20204": {
            "year_quarter": 20204,
            "year": 2020,
            "quarter": 4,
            "eps": 1.65,
            "eps_growth_year": 22.6,
            "eps_4q": 7.78,
            "eps_4q_growth_year": 55.6,
            "roe": 2.94,
            "roe_4q": 13.93,
            "gross_profit": 893022,
            "gross_margin": 53.6,
            "gross_margin_4q_avg": 51.48,
            "net_income": 216392,
            "net_income_4q": null,
            "revenue": 1666227,
            "revenue_4q": null,
            "common_shares": 1274743,
            "book_valuer_per_share": 52.05,
            "book_valuer_per_share_4q_avg": 49.92,
            "equity": 7459395,
            "current_ratio": 203.37,
            "debt_ratio": 45.61,
            "inventory_turnover_ratio": 20.61,
            "account_receivable_turnover_ratio": 2.91,
            "reinvestment_rate": -22.99,
            "research_to_sale_ratio": 5.29,
            "price_fair": 172.64,
            "eps_avg_yearly": 4.93,
            "eps_latest_yearly": 6.6,
            "eps_growth_yearly": 102.74
        },
        "20211": {
            "year_quarter": 20211,
            "year": 2021,
            "quarter": 1,
            "eps": 1.58,
            "eps_growth_year": -24.04,
            "eps_4q": 7.26,
            "eps_4q_growth_year": 27.39,
            "roe": 2.5,
            "roe_4q": 12.86,
            "gross_profit": 826386,
            "gross_margin": 47.56,
            "gross_margin_4q_avg": 50.55,
            "net_income": 189696,
            "net_income_4q": null,
            "revenue": 1737448,
            "revenue_4q": null,
            "common_shares": 1274743,
            "book_valuer_per_share": 54.15,
            "book_valuer_per_share_4q_avg": 51.07,
            "equity": 7712686,
            "current_ratio": 200.1,
            "debt_ratio": 46.41,
            "inventory_turnover_ratio": 25.84,
            "account_receivable_turnover_ratio": 2.79,
            "reinvestment_rate": -22.67,
            "research_to_sale_ratio": 4.65,
            "price_fair": 173.08,
            "eps_avg_yearly": 4.95,
            "eps_latest_yearly": 6.32,
            "eps_growth_yearly": 74.28
        },
        "20212": {
            "year_quarter": 20212,
            "year": 2021,
            "quarter": 2,
            "eps": 2,
            "eps_growth_year": -0.99,
            "eps_4q": 7.23,
            "eps_4q_growth_year": 8.24,
            "roe": 3.14,
            "roe_4q": 12.31,
            "gross_profit": 848693,
            "gross_margin": 48.7,
            "gross_margin_4q_avg": 49.7,
            "net_income": 245902,
            "net_income_4q": null,
            "revenue": 1742778,
            "revenue_4q": null,
            "common_shares": 1274743,
            "book_valuer_per_share": 56.14,
            "book_valuer_per_share_4q_avg": 53.08,
            "equity": 7957692,
            "current_ratio": 197.27,
            "debt_ratio": 47.2,
            "inventory_turnover_ratio": 26.15,
            "account_receivable_turnover_ratio": 3.17,
            "reinvestment_rate": -21.28,
            "research_to_sale_ratio": 3.38,
            "price_fair": 185.94,
            "eps_avg_yearly": 5.31,
            "eps_latest_yearly": 8,
            "eps_growth_yearly": 97.27
        },
        "20213": {
            "year_quarter": 20213,
            "year": 2021,
            "quarter": 3,
            "eps": 1.67,
            "eps_growth_year": -16.5,
            "eps_4q": 6.89,
            "eps_4q_growth_year": -7.83,
            "roe": 3.11,
            "roe_4q": 11.69,
            "gross_profit": 838855,
            "gross_margin": 49.4,
            "gross_margin_4q_avg": 49.82,
            "net_income": 237781,
            "net_income_4q": null,
            "revenue": 1698133,
            "revenue_4q": null,
            "common_shares": 1274743,
            "book_valuer_per_share": 50.87,
            "book_valuer_per_share_4q_avg": 53.3,
            "equity": 7339906,
            "current_ratio": 191.91,
            "debt_ratio": 48.68,
            "inventory_turnover_ratio": 24.64,
            "account_receivable_turnover_ratio": 3.89,
            "reinvestment_rate": -16.89,
            "research_to_sale_ratio": 4.23,
            "price_fair": 193.55,
            "eps_avg_yearly": 5.53,
            "eps_latest_yearly": 6.68,
            "eps_growth_yearly": 80.41
        },
        "20214": {
            "year_quarter": 20214,
            "year": 2021,
            "quarter": 4,
            "eps": 1.6,
            "eps_growth_year": -3.09,
            "eps_4q": 6.84,
            "eps_4q_growth_year": -12.06,
            "roe": 2.66,
            "roe_4q": 11.41,
            "gross_profit": 801693,
            "gross_margin": 56.34,
            "gross_margin_4q_avg": 50.5,
            "net_income": 199950,
            "net_income_4q": null,
            "revenue": 1423019,
            "revenue_4q": null,
            "common_shares": 1274743,
            "book_valuer_per_share": 53.58,
            "book_valuer_per_share_4q_avg": 53.69,
            "equity": 7675947,
            "current_ratio": 185.69,
            "debt_ratio": 50.19,
            "inventory_turnover_ratio": 19.3,
            "account_receivable_turnover_ratio": 3.34,
            "reinvestment_rate": -15.5,
            "research_to_sale_ratio": 4.54,
            "price_fair": 203.88,
            "eps_avg_yearly": 5.83,
            "eps_latest_yearly": 6.4,
            "eps_growth_yearly": 91.23
        },
        "20221": {
            "year_quarter": 20221,
            "year": 2022,
            "quarter": 1,
            "eps": 1.58,
            "eps_growth_year": 0,
            "eps_4q": 6.85,
            "eps_4q_growth_year": -5.72,
            "roe": 2.61,
            "roe_4q": 11.52,
            "gross_profit": 792146,
            "gross_margin": 53.69,
            "gross_margin_4q_avg": 52.03,
            "net_income": 193709,
            "net_income_4q": null,
            "revenue": 1475281,
            "revenue_4q": null,
            "common_shares": 1274743,
            "book_valuer_per_share": 49.43,
            "book_valuer_per_share_4q_avg": 52.51,
            "equity": 7180669,
            "current_ratio": 182.2,
            "debt_ratio": 51.19,
            "inventory_turnover_ratio": 16.7,
            "account_receivable_turnover_ratio": 3.75,
            "reinvestment_rate": -0.67,
            "research_to_sale_ratio": 5.44,
            "price_fair": 208.69,
            "eps_avg_yearly": 5.96,
            "eps_latest_yearly": 6.32,
            "eps_growth_yearly": 54.61
        },
        "20222": {
            "year_quarter": 20222,
            "year": 2022,
            "quarter": 2,
            "eps": 1.52,
            "eps_growth_year": -24,
            "eps_4q": 6.37,
            "eps_4q_growth_year": -11.9,
            "roe": 2.94,
            "roe_4q": 11.32,
            "gross_profit": 804007,
            "gross_margin": 55.63,
            "gross_margin_4q_avg": 53.77,
            "net_income": 214090,
            "net_income_4q": null,
            "revenue": 1445253,
            "revenue_4q": null,
            "common_shares": 1274743,
            "book_valuer_per_share": 50.92,
            "book_valuer_per_share_4q_avg": 51.2,
            "equity": 7368577,
            "current_ratio": 192.51,
            "debt_ratio": 48.74,
            "inventory_turnover_ratio": 14.62,
            "account_receivable_turnover_ratio": 3.81,
            "reinvestment_rate": -1.74,
            "research_to_sale_ratio": 4.81,
            "price_fair": 218.58,
            "eps_avg_yearly": 6.25,
            "eps_latest_yearly": 6.08,
            "eps_growth_yearly": 69.2
        },
        "20223": {
            "year_quarter": 20223,
            "year": 2022,
            "quarter": 3,
            "eps": 1.7,
            "eps_growth_year": 1.8,
            "eps_4q": 6.4,
            "eps_4q_growth_year": -7.1,
            "roe": 2.84,
            "roe_4q": 11.049999999999999,
            "gross_profit": 791820,
            "gross_margin": 51.83,
            "gross_margin_4q_avg": 54.37,
            "net_income": 211911,
            "net_income_4q": null,
            "revenue": 1527815,
            "revenue_4q": null,
            "common_shares": 1274743,
            "book_valuer_per_share": 52.44,
            "book_valuer_per_share_4q_avg": 51.59,
            "equity": 7557045,
            "current_ratio": 197.75,
            "debt_ratio": 47.88,
            "inventory_turnover_ratio": 18.05,
            "account_receivable_turnover_ratio": 4.26,
            "reinvestment_rate": -1.82,
            "research_to_sale_ratio": 4.65,
            "price_fair": 228.81,
            "eps_avg_yearly": 6.54,
            "eps_latest_yearly": 6.8,
            "eps_growth_yearly": 63.18
        },
        "20224": {
            "year_quarter": 20224,
            "year": 2022,
            "quarter": 4,
            "eps": 2.1,
            "eps_growth_year": 31.06,
            "eps_4q": 6.9,
            "eps_4q_growth_year": 0.84,
            "roe": 3.37,
            "roe_4q": 11.76,
            "gross_profit": 898980,
            "gross_margin": 54.49,
            "gross_margin_4q_avg": 53.91,
            "net_income": 261997,
            "net_income_4q": null,
            "revenue": 1649729,
            "revenue_4q": null,
            "common_shares": 1274743,
            "book_valuer_per_share": 56,
            "book_valuer_per_share_4q_avg": 52.2,
            "equity": 7996791,
            "current_ratio": 177.39,
            "debt_ratio": 52.44,
            "inventory_turnover_ratio": 14.49,
            "account_receivable_turnover_ratio": 4.78,
            "reinvestment_rate": -1.95,
            "research_to_sale_ratio": 4.34,
            "price_fair": 142.55,
            "eps_avg_yearly": 6.63,
            "eps_latest_yearly": 8.4,
            "eps_growth_yearly": 11.52
        },
        "20231": {
            "year_quarter": 20231,
            "year": 2023,
            "quarter": 1,
            "eps": 2.17,
            "eps_growth_year": 37.34,
            "eps_4q": 7.48,
            "eps_4q_growth_year": 9.26,
            "roe": 3.44,
            "roe_4q": 12.59,
            "gross_profit": 890616,
            "gross_margin": 53.67,
            "gross_margin_4q_avg": 53.91,
            "net_income": 264449,
            "net_income_4q": null,
            "revenue": 1659573,
            "revenue_4q": null,
            "common_shares": 1274743,
            "book_valuer_per_share": 51.01,
            "book_valuer_per_share_4q_avg": 52.59,
            "equity": 7398067,
            "current_ratio": 171.48,
            "debt_ratio": 53.75,
            "inventory_turnover_ratio": 14.95,
            "account_receivable_turnover_ratio": 4.66,
            "reinvestment_rate": -1.56,
            "research_to_sale_ratio": 4.1,
            "price_fair": 187.5,
            "eps_avg_yearly": 6.82,
            "eps_latest_yearly": 8.68,
            "eps_growth_yearly": 17.49
        },
        "20232": {
            "year_quarter": 20232,
            "year": 2023,
            "quarter": 2,
            "eps": 1.77,
            "eps_growth_year": 16.45,
            "eps_4q": 7.73,
            "eps_4q_growth_year": 21.39,
            "roe": 3.22,
            "roe_4q": 12.870000000000001,
            "gross_profit": 810910,
            "gross_margin": 50.67,
            "gross_margin_4q_avg": 52.67,
            "net_income": 245181,
            "net_income_4q": null,
            "revenue": 1600397,
            "revenue_4q": null,
            "common_shares": 1274743,
            "book_valuer_per_share": 54.45,
            "book_valuer_per_share_4q_avg": 53.48,
            "equity": 7842514,
            "current_ratio": 186.48,
            "debt_ratio": 48.76,
            "inventory_turnover_ratio": 16.5,
            "account_receivable_turnover_ratio": 4.54,
            "reinvestment_rate": -1.5,
            "research_to_sale_ratio": 4.35,
            "price_fair": 201.67,
            "eps_avg_yearly": 7,
            "eps_latest_yearly": 7.08,
            "eps_growth_yearly": 18.82
        },
        "20233": {
            "year_quarter": 20233,
            "year": 2023,
            "quarter": 3,
            "eps": 1.56,
            "eps_growth_year": -8.24,
            "eps_4q": 7.6,
            "eps_4q_growth_year": 18.67,
            "roe": 2.47,
            "roe_4q": 12.5,
            "gross_profit": 729397,
            "gross_margin": 50.86,
            "gross_margin_4q_avg": 52.42,
            "net_income": 196177,
            "net_income_4q": null,
            "revenue": 1434189,
            "revenue_4q": null,
            "common_shares": 1274743,
            "book_valuer_per_share": 56.2,
            "book_valuer_per_share_4q_avg": 54.42,
            "equity": 8060947,
            "current_ratio": 185.43,
            "debt_ratio": 50.67,
            "inventory_turnover_ratio": 17,
            "account_receivable_turnover_ratio": 3.86,
            "reinvestment_rate": -1.34,
            "research_to_sale_ratio": 5.07,
            "price_fair": 159.84,
            "eps_avg_yearly": 7.09,
            "eps_latest_yearly": 6.24,
            "eps_growth_yearly": 12.55
        },
        "20234": {
            "year_quarter": 20234,
            "year": 2023,
            "quarter": 4,
            "eps": 1.6,
            "eps_growth_year": -23.9,
            "eps_4q": 7.11,
            "eps_4q_growth_year": 3.1,
            "roe": 2.33,
            "roe_4q": 11.46,
            "gross_profit": 785187,
            "gross_margin": 50.49,
            "gross_margin_4q_avg": 51.42,
            "net_income": 189074,
            "net_income_4q": null,
            "revenue": 1555234,
            "revenue_4q": null,
            "common_shares": 1274743,
            "book_valuer_per_share": 57.84,
            "book_valuer_per_share_4q_avg": 54.88,
            "equity": 8173913,
            "current_ratio": 181.51,
            "debt_ratio": 51.71,
            "inventory_turnover_ratio": 27.03,
            "account_receivable_turnover_ratio": 4.4,
            "reinvestment_rate": -1.19,
            "research_to_sale_ratio": 4.75,
            "price_fair": 143.49,
            "eps_avg_yearly": 7.15,
            "eps_latest_yearly": 6.4,
            "eps_growth_yearly": 10.07
        }
    },
    "months": {
        "2001-06": {
            "month": "2001-06",
            "price": "154.62",
            "revenue": 133647
        },
        "2001-07": {
            "month": "2001-07",
            "price": "128.14",
            "revenue": 128632
        },
        "2001-08": {
            "month": "2001-08",
            "price": "97.70",
            "revenue": 167661
        },
        "2001-09": {
            "month": "2001-09",
            "price": "62.36",
            "revenue": 80451
        },
        "2001-10": {
            "month": "2001-10",
            "price": "46.99",
            "revenue": 104296
        },
        "2001-11": {
            "month": "2001-11",
            "price": "63.43",
            "revenue": 104662
        },
        "2001-12": {
            "month": "2001-12",
            "price": "78.76",
            "revenue": 155377
        },
        "2002-01": {
            "month": "2002-01",
            "price": "116.02",
            "revenue": 162237
        },
        "2002-02": {
            "month": "2002-02",
            "price": "120.58",
            "revenue": 138738
        },
        "2002-03": {
            "month": "2002-03",
            "price": "123.36",
            "revenue": 195754
        },
        "2002-04": {
            "month": "2002-04",
            "price": "139.62",
            "revenue": 121713
        },
        "2002-05": {
            "month": "2002-05",
            "price": "150.41",
            "revenue": 274935
        },
        "2002-06": {
            "month": "2002-06",
            "price": "145.35",
            "revenue": 198341
        },
        "2002-07": {
            "month": "2002-07",
            "price": "140.78",
            "revenue": 161817
        },
        "2002-08": {
            "month": "2002-08",
            "price": "137.27",
            "revenue": 179375
        },
        "2002-09": {
            "month": "2002-09",
            "price": "127.50",
            "revenue": 214578
        },
        "2002-10": {
            "month": "2002-10",
            "price": "110.32",
            "revenue": 145303
        },
        "2002-11": {
            "month": "2002-11",
            "price": "110.57",
            "revenue": 137331
        },
        "2002-12": {
            "month": "2002-12",
            "price": "110.73",
            "revenue": 119596
        },
        "2003-01": {
            "month": "2003-01",
            "price": "106.34",
            "revenue": 318366
        },
        "2003-02": {
            "month": "2003-02",
            "price": "91.56",
            "revenue": 161100
        },
        "2003-03": {
            "month": "2003-03",
            "price": "87.10",
            "revenue": 153848
        },
        "2003-04": {
            "month": "2003-04",
            "price": "93.45",
            "revenue": 182112
        },
        "2003-05": {
            "month": "2003-05",
            "price": "103.57",
            "revenue": 188390
        },
        "2003-06": {
            "month": "2003-06",
            "price": "117.10",
            "revenue": 270970
        },
        "2003-07": {
            "month": "2003-07",
            "price": "148.20",
            "revenue": 303328
        },
        "2003-08": {
            "month": "2003-08",
            "price": "148.31",
            "revenue": 208439
        },
        "2003-09": {
            "month": "2003-09",
            "price": "122.67",
            "revenue": 226529
        },
        "2003-10": {
            "month": "2003-10",
            "price": "123.84",
            "revenue": 216310
        },
        "2003-11": {
            "month": "2003-11",
            "price": "124.02",
            "revenue": 161152
        },
        "2003-12": {
            "month": "2003-12",
            "price": "117.93",
            "revenue": 277458
        },
        "2004-01": {
            "month": "2004-01",
            "price": "121.63",
            "revenue": 227026
        },
        "2004-02": {
            "month": "2004-02",
            "price": "136.80",
            "revenue": 243507
        },
        "2004-03": {
            "month": "2004-03",
            "price": "135.87",
            "revenue": 264853
        },
        "2004-04": {
            "month": "2004-04",
            "price": "124.73",
            "revenue": 200809
        },
        "2004-05": {
            "month": "2004-05",
            "price": "87.02",
            "revenue": 243363
        },
        "2004-06": {
            "month": "2004-06",
            "price": "83.55",
            "revenue": 272972
        },
        "2004-07": {
            "month": "2004-07",
            "price": "74.27",
            "revenue": 247061
        },
        "2004-08": {
            "month": "2004-08",
            "price": "66.92",
            "revenue": 203020
        },
        "2004-09": {
            "month": "2004-09",
            "price": "62.90",
            "revenue": 209591
        },
        "2004-10": {
            "month": "2004-10",
            "price": "51.32",
            "revenue": 202148
        },
        "2004-11": {
            "month": "2004-11",
            "price": "52.68",
            "revenue": 169569
        },
        "2004-12": {
            "month": "2004-12",
            "price": "56.43",
            "revenue": 163753
        },
        "2005-01": {
            "month": "2005-01",
            "price": "62.83",
            "revenue": 252381
        },
        "2005-02": {
            "month": "2005-02",
            "price": "61.88",
            "revenue": 151890
        },
        "2005-03": {
            "month": "2005-03",
            "price": "55.27",
            "revenue": 218597
        },
        "2005-04": {
            "month": "2005-04",
            "price": "45.54",
            "revenue": 225405
        },
        "2005-05": {
            "month": "2005-05",
            "price": "45.42",
            "revenue": 197405
        },
        "2005-06": {
            "month": "2005-06",
            "price": "47.64",
            "revenue": 236446
        },
        "2005-07": {
            "month": "2005-07",
            "price": "46.23",
            "revenue": 288083
        },
        "2005-08": {
            "month": "2005-08",
            "price": "41.51",
            "revenue": 202305
        },
        "2005-09": {
            "month": "2005-09",
            "price": "33.12",
            "revenue": 223772
        },
        "2005-10": {
            "month": "2005-10",
            "price": "36.25",
            "revenue": 303700
        },
        "2005-11": {
            "month": "2005-11",
            "price": "39.46",
            "revenue": 327610
        },
        "2005-12": {
            "month": "2005-12",
            "price": "42.51",
            "revenue": 254477
        },
        "2006-01": {
            "month": "2006-01",
            "price": "45.65",
            "revenue": 328703
        },
        "2006-02": {
            "month": "2006-02",
            "price": "40.46",
            "revenue": 177121
        },
        "2006-03": {
            "month": "2006-03",
            "price": "34.46",
            "revenue": 201251
        },
        "2006-04": {
            "month": "2006-04",
            "price": "32.97",
            "revenue": 262615
        },
        "2006-05": {
            "month": "2006-05",
            "price": "32.19",
            "revenue": 219410
        },
        "2006-06": {
            "month": "2006-06",
            "price": "27.82",
            "revenue": 246530
        },
        "2006-07": {
            "month": "2006-07",
            "price": "26.11",
            "revenue": 282804
        },
        "2006-08": {
            "month": "2006-08",
            "price": "24.53",
            "revenue": 252077
        },
        "2006-09": {
            "month": "2006-09",
            "price": "30.77",
            "revenue": 331349
        },
        "2006-10": {
            "month": "2006-10",
            "price": "42.14",
            "revenue": 345592
        },
        "2006-11": {
            "month": "2006-11",
            "price": "47.86",
            "revenue": 300418
        },
        "2006-12": {
            "month": "2006-12",
            "price": "63.51",
            "revenue": 372125
        },
        "2007-01": {
            "month": "2007-01",
            "price": "72.36",
            "revenue": 338896
        },
        "2007-02": {
            "month": "2007-02",
            "price": "67.23",
            "revenue": 430134
        },
        "2007-03": {
            "month": "2007-03",
            "price": "65.05",
            "revenue": 336425
        },
        "2007-04": {
            "month": "2007-04",
            "price": "74.86",
            "revenue": 340089
        },
        "2007-05": {
            "month": "2007-05",
            "price": "73.22",
            "revenue": 330610
        },
        "2007-06": {
            "month": "2007-06",
            "price": "88.70",
            "revenue": 381805
        },
        "2007-07": {
            "month": "2007-07",
            "price": "101.25",
            "revenue": 413823
        },
        "2007-08": {
            "month": "2007-08",
            "price": "89.51",
            "revenue": 390797
        },
        "2007-09": {
            "month": "2007-09",
            "price": "81.53",
            "revenue": 360043
        },
        "2007-10": {
            "month": "2007-10",
            "price": "81.01",
            "revenue": 338923
        },
        "2007-11": {
            "month": "2007-11",
            "price": "87.59",
            "revenue": 377090
        },
        "2007-12": {
            "month": "2007-12",
            "price": "87.09",
            "revenue": 456140
        },
        "2008-01": {
            "month": "2008-01",
            "price": "76.65",
            "revenue": 462449
        },
        "2008-02": {
            "month": "2008-02",
            "price": "75.79",
            "revenue": 475591
        },
        "2008-03": {
            "month": "2008-03",
            "price": "89.34",
            "revenue": 394472
        },
        "2008-04": {
            "month": "2008-04",
            "price": "95.49",
            "revenue": 384224
        },
        "2008-05": {
            "month": "2008-05",
            "price": "115.26",
            "revenue": 428106
        },
        "2008-06": {
            "month": "2008-06",
            "price": "107.90",
            "revenue": 484229
        },
        "2008-07": {
            "month": "2008-07",
            "price": "100.08",
            "revenue": 540057
        },
        "2008-08": {
            "month": "2008-08",
            "price": "91.35",
            "revenue": 563728
        },
        "2008-09": {
            "month": "2008-09",
            "price": "76.52",
            "revenue": 517231
        },
        "2008-10": {
            "month": "2008-10",
            "price": "65.70",
            "revenue": 541056
        },
        "2008-11": {
            "month": "2008-11",
            "price": "72.00",
            "revenue": 675183
        },
        "2008-12": {
            "month": "2008-12",
            "price": "82.54",
            "revenue": 685032
        },
        "2009-01": {
            "month": "2009-01",
            "price": "81.70",
            "revenue": 736851
        },
        "2009-02": {
            "month": "2009-02",
            "price": "84.55",
            "revenue": 475925
        },
        "2009-03": {
            "month": "2009-03",
            "price": "98.17",
            "revenue": 458053
        },
        "2009-04": {
            "month": "2009-04",
            "price": "118.23",
            "revenue": 500145
        },
        "2009-05": {
            "month": "2009-05",
            "price": "152.67",
            "revenue": 512975
        },
        "2009-06": {
            "month": "2009-06",
            "price": "172.85",
            "revenue": 532772
        },
        "2009-07": {
            "month": "2009-07",
            "price": "193.20",
            "revenue": 542598
        },
        "2009-08": {
            "month": "2009-08",
            "price": "166.02",
            "revenue": 571413
        },
        "2009-09": {
            "month": "2009-09",
            "price": "165.09",
            "revenue": 581049
        },
        "2009-10": {
            "month": "2009-10",
            "price": "166.95",
            "revenue": 571270
        },
        "2009-11": {
            "month": "2009-11",
            "price": "171.17",
            "revenue": 590300
        },
        "2009-12": {
            "month": "2009-12",
            "price": "183.85",
            "revenue": 657314
        },
        "2010-01": {
            "month": "2010-01",
            "price": "185.65",
            "revenue": 700944
        },
        "2010-02": {
            "month": "2010-02",
            "price": "154.21",
            "revenue": 723379
        },
        "2010-03": {
            "month": "2010-03",
            "price": "157.41",
            "revenue": 586044
        },
        "2010-04": {
            "month": "2010-04",
            "price": "161.29",
            "revenue": 602505
        },
        "2010-05": {
            "month": "2010-05",
            "price": "168.71",
            "revenue": 565421
        },
        "2010-06": {
            "month": "2010-06",
            "price": "164.00",
            "revenue": 608687
        },
        "2010-07": {
            "month": "2010-07",
            "price": "158.11",
            "revenue": 680198
        },
        "2010-08": {
            "month": "2010-08",
            "price": "151.84",
            "revenue": 694480
        },
        "2010-09": {
            "month": "2010-09",
            "price": "135.52",
            "revenue": 649954
        },
        "2010-10": {
            "month": "2010-10",
            "price": "128.12",
            "revenue": 638856
        },
        "2010-11": {
            "month": "2010-11",
            "price": "135.14",
            "revenue": 618501
        },
        "2010-12": {
            "month": "2010-12",
            "price": "142.28",
            "revenue": 764592
        },
        "2011-01": {
            "month": "2011-01",
            "price": "136.32",
            "revenue": 763412
        },
        "2011-02": {
            "month": "2011-02",
            "price": "116.21",
            "revenue": 703789
        },
        "2011-03": {
            "month": "2011-03",
            "price": "108.91",
            "revenue": 698928
        },
        "2011-04": {
            "month": "2011-04",
            "price": "115.55",
            "revenue": 627380
        },
        "2011-05": {
            "month": "2011-05",
            "price": "113.40",
            "revenue": 614091
        },
        "2011-06": {
            "month": "2011-06",
            "price": "114.93",
            "revenue": 696409
        },
        "2011-07": {
            "month": "2011-07",
            "price": "115.45",
            "revenue": 607878
        },
        "2011-08": {
            "month": "2011-08",
            "price": "89.74",
            "revenue": 638829
        },
        "2011-09": {
            "month": "2011-09",
            "price": "76.23",
            "revenue": 585655
        },
        "2011-10": {
            "month": "2011-10",
            "price": "70.74",
            "revenue": 607989
        },
        "2011-11": {
            "month": "2011-11",
            "price": "59.88",
            "revenue": 587799
        },
        "2011-12": {
            "month": "2011-12",
            "price": "51.57",
            "revenue": 667003
        },
        "2012-01": {
            "month": "2012-01",
            "price": "53.17",
            "revenue": 795085
        },
        "2012-02": {
            "month": "2012-02",
            "price": "69.55",
            "revenue": 634690
        },
        "2012-03": {
            "month": "2012-03",
            "price": "70.81",
            "revenue": 690014
        },
        "2012-04": {
            "month": "2012-04",
            "price": "67.26",
            "revenue": 680381
        },
        "2012-05": {
            "month": "2012-05",
            "price": "68.67",
            "revenue": 1276514
        },
        "2012-06": {
            "month": "2012-06",
            "price": "77.17",
            "revenue": 1150746
        },
        "2012-07": {
            "month": "2012-07",
            "price": "69.01",
            "revenue": 900545
        },
        "2012-08": {
            "month": "2012-08",
            "price": "63.48",
            "revenue": 675083
        },
        "2012-09": {
            "month": "2012-09",
            "price": "58.92",
            "revenue": 729021
        },
        "2012-10": {
            "month": "2012-10",
            "price": "53.12",
            "revenue": 677719
        },
        "2012-11": {
            "month": "2012-11",
            "price": "45.48",
            "revenue": 700879
        },
        "2012-12": {
            "month": "2012-12",
            "price": "53.91",
            "revenue": 683079
        },
        "2013-01": {
            "month": "2013-01",
            "price": "56.30",
            "revenue": 828302
        },
        "2013-02": {
            "month": "2013-02",
            "price": "52.56",
            "revenue": 989787
        },
        "2013-03": {
            "month": "2013-03",
            "price": "51.17",
            "revenue": 926951
        },
        "2013-04": {
            "month": "2013-04",
            "price": "48.34",
            "revenue": 807415
        },
        "2013-05": {
            "month": "2013-05",
            "price": "52.49",
            "revenue": 824363
        },
        "2013-06": {
            "month": "2013-06",
            "price": "53.06",
            "revenue": 877823
        },
        "2013-07": {
            "month": "2013-07",
            "price": "50.57",
            "revenue": 847965
        },
        "2013-08": {
            "month": "2013-08",
            "price": "61.51",
            "revenue": 903296
        },
        "2013-09": {
            "month": "2013-09",
            "price": "64.51",
            "revenue": 877227
        },
        "2013-10": {
            "month": "2013-10",
            "price": "67.52",
            "revenue": 892791
        },
        "2013-11": {
            "month": "2013-11",
            "price": "59.71",
            "revenue": 1005544
        },
        "2013-12": {
            "month": "2013-12",
            "price": "63.39",
            "revenue": 1255683
        },
        "2014-01": {
            "month": "2014-01",
            "price": "72.26",
            "revenue": 1452388
        },
        "2014-02": {
            "month": "2014-02",
            "price": "77.55",
            "revenue": 1400033
        },
        "2014-03": {
            "month": "2014-03",
            "price": "99.13",
            "revenue": 1644934
        },
        "2014-04": {
            "month": "2014-04",
            "price": "113.47",
            "revenue": 1272098
        },
        "2014-05": {
            "month": "2014-05",
            "price": "112.29",
            "revenue": 1224106
        },
        "2014-06": {
            "month": "2014-06",
            "price": "122.38",
            "revenue": 1136734
        },
        "2014-07": {
            "month": "2014-07",
            "price": "101.45",
            "revenue": 1092476
        },
        "2014-08": {
            "month": "2014-08",
            "price": "95.61",
            "revenue": 1121524
        },
        "2014-09": {
            "month": "2014-09",
            "price": "96.20",
            "revenue": 1059971
        },
        "2014-10": {
            "month": "2014-10",
            "price": "77.61",
            "revenue": 1107199
        },
        "2014-11": {
            "month": "2014-11",
            "price": "82.60",
            "revenue": 1154304
        },
        "2014-12": {
            "month": "2014-12",
            "price": "96.69",
            "revenue": 1314865
        },
        "2015-01": {
            "month": "2015-01",
            "price": "104.40",
            "revenue": 1237919
        },
        "2015-02": {
            "month": "2015-02",
            "price": "95.52",
            "revenue": 1482095
        },
        "2015-03": {
            "month": "2015-03",
            "price": "94.81",
            "revenue": 1329972
        },
        "2015-04": {
            "month": "2015-04",
            "price": "87.79",
            "revenue": 1173220
        },
        "2015-05": {
            "month": "2015-05",
            "price": "81.48",
            "revenue": 1243941
        },
        "2015-06": {
            "month": "2015-06",
            "price": "67.27",
            "revenue": 1126986
        },
        "2015-07": {
            "month": "2015-07",
            "price": "61.40",
            "revenue": 1178101
        },
        "2015-08": {
            "month": "2015-08",
            "price": "47.10",
            "revenue": 1320737
        },
        "2015-09": {
            "month": "2015-09",
            "price": "50.66",
            "revenue": 1132739
        },
        "2015-10": {
            "month": "2015-10",
            "price": "56.05",
            "revenue": 1232702
        },
        "2015-11": {
            "month": "2015-11",
            "price": "60.88",
            "revenue": 1210593
        },
        "2015-12": {
            "month": "2015-12",
            "price": "62.70",
            "revenue": 1341892
        },
        "2016-01": {
            "month": "2016-01",
            "price": "62.22",
            "revenue": 1299595
        },
        "2016-02": {
            "month": "2016-02",
            "price": "70.18",
            "revenue": 1618101
        },
        "2016-03": {
            "month": "2016-03",
            "price": "71.26",
            "revenue": 1389101
        },
        "2016-04": {
            "month": "2016-04",
            "price": "64.84",
            "revenue": 1315375
        },
        "2016-05": {
            "month": "2016-05",
            "price": "58.90",
            "revenue": 1322817
        },
        "2016-06": {
            "month": "2016-06",
            "price": "64.71",
            "revenue": 1364272
        },
        "2016-07": {
            "month": "2016-07",
            "price": "69.30",
            "revenue": 1227055
        },
        "2016-08": {
            "month": "2016-08",
            "price": "69.97",
            "revenue": 1137805
        },
        "2016-09": {
            "month": "2016-09",
            "price": "65.54",
            "revenue": 1103887
        },
        "2016-10": {
            "month": "2016-10",
            "price": "63.70",
            "revenue": 1196396
        },
        "2016-11": {
            "month": "2016-11",
            "price": "61.10",
            "revenue": 1192189
        },
        "2016-12": {
            "month": "2016-12",
            "price": "63.11",
            "revenue": 1358147
        },
        "2017-01": {
            "month": "2017-01",
            "price": "64.92",
            "revenue": 1612427
        },
        "2017-02": {
            "month": "2017-02",
            "price": "63.45",
            "revenue": 1395776
        },
        "2017-03": {
            "month": "2017-03",
            "price": "64.54",
            "revenue": 1414171
        },
        "2017-04": {
            "month": "2017-04",
            "price": "66.40",
            "revenue": 1256845
        },
        "2017-05": {
            "month": "2017-05",
            "price": "78.80",
            "revenue": 1212839
        },
        "2017-06": {
            "month": "2017-06",
            "price": "88.96",
            "revenue": 1230527
        },
        "2017-07": {
            "month": "2017-07",
            "price": "82.40",
            "revenue": 1258198
        },
        "2017-08": {
            "month": "2017-08",
            "price": "74.84",
            "revenue": 1267585
        },
        "2017-09": {
            "month": "2017-09",
            "price": "71.36",
            "revenue": 1225836
        },
        "2017-10": {
            "month": "2017-10",
            "price": "68.16",
            "revenue": 1233324
        },
        "2017-11": {
            "month": "2017-11",
            "price": "71.21",
            "revenue": 1250418
        },
        "2017-12": {
            "month": "2017-12",
            "price": "69.14",
            "revenue": 1254967
        },
        "2018-01": {
            "month": "2018-01",
            "price": "74.39",
            "revenue": 402053
        },
        "2018-02": {
            "month": "2018-02",
            "price": "67.74",
            "revenue": 433849
        },
        "2018-03": {
            "month": "2018-03",
            "price": "68.68",
            "revenue": 412688
        },
        "2018-04": {
            "month": "2018-04",
            "price": "84.53",
            "revenue": 378413
        },
        "2018-05": {
            "month": "2018-05",
            "price": "87.91",
            "revenue": 386537
        },
        "2018-06": {
            "month": "2018-06",
            "price": "81.93",
            "revenue": 408711
        },
        "2018-07": {
            "month": "2018-07",
            "price": "81.95",
            "revenue": 378452
        },
        "2018-08": {
            "month": "2018-08",
            "price": "76.33",
            "revenue": 475691
        },
        "2018-09": {
            "month": "2018-09",
            "price": "71.68",
            "revenue": 540702
        },
        "2018-10": {
            "month": "2018-10",
            "price": "69.53",
            "revenue": 577500
        },
        "2018-11": {
            "month": "2018-11",
            "price": "69.00",
            "revenue": 518715
        },
        "2018-12": {
            "month": "2018-12",
            "price": "68.44",
            "revenue": 607269
        },
        "2019-01": {
            "month": "2019-01",
            "price": "68.02",
            "revenue": 510034
        },
        "2019-02": {
            "month": "2019-02",
            "price": "71.27",
            "revenue": 478035
        },
        "2019-03": {
            "month": "2019-03",
            "price": "72.62",
            "revenue": 507946
        },
        "2019-04": {
            "month": "2019-04",
            "price": "76.12",
            "revenue": 451320
        },
        "2019-05": {
            "month": "2019-05",
            "price": "72.26",
            "revenue": 440466
        },
        "2019-06": {
            "month": "2019-06",
            "price": "71.44",
            "revenue": 463557
        },
        "2019-07": {
            "month": "2019-07",
            "price": "72.81",
            "revenue": 447341
        },
        "2019-08": {
            "month": "2019-08",
            "price": "71.73",
            "revenue": 482043
        },
        "2019-09": {
            "month": "2019-09",
            "price": "79.85",
            "revenue": 514348
        },
        "2019-10": {
            "month": "2019-10",
            "price": "79.17",
            "revenue": 485007
        },
        "2019-11": {
            "month": "2019-11",
            "price": "76.87",
            "revenue": 475855
        },
        "2019-12": {
            "month": "2019-12",
            "price": "79.05",
            "revenue": 478884
        },
        "2020-01": {
            "month": "2020-01",
            "price": "81.62",
            "revenue": 592284
        },
        "2020-02": {
            "month": "2020-02",
            "price": "80.43",
            "revenue": 575224
        },
        "2020-03": {
            "month": "2020-03",
            "price": "72.24",
            "revenue": 747329
        },
        "2020-04": {
            "month": "2020-04",
            "price": "79.99",
            "revenue": 708601
        },
        "2020-05": {
            "month": "2020-05",
            "price": "102.71",
            "revenue": 606255
        },
        "2020-06": {
            "month": "2020-06",
            "price": "107.85",
            "revenue": 572642
        },
        "2020-07": {
            "month": "2020-07",
            "price": "111.12",
            "revenue": 564118
        },
        "2020-08": {
            "month": "2020-08",
            "price": "101.90",
            "revenue": 575411
        },
        "2020-09": {
            "month": "2020-09",
            "price": "89.05",
            "revenue": 614410
        },
        "2020-10": {
            "month": "2020-10",
            "price": "85.19",
            "revenue": 538741
        },
        "2020-11": {
            "month": "2020-11",
            "price": "87.45",
            "revenue": 576278
        },
        "2020-12": {
            "month": "2020-12",
            "price": "94.11",
            "revenue": 593694
        },
        "2021-01": {
            "month": "2021-01",
            "price": "103.80",
            "revenue": 593443
        },
        "2021-02": {
            "month": "2021-02",
            "price": "99.35",
            "revenue": 634999
        },
        "2021-03": {
            "month": "2021-03",
            "price": "109.74",
            "revenue": 602787
        },
        "2021-04": {
            "month": "2021-04",
            "price": "116.74",
            "revenue": 562202
        },
        "2021-05": {
            "month": "2021-05",
            "price": "107.61",
            "revenue": 547292
        },
        "2021-06": {
            "month": "2021-06",
            "price": "105.50",
            "revenue": 711553
        },
        "2021-07": {
            "month": "2021-07",
            "price": "104.98",
            "revenue": 521164
        },
        "2021-08": {
            "month": "2021-08",
            "price": "99.49",
            "revenue": 513517
        },
        "2021-09": {
            "month": "2021-09",
            "price": "89.86",
            "revenue": 549230
        },
        "2021-10": {
            "month": "2021-10",
            "price": "88.38",
            "revenue": 512460
        },
        "2021-11": {
            "month": "2021-11",
            "price": "93.95",
            "revenue": 457006
        },
        "2021-12": {
            "month": "2021-12",
            "price": "96.75",
            "revenue": 497231
        },
        "2022-01": {
            "month": "2022-01",
            "price": "94.59",
            "revenue": 541461
        },
        "2022-02": {
            "month": "2022-02",
            "price": "93.71",
            "revenue": 496981
        },
        "2022-03": {
            "month": "2022-03",
            "price": "91.81",
            "revenue": 456184
        },
        "2022-04": {
            "month": "2022-04",
            "price": "89.56",
            "revenue": 469689
        },
        "2022-05": {
            "month": "2022-05",
            "price": "83.23",
            "revenue": 483393
        },
        "2022-06": {
            "month": "2022-06",
            "price": "79.90",
            "revenue": 473076
        },
        "2022-07": {
            "month": "2022-07",
            "price": "74.92",
            "revenue": 444900
        },
        "2022-08": {
            "month": "2022-08",
            "price": "75.60",
            "revenue": 438961
        },
        "2022-09": {
            "month": "2022-09",
            "price": "74.32",
            "revenue": 640487
        },
        "2022-10": {
            "month": "2022-10",
            "price": "71.81",
            "revenue": 526762
        },
        "2022-11": {
            "month": "2022-11",
            "price": "74.29",
            "revenue": 564411
        },
        "2022-12": {
            "month": "2022-12",
            "price": "77.86",
            "revenue": 549912
        },
        "2023-01": {
            "month": "2023-01",
            "price": "81.00",
            "revenue": 672433
        },
        "2023-02": {
            "month": "2023-02",
            "price": "80.88",
            "revenue": 495659
        },
        "2023-03": {
            "month": "2023-03",
            "price": "87.62",
            "revenue": 486018
        },
        "2023-04": {
            "month": "2023-04",
            "price": "95.53",
            "revenue": 524202
        },
        "2023-05": {
            "month": "2023-05",
            "price": "95.23",
            "revenue": 503538
        },
        "2023-06": {
            "month": "2023-06",
            "price": "103.78",
            "revenue": 543410
        },
        "2023-07": {
            "month": "2023-07",
            "price": "98.96",
            "revenue": 479526
        },
        "2023-08": {
            "month": "2023-08",
            "price": "97.11",
            "revenue": 478978
        },
        "2023-09": {
            "month": "2023-09",
            "price": "96.99",
            "revenue": 510646
        },
        "2023-10": {
            "month": "2023-10",
            "price": "94.94",
            "revenue": 456969
        },
        "2023-11": {
            "month": "2023-11",
            "price": "110.12",
            "revenue": 520848
        },
        "2023-12": {
            "month": "2023-12",
            "price": "176.05",
            "revenue": 580194
        }
    }
}
