{
    "summary": {
        "stock_name": "統盟",
        "stock_id": "5480",
        "category": "電子零組件",
        "main_business": "雙面及多層印刷電路板之製造、加工及買賣。",
        "website_url": "",
        "ceo": "林大明",
        "pe_ratio": 9,
        "report_year_from": 2001,
        "report_year_to": 2018,
        "age": 23,
        "eps_negative_percentage": 28,
        "eps_growth_avg": {
            "last_all": -23.2,
            "last_2y": 23.66,
            "last_4y": -2.69,
            "last_8y": -1.87,
            "last_12y": -11.69,
            "last_16y": -23.2,
            "last_20y": null,
            "at_2006_last_3y": -100,
            "at_2007_last_3y": -100,
            "at_2008_last_3y": -100,
            "at_2009_last_3y": -100,
            "at_2010_last_3y": -64.72,
            "at_2011_last_3y": -51.26,
            "at_2012_last_3y": -0.84,
            "at_2013_last_3y": -0.85,
            "at_2014_last_3y": -5.29,
            "at_2015_last_3y": 3.67,
            "at_2016_last_3y": -19.08,
            "at_2017_last_3y": -28.36,
            "at_2018_last_3y": 8.43,
            "at_2019_last_3y": 8.43,
            "at_2020_last_3y": 8.43,
            "at_2021_last_3y": 8.43,
            "at_2022_last_3y": 8.43,
            "at_2023_last_3y": 8.43,
            "at_2024_last_3y": 8.43,
            "at_2006_last_all": -80.78,
            "at_2007_last_all": -87.19,
            "at_2008_last_all": -87.19,
            "at_2009_last_all": -87.19,
            "at_2010_last_all": -72.75,
            "at_2011_last_all": -72.82,
            "at_2012_last_all": -44.02,
            "at_2013_last_all": -37.85,
            "at_2014_last_all": -39.02,
            "at_2015_last_all": -38.83,
            "at_2016_last_all": -34.04,
            "at_2017_last_all": -34.4,
            "at_2018_last_all": -23.2,
            "at_2019_last_all": -23.2,
            "at_2020_last_all": -23.2,
            "at_2021_last_all": -23.2,
            "at_2022_last_all": -23.2,
            "at_2023_last_all": -23.2,
            "at_2024_last_all": -23.2
        },
        "latest_eps": 1.71,
        "latest_price": 15.4,
        "latest_roe": 7.67,
        "latest_gross_margin": 15.67,
        "latest_equity": 3768364,
        "latest_revenue": 1630682,
        "latest_gross_profit": 255540,
        "latest_net_income": 92575,
        "latest_debt_ratio": 53.21,
        "latest_current_ratio": 142.87,
        "latest_account_receivable_turnover_ratio": 0.72,
        "latest_inventory_turnover_ratio": 2.56,
        "latest_reinvestment_rate": -78.32,
        "latest_research_to_sale_ratio": null
    },
    "eps_dividends": {
        "1999": {
            "cash": 2,
            "stock": 1,
            "eps": 0
        },
        "2001": {
            "cash": 0.12,
            "stock": 1,
            "eps": 2.55
        },
        "2002": {
            "cash": 0,
            "stock": 0,
            "eps": 0.98
        },
        "2003": {
            "cash": 0.5,
            "stock": 0,
            "eps": -0.3
        },
        "2004": {
            "cash": 0,
            "stock": 0.5,
            "eps": -3.06
        },
        "2005": {
            "cash": 0,
            "stock": 0,
            "eps": -0.33
        },
        "2006": {
            "cash": 0,
            "stock": 0,
            "eps": 1.41
        },
        "2007": {
            "cash": 0,
            "stock": 0,
            "eps": -1.41
        },
        "2008": {
            "cash": 0,
            "stock": 0,
            "eps": -3.77
        },
        "2009": {
            "cash": 0,
            "stock": 0,
            "eps": 3.16
        },
        "2010": {
            "cash": 0.32,
            "stock": 0.9,
            "eps": 2.23
        },
        "2011": {
            "cash": 1.1,
            "stock": 0,
            "eps": 0.6
        },
        "2012": {
            "cash": 0,
            "stock": 0,
            "eps": 3.38
        },
        "2013": {
            "cash": 2,
            "stock": 0,
            "eps": 3.35
        },
        "2014": {
            "cash": 2,
            "stock": 0,
            "eps": 1.77
        },
        "2015": {
            "cash": 1,
            "stock": 0,
            "eps": 1.11
        },
        "2016": {
            "cash": 0.5,
            "stock": 0,
            "eps": 1.21
        },
        "2017": {
            "cash": 0.5,
            "stock": 0,
            "eps": 0.75
        },
        "2018": {
            "cash": 0.5,
            "stock": 0,
            "eps": 1.63
        }
    },
    "dividends": {
        "1999-05-12": {
            "cash": 2,
            "stock": 1
        },
        "2001-03-28": {
            "cash": 0.12,
            "stock": 1
        },
        "2003-07-31": {
            "cash": 0.5,
            "stock": 0
        },
        "2004-02-28": {
            "cash": 0,
            "stock": 0.5
        },
        "2010-04-29": {
            "cash": 0.32,
            "stock": 0.9
        },
        "2011-03-24": {
            "cash": 1.1,
            "stock": 0
        },
        "2013-07-31": {
            "cash": 2,
            "stock": 0
        },
        "2014-07-31": {
            "cash": 2,
            "stock": 0
        },
        "2015-07-31": {
            "cash": 1,
            "stock": 0
        },
        "2016-04-26": {
            "cash": 0.5,
            "stock": 0
        },
        "2017-04-28": {
            "cash": 0.5,
            "stock": 0
        },
        "2018-10-19": {
            "cash": 0.5,
            "stock": 0
        }
    },
    "prices": {
        "200101": "無",
        "200102": "無",
        "200103": "無",
        "200104": "26.31",
        "200105": "23.73",
        "200106": "20.94",
        "200107": "17.56",
        "200108": "19.61",
        "200109": "14.88",
        "200110": "14.87",
        "200111": "18.24",
        "200112": "24.64",
        "200201": "28.91",
        "200202": "29.82",
        "200203": "28.89",
        "200204": "27.01",
        "200205": "24.50",
        "200206": "23.25",
        "200207": "19.43",
        "200208": "14.50",
        "200209": "13.67",
        "200210": "13.01",
        "200211": "13.21",
        "200212": "12.27",
        "200301": "12.09",
        "200302": "11.44",
        "200303": "10.25",
        "200304": "9.62",
        "200305": "8.62",
        "200306": "9.74",
        "200307": "10.43",
        "200308": "9.72",
        "200309": "9.21",
        "200310": "9.29",
        "200311": "9.87",
        "200312": "9.62",
        "200401": "9.81",
        "200402": "10.78",
        "200403": "10.71",
        "200404": "10.22",
        "200405": "8.17",
        "200406": "8.17",
        "200407": "7.47",
        "200408": "6.77",
        "200409": "6.26",
        "200410": "5.66",
        "200411": "5.34",
        "200412": "4.30",
        "200501": "4.03",
        "200502": "4.02",
        "200503": "3.91",
        "200504": "4.23",
        "200505": "4.58",
        "200506": "4.52",
        "200507": "4.56",
        "200508": "4.41",
        "200509": "5.21",
        "200510": "5.25",
        "200511": "5.89",
        "200512": "7.29",
        "200601": "10.08",
        "200602": "13.84",
        "200603": "14.02",
        "200604": "15.59",
        "200605": "15.08",
        "200606": "11.27",
        "200607": "9.62",
        "200608": "9.67",
        "200609": "9.35",
        "200610": "11.22",
        "200611": "12.83",
        "200612": "13.07",
        "200701": "12.93",
        "200702": "12.87",
        "200703": "12.84",
        "200704": "12.76",
        "200705": "12.35",
        "200706": "12.22",
        "200707": "13.15",
        "200708": "11.58",
        "200709": "9.82",
        "200710": "8.79",
        "200711": "7.16",
        "200712": "6.89",
        "200801": "5.66",
        "200802": "5.28",
        "200803": "6.09",
        "200804": "6.76",
        "200805": "5.89",
        "200806": "4.50",
        "200807": "4.80",
        "200808": "4.35",
        "200809": "4.46",
        "200810": "4.51",
        "200811": "3.36",
        "200812": "2.57",
        "200901": "2.97",
        "200902": "3.25",
        "200903": "3.54",
        "200904": "5.24",
        "200905": "5.78",
        "200906": "7.47",
        "200907": "7.82",
        "200908": "10.62",
        "200909": "16.18",
        "200910": "25.24",
        "200911": "25.81",
        "200912": "33.01",
        "201001": "34.04",
        "201002": "32.70",
        "201003": "35.16",
        "201004": "36.47",
        "201005": "34.13",
        "201006": "32.04",
        "201007": "33.01",
        "201008": "32.27",
        "201009": "27.15",
        "201010": "23.25",
        "201011": "19.58",
        "201012": "21.07",
        "201101": "19.61",
        "201102": "17.79",
        "201103": "16.79",
        "201104": "16.07",
        "201105": "14.60",
        "201106": "14.17",
        "201107": "12.01",
        "201108": "9.88",
        "201109": "8.87",
        "201110": "8.87",
        "201111": "9.34",
        "201112": "8.57",
        "201201": "8.56",
        "201202": "13.03",
        "201203": "15.25",
        "201204": "17.41",
        "201205": "18.83",
        "201206": "18.01",
        "201207": "17.73",
        "201208": "20.35",
        "201209": "20.84",
        "201210": "19.75",
        "201211": "19.94",
        "201212": "19.52",
        "201301": "19.21",
        "201302": "19.81",
        "201303": "20.42",
        "201304": "21.66",
        "201305": "21.82",
        "201306": "21.32",
        "201307": "19.51",
        "201308": "20.12",
        "201309": "20.22",
        "201310": "20.82",
        "201311": "20.37",
        "201312": "20.52",
        "201401": "21.40",
        "201402": "20.61",
        "201403": "21.75",
        "201404": "23.27",
        "201405": "22.00",
        "201406": "21.46",
        "201407": "18.89",
        "201408": "18.09",
        "201409": "17.87",
        "201410": "16.10",
        "201411": "15.98",
        "201412": "17.37",
        "201501": "17.25",
        "201502": "17.20",
        "201503": "17.58",
        "201504": "17.20",
        "201505": "15.52",
        "201506": "13.85",
        "201507": "12.08",
        "201508": "10.84",
        "201509": "11.26",
        "201510": "12.10",
        "201511": "11.77",
        "201512": "10.90",
        "201601": "10.21",
        "201602": "10.67",
        "201603": "11.32",
        "201604": "11.04",
        "201605": "10.10",
        "201606": "10.25",
        "201607": "10.20",
        "201608": "11.58",
        "201609": "12.53",
        "201610": "12.20",
        "201611": "12.01",
        "201612": "13.03",
        "201701": "13.08",
        "201702": "13.92",
        "201703": "13.90",
        "201704": "13.07",
        "201705": "12.32",
        "201706": "12.15",
        "201707": "11.97",
        "201708": "11.67",
        "201709": "12.52",
        "201710": "12.37",
        "201711": "12.28",
        "201712": "11.99",
        "201801": "12.09",
        "201802": "11.59",
        "201803": "11.65",
        "201804": "12.09",
        "201805": "11.97",
        "201806": "12.40",
        "201807": "12.30",
        "201808": "13.41",
        "201809": "14.07",
        "201810": "12.36",
        "201811": "13.20",
        "201812": "15.07",
        "201901": "15.33",
        "201902": "15.41",
        "201903": "15.41",
        "201904": "無",
        "201905": "無",
        "201906": "無",
        "201907": "無",
        "201908": "無",
        "201909": "無",
        "201910": "無",
        "201911": "無",
        "201912": "無",
        "202001": "無",
        "202002": "無",
        "202003": "無",
        "202004": "無",
        "202005": "無",
        "202006": "無",
        "202007": "無",
        "202008": "無",
        "202009": "無",
        "202010": "無",
        "202011": "無",
        "202012": "無",
        "202101": "無",
        "202102": "無",
        "202103": "無",
        "202104": "無",
        "202105": "無",
        "202106": "無",
        "202107": "無",
        "202108": "無",
        "202109": "無",
        "202110": "無",
        "202111": "無",
        "202112": "無",
        "202201": "無",
        "202202": "無",
        "202203": "無",
        "202204": "無",
        "202205": "無",
        "202206": "無",
        "202207": "無",
        "202208": "無",
        "202209": "無",
        "202210": "無",
        "202211": "無",
        "202212": "無",
        "202301": "無",
        "202302": "無",
        "202303": "無",
        "202304": "無",
        "202305": "無",
        "202306": "無",
        "202307": "無",
        "202308": "無",
        "202309": "無",
        "202310": "無",
        "202311": "無",
        "202312": "無",
        "202401": "無",
        "202402": "無",
        "202403": "無",
        "202404": "無"
    },
    "quarters": {
        "20011": {
            "year_quarter": 20011,
            "year": 2001,
            "quarter": 1,
            "eps": 0.67,
            "eps_growth_year": null,
            "eps_4q": 2.55,
            "eps_4q_growth_year": null,
            "roe": 4.72,
            "roe_4q": 4.72,
            "gross_profit": 74244,
            "gross_margin": 13.19,
            "gross_margin_4q_avg": 13.19,
            "net_income": 39218,
            "net_income_4q": null,
            "revenue": 563033,
            "revenue_4q": null,
            "common_shares": 581152,
            "book_valuer_per_share": 14.64,
            "book_valuer_per_share_4q_avg": 14.64,
            "equity": 850634,
            "current_ratio": 109.44,
            "debt_ratio": 53.68,
            "inventory_turnover_ratio": 5.15,
            "account_receivable_turnover_ratio": null,
            "reinvestment_rate": null,
            "research_to_sale_ratio": null,
            "price_fair": 0,
            "eps_avg_yearly": 0,
            "eps_latest_yearly": 0,
            "eps_growth_yearly": 0
        },
        "20012": {
            "year_quarter": 20012,
            "year": 2001,
            "quarter": 2,
            "eps": 0.37,
            "eps_growth_year": -7.5,
            "eps_4q": 2.52,
            "eps_4q_growth_year": null,
            "roe": 2.53,
            "roe_4q": 7.25,
            "gross_profit": 42515,
            "gross_margin": 11.63,
            "gross_margin_4q_avg": 12.41,
            "net_income": 21663,
            "net_income_4q": null,
            "revenue": 365702,
            "revenue_4q": null,
            "common_shares": 581152,
            "book_valuer_per_share": 14.87,
            "book_valuer_per_share_4q_avg": 14.76,
            "equity": 863914,
            "current_ratio": 107.25,
            "debt_ratio": 46.62,
            "inventory_turnover_ratio": 4.32,
            "account_receivable_turnover_ratio": null,
            "reinvestment_rate": null,
            "research_to_sale_ratio": null,
            "price_fair": 0,
            "eps_avg_yearly": 0,
            "eps_latest_yearly": 0,
            "eps_growth_yearly": 0
        },
        "20013": {
            "year_quarter": 20013,
            "year": 2001,
            "quarter": 3,
            "eps": 0.87,
            "eps_growth_year": 58.18,
            "eps_4q": 2.58,
            "eps_4q_growth_year": null,
            "roe": 6.06,
            "roe_4q": 13.309999999999999,
            "gross_profit": 104349,
            "gross_margin": 17.22,
            "gross_margin_4q_avg": 14.01,
            "net_income": 58963,
            "net_income_4q": null,
            "revenue": 605973,
            "revenue_4q": null,
            "common_shares": 742757,
            "book_valuer_per_share": 14.58,
            "book_valuer_per_share_4q_avg": 14.7,
            "equity": 1082877,
            "current_ratio": 130.34,
            "debt_ratio": 43.04,
            "inventory_turnover_ratio": 6.29,
            "account_receivable_turnover_ratio": null,
            "reinvestment_rate": null,
            "research_to_sale_ratio": null,
            "price_fair": 0,
            "eps_avg_yearly": 0,
            "eps_latest_yearly": 0,
            "eps_growth_yearly": 0
        },
        "20014": {
            "year_quarter": 20014,
            "year": 2001,
            "quarter": 4,
            "eps": 0.64,
            "eps_growth_year": -32.63,
            "eps_4q": 2.42,
            "eps_4q_growth_year": 35.17,
            "roe": 3.91,
            "roe_4q": 17.22,
            "gross_profit": 80113,
            "gross_margin": 12.69,
            "gross_margin_4q_avg": 13.68,
            "net_income": 43210,
            "net_income_4q": null,
            "revenue": 631121,
            "revenue_4q": null,
            "common_shares": 742757,
            "book_valuer_per_share": 15.16,
            "book_valuer_per_share_4q_avg": 14.81,
            "equity": 1126087,
            "current_ratio": 133.45,
            "debt_ratio": 44.92,
            "inventory_turnover_ratio": 5.09,
            "account_receivable_turnover_ratio": null,
            "reinvestment_rate": null,
            "research_to_sale_ratio": null,
            "price_fair": 0,
            "eps_avg_yearly": 0,
            "eps_latest_yearly": 0,
            "eps_growth_yearly": 0
        },
        "20021": {
            "year_quarter": 20021,
            "year": 2002,
            "quarter": 1,
            "eps": 0.61,
            "eps_growth_year": -8.96,
            "eps_4q": 2.28,
            "eps_4q_growth_year": -10.57,
            "roe": 3.93,
            "roe_4q": 16.43,
            "gross_profit": 86256,
            "gross_margin": 15.63,
            "gross_margin_4q_avg": 14.29,
            "net_income": 45157,
            "net_income_4q": null,
            "revenue": 551691,
            "revenue_4q": null,
            "common_shares": 742757,
            "book_valuer_per_share": 15.77,
            "book_valuer_per_share_4q_avg": 15.1,
            "equity": 1171244,
            "current_ratio": 147.36,
            "debt_ratio": 39.52,
            "inventory_turnover_ratio": 4.77,
            "account_receivable_turnover_ratio": null,
            "reinvestment_rate": null,
            "research_to_sale_ratio": null,
            "price_fair": 7.32,
            "eps_avg_yearly": 2.44,
            "eps_latest_yearly": 2.44,
            "eps_growth_yearly": -18.75
        },
        "20022": {
            "year_quarter": 20022,
            "year": 2002,
            "quarter": 2,
            "eps": 0,
            "eps_growth_year": -100,
            "eps_4q": 1.98,
            "eps_4q_growth_year": -21.58,
            "roe": -0.03,
            "roe_4q": 13.870000000000001,
            "gross_profit": 36449,
            "gross_margin": 9.98,
            "gross_margin_4q_avg": 13.88,
            "net_income": -344,
            "net_income_4q": null,
            "revenue": 365355,
            "revenue_4q": null,
            "common_shares": 742757,
            "book_valuer_per_share": 15.53,
            "book_valuer_per_share_4q_avg": 15.26,
            "equity": 1153161,
            "current_ratio": 148.5,
            "debt_ratio": 36.47,
            "inventory_turnover_ratio": 3.82,
            "account_receivable_turnover_ratio": null,
            "reinvestment_rate": null,
            "research_to_sale_ratio": null,
            "price_fair": 7.32,
            "eps_avg_yearly": 2.44,
            "eps_latest_yearly": 2.44,
            "eps_growth_yearly": -18.75
        },
        "20023": {
            "year_quarter": 20023,
            "year": 2002,
            "quarter": 3,
            "eps": 0.22,
            "eps_growth_year": -74.71,
            "eps_4q": 1.24,
            "eps_4q_growth_year": -52,
            "roe": 1.64,
            "roe_4q": 9.45,
            "gross_profit": 46273,
            "gross_margin": 9.76,
            "gross_margin_4q_avg": 12.02,
            "net_income": 19010,
            "net_income_4q": null,
            "revenue": 473887,
            "revenue_4q": null,
            "common_shares": 868778,
            "book_valuer_per_share": 13.49,
            "book_valuer_per_share_4q_avg": 14.99,
            "equity": 1172172,
            "current_ratio": 140.5,
            "debt_ratio": 34.99,
            "inventory_turnover_ratio": 4.58,
            "account_receivable_turnover_ratio": null,
            "reinvestment_rate": null,
            "research_to_sale_ratio": null,
            "price_fair": 7.32,
            "eps_avg_yearly": 2.44,
            "eps_latest_yearly": 2.44,
            "eps_growth_yearly": -18.75
        },
        "20024": {
            "year_quarter": 20024,
            "year": 2002,
            "quarter": 4,
            "eps": 0.15,
            "eps_growth_year": -76.56,
            "eps_4q": 0.86,
            "eps_4q_growth_year": -64.23,
            "roe": 1.14,
            "roe_4q": 6.68,
            "gross_profit": 42077,
            "gross_margin": 8.59,
            "gross_margin_4q_avg": 10.99,
            "net_income": 13411,
            "net_income_4q": null,
            "revenue": 490119,
            "revenue_4q": null,
            "common_shares": 868778,
            "book_valuer_per_share": 13.64,
            "book_valuer_per_share_4q_avg": 14.61,
            "equity": 1185314,
            "current_ratio": 133.15,
            "debt_ratio": 36.47,
            "inventory_turnover_ratio": 5.32,
            "account_receivable_turnover_ratio": null,
            "reinvestment_rate": null,
            "research_to_sale_ratio": null,
            "price_fair": 4.56,
            "eps_avg_yearly": 1.52,
            "eps_latest_yearly": 0.6,
            "eps_growth_yearly": -73.01
        },
        "20031": {
            "year_quarter": 20031,
            "year": 2003,
            "quarter": 1,
            "eps": 0.11,
            "eps_growth_year": -81.97,
            "eps_4q": 0.47,
            "eps_4q_growth_year": -79.53,
            "roe": 0.83,
            "roe_4q": 3.5799999999999996,
            "gross_profit": 41275,
            "gross_margin": 8.27,
            "gross_margin_4q_avg": 9.15,
            "net_income": 9875,
            "net_income_4q": null,
            "revenue": 498891,
            "revenue_4q": null,
            "common_shares": 868778,
            "book_valuer_per_share": 13.76,
            "book_valuer_per_share_4q_avg": 14.11,
            "equity": 1195183,
            "current_ratio": 125.13,
            "debt_ratio": 36.91,
            "inventory_turnover_ratio": 5.97,
            "account_receivable_turnover_ratio": null,
            "reinvestment_rate": null,
            "research_to_sale_ratio": null,
            "price_fair": 3.48,
            "eps_avg_yearly": 1.16,
            "eps_latest_yearly": 0.44,
            "eps_growth_yearly": -84.23
        },
        "20032": {
            "year_quarter": 20032,
            "year": 2003,
            "quarter": 2,
            "eps": -0.15,
            "eps_growth_year": null,
            "eps_4q": 0.33,
            "eps_4q_growth_year": -83.13,
            "roe": -1.14,
            "roe_4q": 2.4699999999999998,
            "gross_profit": 17729,
            "gross_margin": 4.33,
            "gross_margin_4q_avg": 7.74,
            "net_income": -13294,
            "net_income_4q": null,
            "revenue": 409117,
            "revenue_4q": null,
            "common_shares": 868778,
            "book_valuer_per_share": 13.06,
            "book_valuer_per_share_4q_avg": 13.49,
            "equity": 1134965,
            "current_ratio": 108.67,
            "debt_ratio": 38.06,
            "inventory_turnover_ratio": 4.67,
            "account_receivable_turnover_ratio": null,
            "reinvestment_rate": null,
            "research_to_sale_ratio": null,
            "price_fair": 3.48,
            "eps_avg_yearly": 1.16,
            "eps_latest_yearly": 0.44,
            "eps_growth_yearly": -84.23
        },
        "20033": {
            "year_quarter": 20033,
            "year": 2003,
            "quarter": 3,
            "eps": 0.23,
            "eps_growth_year": 4.55,
            "eps_4q": 0.35,
            "eps_4q_growth_year": -72.03,
            "roe": 1.73,
            "roe_4q": 2.5599999999999996,
            "gross_profit": 50365,
            "gross_margin": 9.22,
            "gross_margin_4q_avg": 7.6,
            "net_income": 19731,
            "net_income_4q": null,
            "revenue": 546468,
            "revenue_4q": null,
            "common_shares": 868778,
            "book_valuer_per_share": 13.27,
            "book_valuer_per_share_4q_avg": 13.43,
            "equity": 1152573,
            "current_ratio": 100.49,
            "debt_ratio": 43.86,
            "inventory_turnover_ratio": 5.33,
            "account_receivable_turnover_ratio": null,
            "reinvestment_rate": null,
            "research_to_sale_ratio": null,
            "price_fair": 3.48,
            "eps_avg_yearly": 1.16,
            "eps_latest_yearly": 0.44,
            "eps_growth_yearly": -84.23
        },
        "20034": {
            "year_quarter": 20034,
            "year": 2003,
            "quarter": 4,
            "eps": -0.49,
            "eps_growth_year": -426.67,
            "eps_4q": -0.3,
            "eps_4q_growth_year": -134.73,
            "roe": -3.74,
            "roe_4q": -2.3200000000000003,
            "gross_profit": 5754,
            "gross_margin": 1.25,
            "gross_margin_4q_avg": 5.77,
            "net_income": -42387,
            "net_income_4q": null,
            "revenue": 458683,
            "revenue_4q": null,
            "common_shares": 868778,
            "book_valuer_per_share": 12.81,
            "book_valuer_per_share_4q_avg": 13.23,
            "equity": 1112735,
            "current_ratio": 113.06,
            "debt_ratio": 48.4,
            "inventory_turnover_ratio": 4.56,
            "account_receivable_turnover_ratio": null,
            "reinvestment_rate": 87.62,
            "research_to_sale_ratio": null,
            "price_fair": 3.48,
            "eps_avg_yearly": 1.16,
            "eps_latest_yearly": 0.44,
            "eps_growth_yearly": -84.23
        },
        "20041": {
            "year_quarter": 20041,
            "year": 2004,
            "quarter": 1,
            "eps": -0.55,
            "eps_growth_year": -600,
            "eps_4q": -0.96,
            "eps_4q_growth_year": -306.1,
            "roe": -4.4,
            "roe_4q": -7.55,
            "gross_profit": -17697,
            "gross_margin": -4.36,
            "gross_margin_4q_avg": 2.61,
            "net_income": -47862,
            "net_income_4q": null,
            "revenue": 405815,
            "revenue_4q": null,
            "common_shares": 868778,
            "book_valuer_per_share": 12.26,
            "book_valuer_per_share_4q_avg": 12.85,
            "equity": 1064788,
            "current_ratio": 85.49,
            "debt_ratio": 49.11,
            "inventory_turnover_ratio": 3.56,
            "account_receivable_turnover_ratio": null,
            "reinvestment_rate": 98.71,
            "research_to_sale_ratio": null,
            "price_fair": 3.48,
            "eps_avg_yearly": 1.16,
            "eps_latest_yearly": 0.44,
            "eps_growth_yearly": -84.23
        },
        "20042": {
            "year_quarter": 20042,
            "year": 2004,
            "quarter": 2,
            "eps": -1.07,
            "eps_growth_year": null,
            "eps_4q": -1.89,
            "eps_4q_growth_year": -664.78,
            "roe": -9.19,
            "roe_4q": -15.599999999999998,
            "gross_profit": -34822,
            "gross_margin": -12.23,
            "gross_margin_4q_avg": -1.53,
            "net_income": -93279,
            "net_income_4q": null,
            "revenue": 284746,
            "revenue_4q": null,
            "common_shares": 868778,
            "book_valuer_per_share": 11.11,
            "book_valuer_per_share_4q_avg": 12.36,
            "equity": 964875,
            "current_ratio": 76.54,
            "debt_ratio": 49.46,
            "inventory_turnover_ratio": 2.15,
            "account_receivable_turnover_ratio": null,
            "reinvestment_rate": 71.52,
            "research_to_sale_ratio": null,
            "price_fair": 3.48,
            "eps_avg_yearly": 1.16,
            "eps_latest_yearly": 0.44,
            "eps_growth_yearly": -84.23
        },
        "20043": {
            "year_quarter": 20043,
            "year": 2004,
            "quarter": 3,
            "eps": -0.69,
            "eps_growth_year": -400,
            "eps_4q": -2.7,
            "eps_4q_growth_year": -878.86,
            "roe": -6.76,
            "roe_4q": -24.090000000000003,
            "gross_profit": -20656,
            "gross_margin": -4.44,
            "gross_margin_4q_avg": -4.95,
            "net_income": -62891,
            "net_income_4q": null,
            "revenue": 465205,
            "revenue_4q": null,
            "common_shares": 913147,
            "book_valuer_per_share": 9.82,
            "book_valuer_per_share_4q_avg": 11.5,
            "equity": 896907,
            "current_ratio": 77.15,
            "debt_ratio": 54.54,
            "inventory_turnover_ratio": 3.08,
            "account_receivable_turnover_ratio": null,
            "reinvestment_rate": 81.28,
            "research_to_sale_ratio": null,
            "price_fair": 3.48,
            "eps_avg_yearly": 1.16,
            "eps_latest_yearly": 0.44,
            "eps_growth_yearly": -84.23
        },
        "20044": {
            "year_quarter": 20044,
            "year": 2004,
            "quarter": 4,
            "eps": -0.75,
            "eps_growth_year": null,
            "eps_4q": -2.91,
            "eps_4q_growth_year": null,
            "roe": -6.96,
            "roe_4q": -27.309999999999995,
            "gross_profit": 7033,
            "gross_margin": 1.42,
            "gross_margin_4q_avg": -4.9,
            "net_income": -66329,
            "net_income_4q": null,
            "revenue": 493949,
            "revenue_4q": null,
            "common_shares": 913147,
            "book_valuer_per_share": 9.34,
            "book_valuer_per_share_4q_avg": 10.63,
            "equity": 1007855,
            "current_ratio": 87.96,
            "debt_ratio": 58.42,
            "inventory_turnover_ratio": 3.21,
            "account_receivable_turnover_ratio": null,
            "reinvestment_rate": null,
            "research_to_sale_ratio": null,
            "price_fair": 3.48,
            "eps_avg_yearly": 1.16,
            "eps_latest_yearly": 0.44,
            "eps_growth_yearly": -84.23
        },
        "20051": {
            "year_quarter": 20051,
            "year": 2005,
            "quarter": 1,
            "eps": -0.78,
            "eps_growth_year": null,
            "eps_4q": -3.21,
            "eps_4q_growth_year": null,
            "roe": -7.97,
            "roe_4q": -30.879999999999995,
            "gross_profit": -4803,
            "gross_margin": -1.38,
            "gross_margin_4q_avg": -4.16,
            "net_income": -71282,
            "net_income_4q": null,
            "revenue": 349139,
            "revenue_4q": null,
            "common_shares": 913147,
            "book_valuer_per_share": 8.56,
            "book_valuer_per_share_4q_avg": 9.71,
            "equity": 781571,
            "current_ratio": 109.64,
            "debt_ratio": 56.13,
            "inventory_turnover_ratio": 2.73,
            "account_receivable_turnover_ratio": null,
            "reinvestment_rate": null,
            "research_to_sale_ratio": null,
            "price_fair": 3.48,
            "eps_avg_yearly": 1.16,
            "eps_latest_yearly": 0.44,
            "eps_growth_yearly": -84.23
        },
        "20052": {
            "year_quarter": 20052,
            "year": 2005,
            "quarter": 2,
            "eps": -0.54,
            "eps_growth_year": null,
            "eps_4q": -2.74,
            "eps_4q_growth_year": null,
            "roe": -6.46,
            "roe_4q": -28.15,
            "gross_profit": 9173,
            "gross_margin": 2.46,
            "gross_margin_4q_avg": -0.49,
            "net_income": -49448,
            "net_income_4q": null,
            "revenue": 372294,
            "revenue_4q": null,
            "common_shares": 913147,
            "book_valuer_per_share": 8.19,
            "book_valuer_per_share_4q_avg": 8.98,
            "equity": 748159,
            "current_ratio": 108,
            "debt_ratio": 57.8,
            "inventory_turnover_ratio": 3.15,
            "account_receivable_turnover_ratio": null,
            "reinvestment_rate": null,
            "research_to_sale_ratio": null,
            "price_fair": 3.48,
            "eps_avg_yearly": 1.16,
            "eps_latest_yearly": 0.44,
            "eps_growth_yearly": -84.23
        },
        "20053": {
            "year_quarter": 20053,
            "year": 2005,
            "quarter": 3,
            "eps": 0.15,
            "eps_growth_year": null,
            "eps_4q": -1.94,
            "eps_4q_growth_year": null,
            "roe": 1.78,
            "roe_4q": -19.61,
            "gross_profit": 68967,
            "gross_margin": 11.52,
            "gross_margin_4q_avg": 3.51,
            "net_income": 13445,
            "net_income_4q": null,
            "revenue": 598697,
            "revenue_4q": null,
            "common_shares": 913147,
            "book_valuer_per_share": 8.34,
            "book_valuer_per_share_4q_avg": 8.61,
            "equity": 761897,
            "current_ratio": 109.85,
            "debt_ratio": 61.1,
            "inventory_turnover_ratio": 4.77,
            "account_receivable_turnover_ratio": null,
            "reinvestment_rate": null,
            "research_to_sale_ratio": null,
            "price_fair": 3.48,
            "eps_avg_yearly": 1.16,
            "eps_latest_yearly": 0.44,
            "eps_growth_yearly": -84.23
        },
        "20054": {
            "year_quarter": 20054,
            "year": 2005,
            "quarter": 4,
            "eps": 0.84,
            "eps_growth_year": null,
            "eps_4q": -0.35,
            "eps_4q_growth_year": null,
            "roe": 9.08,
            "roe_4q": -3.5700000000000003,
            "gross_profit": 136718,
            "gross_margin": 20.97,
            "gross_margin_4q_avg": 8.39,
            "net_income": 75576,
            "net_income_4q": null,
            "revenue": 651828,
            "revenue_4q": null,
            "common_shares": 913147,
            "book_valuer_per_share": 9.17,
            "book_valuer_per_share_4q_avg": 8.57,
            "equity": 901885,
            "current_ratio": 126.03,
            "debt_ratio": 69.15,
            "inventory_turnover_ratio": 3.47,
            "account_receivable_turnover_ratio": null,
            "reinvestment_rate": null,
            "research_to_sale_ratio": null,
            "price_fair": 59.85,
            "eps_avg_yearly": 1.71,
            "eps_latest_yearly": 3.36,
            "eps_growth_yearly": 396.83
        },
        "20061": {
            "year_quarter": 20061,
            "year": 2006,
            "quarter": 1,
            "eps": 0.62,
            "eps_growth_year": null,
            "eps_4q": 1.06,
            "eps_4q_growth_year": null,
            "roe": 6.23,
            "roe_4q": 10.629999999999999,
            "gross_profit": 127767,
            "gross_margin": 16.77,
            "gross_margin_4q_avg": 12.93,
            "net_income": 55906,
            "net_income_4q": null,
            "revenue": 761740,
            "revenue_4q": null,
            "common_shares": 913147,
            "book_valuer_per_share": 9.78,
            "book_valuer_per_share_4q_avg": 8.87,
            "equity": 892964,
            "current_ratio": 135.84,
            "debt_ratio": 60.88,
            "inventory_turnover_ratio": 3.16,
            "account_receivable_turnover_ratio": null,
            "reinvestment_rate": null,
            "research_to_sale_ratio": null,
            "price_fair": 60.2,
            "eps_avg_yearly": 1.72,
            "eps_latest_yearly": 2.48,
            "eps_growth_yearly": 375.32
        },
        "20062": {
            "year_quarter": 20062,
            "year": 2006,
            "quarter": 2,
            "eps": -0.01,
            "eps_growth_year": null,
            "eps_4q": 1.19,
            "eps_4q_growth_year": null,
            "roe": -0.05,
            "roe_4q": 17.040000000000003,
            "gross_profit": 107894,
            "gross_margin": 16.01,
            "gross_margin_4q_avg": 16.32,
            "net_income": -512,
            "net_income_4q": null,
            "revenue": 673981,
            "revenue_4q": null,
            "common_shares": 1213147,
            "book_valuer_per_share": 10.36,
            "book_valuer_per_share_4q_avg": 9.41,
            "equity": 1256920,
            "current_ratio": 159.67,
            "debt_ratio": 47.43,
            "inventory_turnover_ratio": 2.8,
            "account_receivable_turnover_ratio": null,
            "reinvestment_rate": null,
            "research_to_sale_ratio": null,
            "price_fair": 60.2,
            "eps_avg_yearly": 1.72,
            "eps_latest_yearly": 2.48,
            "eps_growth_yearly": 375.32
        },
        "20063": {
            "year_quarter": 20063,
            "year": 2006,
            "quarter": 3,
            "eps": 0.58,
            "eps_growth_year": 286.67,
            "eps_4q": 1.85,
            "eps_4q_growth_year": null,
            "roe": 4.62,
            "roe_4q": 19.880000000000003,
            "gross_profit": 100387,
            "gross_margin": 12.78,
            "gross_margin_4q_avg": 16.63,
            "net_income": 59655,
            "net_income_4q": null,
            "revenue": 785221,
            "revenue_4q": null,
            "common_shares": 1213147,
            "book_valuer_per_share": 10.94,
            "book_valuer_per_share_4q_avg": 10.06,
            "equity": 1327212,
            "current_ratio": 129.93,
            "debt_ratio": 51.66,
            "inventory_turnover_ratio": 3.31,
            "account_receivable_turnover_ratio": null,
            "reinvestment_rate": null,
            "research_to_sale_ratio": null,
            "price_fair": 60.2,
            "eps_avg_yearly": 1.72,
            "eps_latest_yearly": 2.48,
            "eps_growth_yearly": 375.32
        },
        "20064": {
            "year_quarter": 20064,
            "year": 2006,
            "quarter": 4,
            "eps": 0.22,
            "eps_growth_year": -73.81,
            "eps_4q": 1.25,
            "eps_4q_growth_year": null,
            "roe": 1.84,
            "roe_4q": 12.64,
            "gross_profit": 113223,
            "gross_margin": 14.62,
            "gross_margin_4q_avg": 15.05,
            "net_income": 24490,
            "net_income_4q": null,
            "revenue": 774443,
            "revenue_4q": null,
            "common_shares": 1213147,
            "book_valuer_per_share": 10.97,
            "book_valuer_per_share_4q_avg": 10.51,
            "equity": 1330989,
            "current_ratio": 166.24,
            "debt_ratio": 62.51,
            "inventory_turnover_ratio": 2.81,
            "account_receivable_turnover_ratio": null,
            "reinvestment_rate": null,
            "research_to_sale_ratio": null,
            "price_fair": 62.65,
            "eps_avg_yearly": 1.79,
            "eps_latest_yearly": 0.88,
            "eps_growth_yearly": 345.07
        },
        "20071": {
            "year_quarter": 20071,
            "year": 2007,
            "quarter": 1,
            "eps": 0.12,
            "eps_growth_year": -80.65,
            "eps_4q": 0.79,
            "eps_4q_growth_year": -25.19,
            "roe": 1.11,
            "roe_4q": 7.5200000000000005,
            "gross_profit": 54453,
            "gross_margin": 8.88,
            "gross_margin_4q_avg": 13.07,
            "net_income": 14931,
            "net_income_4q": null,
            "revenue": 613262,
            "revenue_4q": null,
            "common_shares": 1213147,
            "book_valuer_per_share": 11.21,
            "book_valuer_per_share_4q_avg": 10.87,
            "equity": 1359709,
            "current_ratio": 172.34,
            "debt_ratio": 58.61,
            "inventory_turnover_ratio": 2.45,
            "account_receivable_turnover_ratio": null,
            "reinvestment_rate": null,
            "research_to_sale_ratio": null,
            "price_fair": 63,
            "eps_avg_yearly": 1.8,
            "eps_latest_yearly": 0.48,
            "eps_growth_yearly": 326.29
        },
        "20072": {
            "year_quarter": 20072,
            "year": 2007,
            "quarter": 2,
            "eps": -0.07,
            "eps_growth_year": null,
            "eps_4q": 0.74,
            "eps_4q_growth_year": -37.56,
            "roe": -0.66,
            "roe_4q": 6.91,
            "gross_profit": 86948,
            "gross_margin": 12.25,
            "gross_margin_4q_avg": 12.13,
            "net_income": -8908,
            "net_income_4q": null,
            "revenue": 709674,
            "revenue_4q": null,
            "common_shares": 1213147,
            "book_valuer_per_share": 11.2,
            "book_valuer_per_share_4q_avg": 11.08,
            "equity": 1358238,
            "current_ratio": 172.13,
            "debt_ratio": 58.66,
            "inventory_turnover_ratio": 3,
            "account_receivable_turnover_ratio": null,
            "reinvestment_rate": null,
            "research_to_sale_ratio": null,
            "price_fair": 63,
            "eps_avg_yearly": 1.8,
            "eps_latest_yearly": 0.48,
            "eps_growth_yearly": 326.29
        },
        "20073": {
            "year_quarter": 20073,
            "year": 2007,
            "quarter": 3,
            "eps": -0.49,
            "eps_growth_year": -184.48,
            "eps_4q": -0.22,
            "eps_4q_growth_year": -111.74,
            "roe": -4.27,
            "roe_4q": -1.9799999999999993,
            "gross_profit": 34848,
            "gross_margin": 4.63,
            "gross_margin_4q_avg": 10.1,
            "net_income": -63867,
            "net_income_4q": null,
            "revenue": 751938,
            "revenue_4q": null,
            "common_shares": 1533147,
            "book_valuer_per_share": 10.64,
            "book_valuer_per_share_4q_avg": 11.01,
            "equity": 1631728,
            "current_ratio": 161.06,
            "debt_ratio": 53.37,
            "inventory_turnover_ratio": 2.97,
            "account_receivable_turnover_ratio": null,
            "reinvestment_rate": null,
            "research_to_sale_ratio": null,
            "price_fair": 63,
            "eps_avg_yearly": 1.8,
            "eps_latest_yearly": 0.48,
            "eps_growth_yearly": 326.29
        },
        "20074": {
            "year_quarter": 20074,
            "year": 2007,
            "quarter": 4,
            "eps": -0.97,
            "eps_growth_year": -540.91,
            "eps_4q": -1.4,
            "eps_4q_growth_year": -211.69,
            "roe": -8.43,
            "roe_4q": -12.25,
            "gross_profit": 8081,
            "gross_margin": 1.12,
            "gross_margin_4q_avg": 6.72,
            "net_income": -132331,
            "net_income_4q": null,
            "revenue": 721232,
            "revenue_4q": null,
            "common_shares": 1533147,
            "book_valuer_per_share": 9.83,
            "book_valuer_per_share_4q_avg": 10.72,
            "equity": 1506508,
            "current_ratio": 96.3,
            "debt_ratio": 66.89,
            "inventory_turnover_ratio": 2.42,
            "account_receivable_turnover_ratio": null,
            "reinvestment_rate": null,
            "research_to_sale_ratio": null,
            "price_fair": 63,
            "eps_avg_yearly": 1.8,
            "eps_latest_yearly": 0.48,
            "eps_growth_yearly": 326.29
        },
        "20081": {
            "year_quarter": 20081,
            "year": 2008,
            "quarter": 1,
            "eps": -0.88,
            "eps_growth_year": -833.33,
            "eps_4q": -2.22,
            "eps_4q_growth_year": -380.85,
            "roe": -9.35,
            "roe_4q": -22.71,
            "gross_profit": 17084,
            "gross_margin": 2.19,
            "gross_margin_4q_avg": 5.05,
            "net_income": -134219,
            "net_income_4q": null,
            "revenue": 780115,
            "revenue_4q": null,
            "common_shares": 1533147,
            "book_valuer_per_share": 8.89,
            "book_valuer_per_share_4q_avg": 10.14,
            "equity": 1363113,
            "current_ratio": 89.35,
            "debt_ratio": 68.94,
            "inventory_turnover_ratio": 2.61,
            "account_receivable_turnover_ratio": null,
            "reinvestment_rate": null,
            "research_to_sale_ratio": null,
            "price_fair": 63,
            "eps_avg_yearly": 1.8,
            "eps_latest_yearly": 0.48,
            "eps_growth_yearly": 326.29
        },
        "20082": {
            "year_quarter": 20082,
            "year": 2008,
            "quarter": 2,
            "eps": -1.12,
            "eps_growth_year": null,
            "eps_4q": -2.53,
            "eps_4q_growth_year": -440.21,
            "roe": -12.69,
            "roe_4q": -34.739999999999995,
            "gross_profit": 4573,
            "gross_margin": 0.69,
            "gross_margin_4q_avg": 2.16,
            "net_income": -171052,
            "net_income_4q": null,
            "revenue": 662184,
            "revenue_4q": null,
            "common_shares": 1983147,
            "book_valuer_per_share": 6.72,
            "book_valuer_per_share_4q_avg": 9.02,
            "equity": 1333507,
            "current_ratio": 88.11,
            "debt_ratio": 69.14,
            "inventory_turnover_ratio": 2.43,
            "account_receivable_turnover_ratio": null,
            "reinvestment_rate": null,
            "research_to_sale_ratio": null,
            "price_fair": 63,
            "eps_avg_yearly": 1.8,
            "eps_latest_yearly": 0.48,
            "eps_growth_yearly": 326.29
        },
        "20083": {
            "year_quarter": 20083,
            "year": 2008,
            "quarter": 3,
            "eps": -0.24,
            "eps_growth_year": null,
            "eps_4q": -2.41,
            "eps_4q_growth_year": null,
            "roe": -3.04,
            "roe_4q": -33.51,
            "gross_profit": 46357,
            "gross_margin": 4.94,
            "gross_margin_4q_avg": 2.24,
            "net_income": -40284,
            "net_income_4q": null,
            "revenue": 938303,
            "revenue_4q": null,
            "common_shares": 1983147,
            "book_valuer_per_share": 6.64,
            "book_valuer_per_share_4q_avg": 8.02,
            "equity": 1316474,
            "current_ratio": 84.1,
            "debt_ratio": 69.43,
            "inventory_turnover_ratio": 3.2,
            "account_receivable_turnover_ratio": null,
            "reinvestment_rate": null,
            "research_to_sale_ratio": null,
            "price_fair": 63,
            "eps_avg_yearly": 1.8,
            "eps_latest_yearly": 0.48,
            "eps_growth_yearly": 326.29
        },
        "20084": {
            "year_quarter": 20084,
            "year": 2008,
            "quarter": 4,
            "eps": -1.53,
            "eps_growth_year": null,
            "eps_4q": -4.4,
            "eps_4q_growth_year": null,
            "roe": -13.38,
            "roe_4q": -38.46,
            "gross_profit": 31029,
            "gross_margin": 5.23,
            "gross_margin_4q_avg": 3.26,
            "net_income": -183559,
            "net_income_4q": null,
            "revenue": 592967,
            "revenue_4q": null,
            "common_shares": 1802748,
            "book_valuer_per_share": 7.92,
            "book_valuer_per_share_4q_avg": 7.54,
            "equity": 1426961,
            "current_ratio": 88.47,
            "debt_ratio": 62.3,
            "inventory_turnover_ratio": 2.6,
            "account_receivable_turnover_ratio": 1.69,
            "reinvestment_rate": null,
            "research_to_sale_ratio": null,
            "price_fair": 63,
            "eps_avg_yearly": 1.8,
            "eps_latest_yearly": 0.48,
            "eps_growth_yearly": 326.29
        },
        "20091": {
            "year_quarter": 20091,
            "year": 2009,
            "quarter": 1,
            "eps": 0.04,
            "eps_growth_year": null,
            "eps_4q": -2.45,
            "eps_4q_growth_year": null,
            "roe": 0.44,
            "roe_4q": -28.67,
            "gross_profit": 96516,
            "gross_margin": 17.46,
            "gross_margin_4q_avg": 7.08,
            "net_income": 6335,
            "net_income_4q": null,
            "revenue": 552821,
            "revenue_4q": null,
            "common_shares": 1802748,
            "book_valuer_per_share": 8.04,
            "book_valuer_per_share_4q_avg": 7.33,
            "equity": 1449098,
            "current_ratio": 88.3,
            "debt_ratio": 58.84,
            "inventory_turnover_ratio": 2.24,
            "account_receivable_turnover_ratio": 0.91,
            "reinvestment_rate": null,
            "research_to_sale_ratio": null,
            "price_fair": 63,
            "eps_avg_yearly": 1.8,
            "eps_latest_yearly": 0.48,
            "eps_growth_yearly": 326.29
        },
        "20092": {
            "year_quarter": 20092,
            "year": 2009,
            "quarter": 2,
            "eps": 0.65,
            "eps_growth_year": null,
            "eps_4q": -0.56,
            "eps_4q_growth_year": null,
            "roe": 7.83,
            "roe_4q": -8.150000000000002,
            "gross_profit": 178721,
            "gross_margin": 21.76,
            "gross_margin_4q_avg": 12.35,
            "net_income": 117263,
            "net_income_4q": null,
            "revenue": 821201,
            "revenue_4q": null,
            "common_shares": 1802748,
            "book_valuer_per_share": 8.57,
            "book_valuer_per_share_4q_avg": 7.79,
            "equity": 1545326,
            "current_ratio": 88.79,
            "debt_ratio": 56.18,
            "inventory_turnover_ratio": 2.27,
            "account_receivable_turnover_ratio": 1.6,
            "reinvestment_rate": null,
            "research_to_sale_ratio": null,
            "price_fair": 68.6,
            "eps_avg_yearly": 1.96,
            "eps_latest_yearly": 2.6,
            "eps_growth_yearly": 1481.03
        },
        "20093": {
            "year_quarter": 20093,
            "year": 2009,
            "quarter": 3,
            "eps": 1.48,
            "eps_growth_year": null,
            "eps_4q": 1.04,
            "eps_4q_growth_year": null,
            "roe": 12.25,
            "roe_4q": 7.139999999999999,
            "gross_profit": 266965,
            "gross_margin": 21.93,
            "gross_margin_4q_avg": 16.6,
            "net_income": 200355,
            "net_income_4q": null,
            "revenue": 1217258,
            "revenue_4q": null,
            "common_shares": 1352061,
            "book_valuer_per_share": 12.76,
            "book_valuer_per_share_4q_avg": 9.32,
            "equity": 1725574,
            "current_ratio": 103.29,
            "debt_ratio": 55.54,
            "inventory_turnover_ratio": 2.9,
            "account_receivable_turnover_ratio": 1.49,
            "reinvestment_rate": null,
            "research_to_sale_ratio": null,
            "price_fair": 91.7,
            "eps_avg_yearly": 2.62,
            "eps_latest_yearly": 5.92,
            "eps_growth_yearly": 1319.32
        },
        "20094": {
            "year_quarter": 20094,
            "year": 2009,
            "quarter": 4,
            "eps": 0.99,
            "eps_growth_year": null,
            "eps_4q": 3.39,
            "eps_4q_growth_year": null,
            "roe": 7.51,
            "roe_4q": 28.029999999999998,
            "gross_profit": 206656,
            "gross_margin": 17.93,
            "gross_margin_4q_avg": 19.77,
            "net_income": 134319,
            "net_income_4q": null,
            "revenue": 1152780,
            "revenue_4q": null,
            "common_shares": 1352061,
            "book_valuer_per_share": 13.7,
            "book_valuer_per_share_4q_avg": 10.77,
            "equity": 1851936,
            "current_ratio": 129.8,
            "debt_ratio": 56.82,
            "inventory_turnover_ratio": 2.89,
            "account_receivable_turnover_ratio": 1.51,
            "reinvestment_rate": null,
            "research_to_sale_ratio": null,
            "price_fair": 95.2,
            "eps_avg_yearly": 2.72,
            "eps_latest_yearly": 3.96,
            "eps_growth_yearly": 990.58
        },
        "20101": {
            "year_quarter": 20101,
            "year": 2010,
            "quarter": 1,
            "eps": 1.17,
            "eps_growth_year": 2825,
            "eps_4q": 4.52,
            "eps_4q_growth_year": null,
            "roe": 8.24,
            "roe_4q": 35.83,
            "gross_profit": 231072,
            "gross_margin": 18.79,
            "gross_margin_4q_avg": 20.1,
            "net_income": 158709,
            "net_income_4q": null,
            "revenue": 1229713,
            "revenue_4q": null,
            "common_shares": 1352061,
            "book_valuer_per_share": 14.81,
            "book_valuer_per_share_4q_avg": 12.46,
            "equity": 2002540,
            "current_ratio": 149.69,
            "debt_ratio": 59.3,
            "inventory_turnover_ratio": 2.89,
            "account_receivable_turnover_ratio": 0.7,
            "reinvestment_rate": null,
            "research_to_sale_ratio": null,
            "price_fair": 108.03,
            "eps_avg_yearly": 3.09,
            "eps_latest_yearly": 4.68,
            "eps_growth_yearly": 1020.16
        },
        "20102": {
            "year_quarter": 20102,
            "year": 2010,
            "quarter": 2,
            "eps": 0.73,
            "eps_growth_year": 11.55,
            "eps_4q": 3.73,
            "eps_4q_growth_year": null,
            "roe": 5.26,
            "roe_4q": 33.26,
            "gross_profit": 200376,
            "gross_margin": 13.74,
            "gross_margin_4q_avg": 18.1,
            "net_income": 118981,
            "net_income_4q": null,
            "revenue": 1458345,
            "revenue_4q": null,
            "common_shares": 1502061,
            "book_valuer_per_share": 16.78,
            "book_valuer_per_share_4q_avg": 14.51,
            "equity": 2521096,
            "current_ratio": 161.4,
            "debt_ratio": 55.7,
            "inventory_turnover_ratio": 2.6,
            "account_receivable_turnover_ratio": 0.67,
            "reinvestment_rate": 2309.05,
            "research_to_sale_ratio": null,
            "price_fair": 107.2,
            "eps_avg_yearly": 3.06,
            "eps_latest_yearly": 2.92,
            "eps_growth_yearly": 852.93
        },
        "20103": {
            "year_quarter": 20103,
            "year": 2010,
            "quarter": 3,
            "eps": 0.38,
            "eps_growth_year": -74.14,
            "eps_4q": 2.89,
            "eps_4q_growth_year": 179.01,
            "roe": 2.47,
            "roe_4q": 23.48,
            "gross_profit": 142122,
            "gross_margin": 10.84,
            "gross_margin_4q_avg": 15.33,
            "net_income": 62810,
            "net_income_4q": null,
            "revenue": 1311088,
            "revenue_4q": null,
            "common_shares": 1502061,
            "book_valuer_per_share": 17.04,
            "book_valuer_per_share_4q_avg": 15.58,
            "equity": 2559426,
            "current_ratio": 164.64,
            "debt_ratio": 55.42,
            "inventory_turnover_ratio": 2.11,
            "account_receivable_turnover_ratio": 0.57,
            "reinvestment_rate": 2206.93,
            "research_to_sale_ratio": null,
            "price_fair": 100.45,
            "eps_avg_yearly": 2.87,
            "eps_latest_yearly": 1.52,
            "eps_growth_yearly": 722.35
        },
        "20104": {
            "year_quarter": 20104,
            "year": 2010,
            "quarter": 4,
            "eps": -0.05,
            "eps_growth_year": -104.75,
            "eps_4q": 1.85,
            "eps_4q_growth_year": -45.3,
            "roe": -0.32,
            "roe_4q": 15.65,
            "gross_profit": 70279,
            "gross_margin": 7.59,
            "gross_margin_4q_avg": 12.74,
            "net_income": -8428,
            "net_income_4q": null,
            "revenue": 925839,
            "revenue_4q": null,
            "common_shares": 1790978,
            "book_valuer_per_share": 15.09,
            "book_valuer_per_share_4q_avg": 15.93,
            "equity": 2701945,
            "current_ratio": 187.63,
            "debt_ratio": 52.72,
            "inventory_turnover_ratio": 1.83,
            "account_receivable_turnover_ratio": 0.47,
            "reinvestment_rate": 2888.6,
            "research_to_sale_ratio": null,
            "price_fair": 110.4,
            "eps_avg_yearly": 3.15,
            "eps_latest_yearly": 1.52,
            "eps_growth_yearly": 861.01
        },
        "20111": {
            "year_quarter": 20111,
            "year": 2011,
            "quarter": 1,
            "eps": 0.14,
            "eps_growth_year": -88.03,
            "eps_4q": 1.11,
            "eps_4q_growth_year": -75.41,
            "roe": 0.94,
            "roe_4q": 8.35,
            "gross_profit": 66574,
            "gross_margin": 6.27,
            "gross_margin_4q_avg": 9.61,
            "net_income": 25572,
            "net_income_4q": null,
            "revenue": 1061907,
            "revenue_4q": null,
            "common_shares": 1790978,
            "book_valuer_per_share": 15.39,
            "book_valuer_per_share_4q_avg": 16.08,
            "equity": 2756038,
            "current_ratio": 173.63,
            "debt_ratio": 53.69,
            "inventory_turnover_ratio": 2.53,
            "account_receivable_turnover_ratio": 0.63,
            "reinvestment_rate": 2756.06,
            "research_to_sale_ratio": null,
            "price_fair": 126,
            "eps_avg_yearly": 3.6,
            "eps_latest_yearly": 1.52,
            "eps_growth_yearly": 1034.81
        },
        "20112": {
            "year_quarter": 20112,
            "year": 2011,
            "quarter": 2,
            "eps": -0,
            "eps_growth_year": -100.26,
            "eps_4q": 0.44,
            "eps_4q_growth_year": -88.09,
            "roe": -0.01,
            "roe_4q": 3.08,
            "gross_profit": 53311,
            "gross_margin": 5.19,
            "gross_margin_4q_avg": 7.47,
            "net_income": -339,
            "net_income_4q": null,
            "revenue": 1027983,
            "revenue_4q": null,
            "common_shares": 1790978,
            "book_valuer_per_share": 14.18,
            "book_valuer_per_share_4q_avg": 15.43,
            "equity": 2539955,
            "current_ratio": 137.88,
            "debt_ratio": 60.38,
            "inventory_turnover_ratio": 2.69,
            "account_receivable_turnover_ratio": 0.6,
            "reinvestment_rate": 2892.95,
            "research_to_sale_ratio": null,
            "price_fair": 126,
            "eps_avg_yearly": 3.6,
            "eps_latest_yearly": 1.52,
            "eps_growth_yearly": 1034.81
        },
        "20113": {
            "year_quarter": 20113,
            "year": 2011,
            "quarter": 3,
            "eps": 0.03,
            "eps_growth_year": -91.1,
            "eps_4q": 0.13,
            "eps_4q_growth_year": -95.58,
            "roe": 0.23,
            "roe_4q": 0.8399999999999999,
            "gross_profit": 17796,
            "gross_margin": 1.75,
            "gross_margin_4q_avg": 5.2,
            "net_income": 6103,
            "net_income_4q": null,
            "revenue": 1014262,
            "revenue_4q": null,
            "common_shares": 1790978,
            "book_valuer_per_share": 15.02,
            "book_valuer_per_share_4q_avg": 14.92,
            "equity": 2689534,
            "current_ratio": 101.6,
            "debt_ratio": 65.19,
            "inventory_turnover_ratio": 2.49,
            "account_receivable_turnover_ratio": 0.58,
            "reinvestment_rate": 2609.23,
            "research_to_sale_ratio": null,
            "price_fair": 126,
            "eps_avg_yearly": 3.6,
            "eps_latest_yearly": 1.52,
            "eps_growth_yearly": 1034.81
        },
        "20114": {
            "year_quarter": 20114,
            "year": 2011,
            "quarter": 4,
            "eps": 0.43,
            "eps_growth_year": null,
            "eps_4q": 0.6,
            "eps_4q_growth_year": -67.46,
            "roe": 2.81,
            "roe_4q": 3.97,
            "gross_profit": 167860,
            "gross_margin": 12.66,
            "gross_margin_4q_avg": 6.47,
            "net_income": 76724,
            "net_income_4q": null,
            "revenue": 1326239,
            "revenue_4q": null,
            "common_shares": 1790978,
            "book_valuer_per_share": 15.49,
            "book_valuer_per_share_4q_avg": 15.02,
            "equity": 2774179,
            "current_ratio": 87.31,
            "debt_ratio": 69.26,
            "inventory_turnover_ratio": 2.26,
            "account_receivable_turnover_ratio": 0.68,
            "reinvestment_rate": 1117.19,
            "research_to_sale_ratio": null,
            "price_fair": 116.6,
            "eps_avg_yearly": 3.33,
            "eps_latest_yearly": 1.72,
            "eps_growth_yearly": 1648.88
        },
        "20121": {
            "year_quarter": 20121,
            "year": 2012,
            "quarter": 1,
            "eps": 0.73,
            "eps_growth_year": 421.43,
            "eps_4q": 1.19,
            "eps_4q_growth_year": 7.2,
            "roe": 4.65,
            "roe_4q": 7.6800000000000015,
            "gross_profit": 253958,
            "gross_margin": 14.45,
            "gross_margin_4q_avg": 8.51,
            "net_income": 130768,
            "net_income_4q": null,
            "revenue": 1756957,
            "revenue_4q": null,
            "common_shares": 1790978,
            "book_valuer_per_share": 15.9,
            "book_valuer_per_share_4q_avg": 15.15,
            "equity": 2847804,
            "current_ratio": 83.4,
            "debt_ratio": 69.78,
            "inventory_turnover_ratio": 2.58,
            "account_receivable_turnover_ratio": 0.75,
            "reinvestment_rate": 657.43,
            "research_to_sale_ratio": null,
            "price_fair": 114.8,
            "eps_avg_yearly": 3.28,
            "eps_latest_yearly": 2.92,
            "eps_growth_yearly": 1477.66
        },
        "20122": {
            "year_quarter": 20122,
            "year": 2012,
            "quarter": 2,
            "eps": 0.92,
            "eps_growth_year": null,
            "eps_4q": 2.12,
            "eps_4q_growth_year": 376.18,
            "roe": 5.64,
            "roe_4q": 13.33,
            "gross_profit": 313574,
            "gross_margin": 15.57,
            "gross_margin_4q_avg": 11.11,
            "net_income": 165515,
            "net_income_4q": null,
            "revenue": 2014280,
            "revenue_4q": null,
            "common_shares": 1790978,
            "book_valuer_per_share": 16.87,
            "book_valuer_per_share_4q_avg": 15.82,
            "equity": 3022183,
            "current_ratio": 84.5,
            "debt_ratio": 69.42,
            "inventory_turnover_ratio": 2.63,
            "account_receivable_turnover_ratio": 0.79,
            "reinvestment_rate": 470.19,
            "research_to_sale_ratio": null,
            "price_fair": 116.36,
            "eps_avg_yearly": 3.32,
            "eps_latest_yearly": 3.68,
            "eps_growth_yearly": 1325.04
        },
        "20123": {
            "year_quarter": 20123,
            "year": 2012,
            "quarter": 3,
            "eps": 0.9,
            "eps_growth_year": 2529.5,
            "eps_4q": 2.77,
            "eps_4q_growth_year": 2065.24,
            "roe": 5.45,
            "roe_4q": 18.55,
            "gross_profit": 331434,
            "gross_margin": 15.99,
            "gross_margin_4q_avg": 14.67,
            "net_income": 178397,
            "net_income_4q": null,
            "revenue": 2073342,
            "revenue_4q": null,
            "common_shares": 1990978,
            "book_valuer_per_share": 17.68,
            "book_valuer_per_share_4q_avg": 16.49,
            "equity": 3519855,
            "current_ratio": 94.38,
            "debt_ratio": 64.11,
            "inventory_turnover_ratio": 2.54,
            "account_receivable_turnover_ratio": 0.82,
            "reinvestment_rate": 430.29,
            "research_to_sale_ratio": null,
            "price_fair": 117.32,
            "eps_avg_yearly": 3.35,
            "eps_latest_yearly": 3.6,
            "eps_growth_yearly": 1191.67
        },
        "20124": {
            "year_quarter": 20124,
            "year": 2012,
            "quarter": 4,
            "eps": 0.83,
            "eps_growth_year": 93.17,
            "eps_4q": 3.21,
            "eps_4q_growth_year": 432.3,
            "roe": 4.57,
            "roe_4q": 20.310000000000002,
            "gross_profit": 304574,
            "gross_margin": 16.26,
            "gross_margin_4q_avg": 15.57,
            "net_income": 164758,
            "net_income_4q": null,
            "revenue": 1872825,
            "revenue_4q": null,
            "common_shares": 1990978,
            "book_valuer_per_share": 18.5,
            "book_valuer_per_share_4q_avg": 17.24,
            "equity": 3683911,
            "current_ratio": 116.49,
            "debt_ratio": 65.62,
            "inventory_turnover_ratio": 2.45,
            "account_receivable_turnover_ratio": 0.74,
            "reinvestment_rate": 341.49,
            "research_to_sale_ratio": null,
            "price_fair": 117.22,
            "eps_avg_yearly": 3.35,
            "eps_latest_yearly": 3.32,
            "eps_growth_yearly": 1080.51
        },
        "20131": {
            "year_quarter": 20131,
            "year": 2013,
            "quarter": 1,
            "eps": 0.7,
            "eps_growth_year": -4.11,
            "eps_4q": 3.26,
            "eps_4q_growth_year": 173.45,
            "roe": 3.68,
            "roe_4q": 19.34,
            "gross_profit": 274532,
            "gross_margin": 15.48,
            "gross_margin_4q_avg": 15.83,
            "net_income": 139602,
            "net_income_4q": null,
            "revenue": 1773850,
            "revenue_4q": null,
            "common_shares": 1990978,
            "book_valuer_per_share": 19.6,
            "book_valuer_per_share_4q_avg": 18.16,
            "equity": 3902053,
            "current_ratio": 124.33,
            "debt_ratio": 62.92,
            "inventory_turnover_ratio": 2.5,
            "account_receivable_turnover_ratio": 0.74,
            "reinvestment_rate": 146.89,
            "research_to_sale_ratio": null,
            "price_fair": 115.62,
            "eps_avg_yearly": 3.3,
            "eps_latest_yearly": 2.8,
            "eps_growth_yearly": 985.24
        },
        "20132": {
            "year_quarter": 20132,
            "year": 2013,
            "quarter": 2,
            "eps": 1.5,
            "eps_growth_year": 62.31,
            "eps_4q": 3.93,
            "eps_4q_growth_year": 85.56,
            "roe": 7.72,
            "roe_4q": 21.42,
            "gross_profit": 268167,
            "gross_margin": 15.71,
            "gross_margin_4q_avg": 15.86,
            "net_income": 299297,
            "net_income_4q": null,
            "revenue": 1706624,
            "revenue_4q": null,
            "common_shares": 1990978,
            "book_valuer_per_share": 19.37,
            "book_valuer_per_share_4q_avg": 18.79,
            "equity": 3856363,
            "current_ratio": 119.22,
            "debt_ratio": 62.71,
            "inventory_turnover_ratio": 2.43,
            "account_receivable_turnover_ratio": 0.75,
            "reinvestment_rate": 126.59,
            "research_to_sale_ratio": null,
            "price_fair": 125.53,
            "eps_avg_yearly": 3.59,
            "eps_latest_yearly": 6,
            "eps_growth_yearly": 515
        },
        "20133": {
            "year_quarter": 20133,
            "year": 2013,
            "quarter": 3,
            "eps": 0.53,
            "eps_growth_year": -40.85,
            "eps_4q": 3.57,
            "eps_4q_growth_year": 28.78,
            "roe": 2.74,
            "roe_4q": 18.71,
            "gross_profit": 218730,
            "gross_margin": 12.56,
            "gross_margin_4q_avg": 15,
            "net_income": 106462,
            "net_income_4q": null,
            "revenue": 1741217,
            "revenue_4q": null,
            "common_shares": 1990978,
            "book_valuer_per_share": 19.71,
            "book_valuer_per_share_4q_avg": 19.3,
            "equity": 3924717,
            "current_ratio": 127.87,
            "debt_ratio": 58.37,
            "inventory_turnover_ratio": 2.76,
            "account_receivable_turnover_ratio": 0.78,
            "reinvestment_rate": 129.54,
            "research_to_sale_ratio": null,
            "price_fair": 114.45,
            "eps_avg_yearly": 3.27,
            "eps_latest_yearly": 2.12,
            "eps_growth_yearly": 450.88
        },
        "20134": {
            "year_quarter": 20134,
            "year": 2013,
            "quarter": 4,
            "eps": 0.62,
            "eps_growth_year": -25.2,
            "eps_4q": 3.36,
            "eps_4q_growth_year": 4.56,
            "roe": 3.07,
            "roe_4q": 17.21,
            "gross_profit": 231329,
            "gross_margin": 14.3,
            "gross_margin_4q_avg": 14.51,
            "net_income": 123233,
            "net_income_4q": null,
            "revenue": 1617414,
            "revenue_4q": null,
            "common_shares": 1990978,
            "book_valuer_per_share": 20.64,
            "book_valuer_per_share_4q_avg": 19.83,
            "equity": 4110078,
            "current_ratio": 130.87,
            "debt_ratio": 56.55,
            "inventory_turnover_ratio": 2.69,
            "account_receivable_turnover_ratio": 0.74,
            "reinvestment_rate": 54.08,
            "research_to_sale_ratio": null,
            "price_fair": 110.13,
            "eps_avg_yearly": 3.15,
            "eps_latest_yearly": 2.48,
            "eps_growth_yearly": 467.58
        },
        "20141": {
            "year_quarter": 20141,
            "year": 2014,
            "quarter": 1,
            "eps": 0.32,
            "eps_growth_year": -54.29,
            "eps_4q": 2.97,
            "eps_4q_growth_year": -8.7,
            "roe": 1.52,
            "roe_4q": 15.05,
            "gross_profit": 162598,
            "gross_margin": 10.37,
            "gross_margin_4q_avg": 13.24,
            "net_income": 62875,
            "net_income_4q": null,
            "revenue": 1567409,
            "revenue_4q": null,
            "common_shares": 1990978,
            "book_valuer_per_share": 20.9,
            "book_valuer_per_share_4q_avg": 20.16,
            "equity": 4161794,
            "current_ratio": 123.81,
            "debt_ratio": 54.05,
            "inventory_turnover_ratio": 2.92,
            "account_receivable_turnover_ratio": 0.74,
            "reinvestment_rate": 53.03,
            "research_to_sale_ratio": null,
            "price_fair": 100.22,
            "eps_avg_yearly": 2.86,
            "eps_latest_yearly": 1.28,
            "eps_growth_yearly": 445.39
        },
        "20142": {
            "year_quarter": 20142,
            "year": 2014,
            "quarter": 2,
            "eps": 0.41,
            "eps_growth_year": -72.67,
            "eps_4q": 1.88,
            "eps_4q_growth_year": -52.09,
            "roe": 2.07,
            "roe_4q": 9.4,
            "gross_profit": 237979,
            "gross_margin": 14.67,
            "gross_margin_4q_avg": 12.98,
            "net_income": 82096,
            "net_income_4q": null,
            "revenue": 1622485,
            "revenue_4q": null,
            "common_shares": 1990978,
            "book_valuer_per_share": 18.99,
            "book_valuer_per_share_4q_avg": 20.06,
            "equity": 3781034,
            "current_ratio": 112.82,
            "debt_ratio": 57.29,
            "inventory_turnover_ratio": 3.09,
            "account_receivable_turnover_ratio": 0.77,
            "reinvestment_rate": 41.64,
            "research_to_sale_ratio": null,
            "price_fair": 96.48,
            "eps_avg_yearly": 2.76,
            "eps_latest_yearly": 1.64,
            "eps_growth_yearly": 467.3
        },
        "20143": {
            "year_quarter": 20143,
            "year": 2014,
            "quarter": 3,
            "eps": 0.6,
            "eps_growth_year": 13.21,
            "eps_4q": 1.95,
            "eps_4q_growth_year": -45.41,
            "roe": 3.07,
            "roe_4q": 9.73,
            "gross_profit": 268336,
            "gross_margin": 15.56,
            "gross_margin_4q_avg": 13.73,
            "net_income": 119419,
            "net_income_4q": null,
            "revenue": 1724109,
            "revenue_4q": null,
            "common_shares": 1990978,
            "book_valuer_per_share": 20.04,
            "book_valuer_per_share_4q_avg": 20.14,
            "equity": 3990106,
            "current_ratio": 116.79,
            "debt_ratio": 54.02,
            "inventory_turnover_ratio": 2.94,
            "account_receivable_turnover_ratio": 0.79,
            "reinvestment_rate": 44.75,
            "research_to_sale_ratio": null,
            "price_fair": 99.05,
            "eps_avg_yearly": 2.83,
            "eps_latest_yearly": 2.4,
            "eps_growth_yearly": 498.73
        },
        "20144": {
            "year_quarter": 20144,
            "year": 2014,
            "quarter": 4,
            "eps": 0.44,
            "eps_growth_year": -29.46,
            "eps_4q": 1.76,
            "eps_4q_growth_year": -47.45,
            "roe": 2.12,
            "roe_4q": 8.78,
            "gross_profit": 205413,
            "gross_margin": 12.82,
            "gross_margin_4q_avg": 13.36,
            "net_income": 86926,
            "net_income_4q": null,
            "revenue": 1601997,
            "revenue_4q": null,
            "common_shares": 1990978,
            "book_valuer_per_share": 21.07,
            "book_valuer_per_share_4q_avg": 20.25,
            "equity": 4195371,
            "current_ratio": 130.76,
            "debt_ratio": 55.02,
            "inventory_turnover_ratio": 2.67,
            "account_receivable_turnover_ratio": 0.71,
            "reinvestment_rate": 22.47,
            "research_to_sale_ratio": null,
            "price_fair": 96.17,
            "eps_avg_yearly": 2.75,
            "eps_latest_yearly": 1.76,
            "eps_growth_yearly": 452.16
        },
        "20151": {
            "year_quarter": 20151,
            "year": 2015,
            "quarter": 1,
            "eps": 0.23,
            "eps_growth_year": -28.12,
            "eps_4q": 1.67,
            "eps_4q_growth_year": -43.68,
            "roe": 1.07,
            "roe_4q": 8.33,
            "gross_profit": 129292,
            "gross_margin": 8.65,
            "gross_margin_4q_avg": 12.93,
            "net_income": 44904,
            "net_income_4q": null,
            "revenue": 1493999,
            "revenue_4q": null,
            "common_shares": 1990978,
            "book_valuer_per_share": 21.12,
            "book_valuer_per_share_4q_avg": 20.31,
            "equity": 4205065,
            "current_ratio": 134.42,
            "debt_ratio": 52.69,
            "inventory_turnover_ratio": 2.86,
            "account_receivable_turnover_ratio": 0.7,
            "reinvestment_rate": 12.53,
            "research_to_sale_ratio": null,
            "price_fair": 91.6,
            "eps_avg_yearly": 2.62,
            "eps_latest_yearly": 0.92,
            "eps_growth_yearly": 406.23
        },
        "20152": {
            "year_quarter": 20152,
            "year": 2015,
            "quarter": 2,
            "eps": 0.28,
            "eps_growth_year": -31.71,
            "eps_4q": 1.54,
            "eps_4q_growth_year": -18,
            "roe": 1.36,
            "roe_4q": 7.620000000000001,
            "gross_profit": 151717,
            "gross_margin": 10.71,
            "gross_margin_4q_avg": 11.94,
            "net_income": 55963,
            "net_income_4q": null,
            "revenue": 1416395,
            "revenue_4q": null,
            "common_shares": 1990978,
            "book_valuer_per_share": 20.12,
            "book_valuer_per_share_4q_avg": 20.59,
            "equity": 4006523,
            "current_ratio": 131.04,
            "debt_ratio": 53.28,
            "inventory_turnover_ratio": 2.96,
            "account_receivable_turnover_ratio": 0.72,
            "reinvestment_rate": -13.61,
            "research_to_sale_ratio": null,
            "price_fair": 88.11,
            "eps_avg_yearly": 2.52,
            "eps_latest_yearly": 1.12,
            "eps_growth_yearly": 384.94
        },
        "20153": {
            "year_quarter": 20153,
            "year": 2015,
            "quarter": 3,
            "eps": 0.29,
            "eps_growth_year": -51.67,
            "eps_4q": 1.24,
            "eps_4q_growth_year": -36.51,
            "roe": 1.42,
            "roe_4q": 5.970000000000001,
            "gross_profit": 178237,
            "gross_margin": 11.22,
            "gross_margin_4q_avg": 10.85,
            "net_income": 58311,
            "net_income_4q": null,
            "revenue": 1589058,
            "revenue_4q": null,
            "common_shares": 1990978,
            "book_valuer_per_share": 21.21,
            "book_valuer_per_share_4q_avg": 20.88,
            "equity": 4222642,
            "current_ratio": 133.69,
            "debt_ratio": 50.78,
            "inventory_turnover_ratio": 3.27,
            "account_receivable_turnover_ratio": 0.79,
            "reinvestment_rate": -88.12,
            "research_to_sale_ratio": null,
            "price_fair": 85.14,
            "eps_avg_yearly": 2.43,
            "eps_latest_yearly": 1.16,
            "eps_growth_yearly": 361.78
        },
        "20154": {
            "year_quarter": 20154,
            "year": 2015,
            "quarter": 4,
            "eps": 0.31,
            "eps_growth_year": -30.04,
            "eps_4q": 1.1,
            "eps_4q_growth_year": -37.38,
            "roe": 1.45,
            "roe_4q": 5.300000000000001,
            "gross_profit": 219438,
            "gross_margin": 14.03,
            "gross_margin_4q_avg": 11.15,
            "net_income": 60811,
            "net_income_4q": null,
            "revenue": 1564042,
            "revenue_4q": null,
            "common_shares": 1990978,
            "book_valuer_per_share": 20.84,
            "book_valuer_per_share_4q_avg": 20.82,
            "equity": 4148276,
            "current_ratio": 140.55,
            "debt_ratio": 51.07,
            "inventory_turnover_ratio": 3.11,
            "account_receivable_turnover_ratio": 0.74,
            "reinvestment_rate": -145.72,
            "research_to_sale_ratio": null,
            "price_fair": 84.09,
            "eps_avg_yearly": 2.4,
            "eps_latest_yearly": 1.24,
            "eps_growth_yearly": 30.17
        },
        "20161": {
            "year_quarter": 20161,
            "year": 2016,
            "quarter": 1,
            "eps": 0.18,
            "eps_growth_year": -21.74,
            "eps_4q": 1.06,
            "eps_4q_growth_year": -36.85,
            "roe": 0.85,
            "roe_4q": 5.08,
            "gross_profit": 146529,
            "gross_margin": 10.89,
            "gross_margin_4q_avg": 11.71,
            "net_income": 35420,
            "net_income_4q": null,
            "revenue": 1345413,
            "revenue_4q": null,
            "common_shares": 1990978,
            "book_valuer_per_share": 20.91,
            "book_valuer_per_share_4q_avg": 20.77,
            "equity": 4163806,
            "current_ratio": 162.79,
            "debt_ratio": 48.59,
            "inventory_turnover_ratio": 2.95,
            "account_receivable_turnover_ratio": 0.69,
            "reinvestment_rate": -164.51,
            "research_to_sale_ratio": null,
            "price_fair": 27.73,
            "eps_avg_yearly": 2.27,
            "eps_latest_yearly": 0.72,
            "eps_growth_yearly": 2.24
        },
        "20162": {
            "year_quarter": 20162,
            "year": 2016,
            "quarter": 2,
            "eps": 0.35,
            "eps_growth_year": 25,
            "eps_4q": 1.13,
            "eps_4q_growth_year": -26.93,
            "roe": 1.71,
            "roe_4q": 5.43,
            "gross_profit": 195140,
            "gross_margin": 13.01,
            "gross_margin_4q_avg": 12.29,
            "net_income": 69940,
            "net_income_4q": null,
            "revenue": 1499741,
            "revenue_4q": null,
            "common_shares": 1990978,
            "book_valuer_per_share": 20.27,
            "book_valuer_per_share_4q_avg": 20.81,
            "equity": 4035194,
            "current_ratio": 160.06,
            "debt_ratio": 49.5,
            "inventory_turnover_ratio": 3.19,
            "account_receivable_turnover_ratio": 0.8,
            "reinvestment_rate": -206.23,
            "research_to_sale_ratio": null,
            "price_fair": 62.29,
            "eps_avg_yearly": 2.12,
            "eps_latest_yearly": 1.4,
            "eps_growth_yearly": 19.35
        },
        "20163": {
            "year_quarter": 20163,
            "year": 2016,
            "quarter": 3,
            "eps": 0.41,
            "eps_growth_year": 41.38,
            "eps_4q": 1.25,
            "eps_4q_growth_year": 1.04,
            "roe": 2.05,
            "roe_4q": 6.06,
            "gross_profit": 215703,
            "gross_margin": 13.2,
            "gross_margin_4q_avg": 12.78,
            "net_income": 82482,
            "net_income_4q": null,
            "revenue": 1633556,
            "revenue_4q": null,
            "common_shares": 1990978,
            "book_valuer_per_share": 20.07,
            "book_valuer_per_share_4q_avg": 20.52,
            "equity": 3995302,
            "current_ratio": 158.61,
            "debt_ratio": 50.37,
            "inventory_turnover_ratio": 3.09,
            "account_receivable_turnover_ratio": 0.81,
            "reinvestment_rate": -242.31,
            "research_to_sale_ratio": null,
            "price_fair": 68.35,
            "eps_avg_yearly": 2,
            "eps_latest_yearly": 1.64,
            "eps_growth_yearly": 24.18
        },
        "20164": {
            "year_quarter": 20164,
            "year": 2016,
            "quarter": 4,
            "eps": 0.27,
            "eps_growth_year": -10.66,
            "eps_4q": 1.22,
            "eps_4q_growth_year": 10.08,
            "roe": 1.36,
            "roe_4q": 5.97,
            "gross_profit": 224763,
            "gross_margin": 13.51,
            "gross_margin_4q_avg": 12.65,
            "net_income": 54326,
            "net_income_4q": null,
            "revenue": 1664054,
            "revenue_4q": null,
            "common_shares": 1990978,
            "book_valuer_per_share": 20.06,
            "book_valuer_per_share_4q_avg": 20.33,
            "equity": 3993885,
            "current_ratio": 156.86,
            "debt_ratio": 48.03,
            "inventory_turnover_ratio": 2.84,
            "account_receivable_turnover_ratio": 0.78,
            "reinvestment_rate": -276.13,
            "research_to_sale_ratio": null,
            "price_fair": 51.31,
            "eps_avg_yearly": 1.86,
            "eps_latest_yearly": 1.08,
            "eps_growth_yearly": 17.58
        },
        "20171": {
            "year_quarter": 20171,
            "year": 2017,
            "quarter": 1,
            "eps": 0.19,
            "eps_growth_year": 5.56,
            "eps_4q": 1.23,
            "eps_4q_growth_year": 15.96,
            "roe": 0.95,
            "roe_4q": 6.069999999999999,
            "gross_profit": 145270,
            "gross_margin": 10.66,
            "gross_margin_4q_avg": 12.6,
            "net_income": 37360,
            "net_income_4q": null,
            "revenue": 1363141,
            "revenue_4q": null,
            "common_shares": 1990978,
            "book_valuer_per_share": 19.37,
            "book_valuer_per_share_4q_avg": 19.94,
            "equity": 3856032,
            "current_ratio": 169.39,
            "debt_ratio": 44.62,
            "inventory_turnover_ratio": 2.3,
            "account_receivable_turnover_ratio": 0.69,
            "reinvestment_rate": -107.37,
            "research_to_sale_ratio": null,
            "price_fair": 41.74,
            "eps_avg_yearly": 1.73,
            "eps_latest_yearly": 0.76,
            "eps_growth_yearly": 14.09
        },
        "20172": {
            "year_quarter": 20172,
            "year": 2017,
            "quarter": 2,
            "eps": 0.03,
            "eps_growth_year": -91.43,
            "eps_4q": 0.9,
            "eps_4q_growth_year": -20.17,
            "roe": 0.13,
            "roe_4q": 4.49,
            "gross_profit": 115330,
            "gross_margin": 8.14,
            "gross_margin_4q_avg": 11.38,
            "net_income": 5043,
            "net_income_4q": null,
            "revenue": 1416859,
            "revenue_4q": null,
            "common_shares": 1990978,
            "book_valuer_per_share": 19.22,
            "book_valuer_per_share_4q_avg": 19.68,
            "equity": 3825732,
            "current_ratio": 173.55,
            "debt_ratio": 42.49,
            "inventory_turnover_ratio": 2.54,
            "account_receivable_turnover_ratio": 0.77,
            "reinvestment_rate": -135.07,
            "research_to_sale_ratio": null,
            "price_fair": 4.1,
            "eps_avg_yearly": 1.37,
            "eps_latest_yearly": 0.12,
            "eps_growth_yearly": -35.53
        },
        "20173": {
            "year_quarter": 20173,
            "year": 2017,
            "quarter": 3,
            "eps": 0.32,
            "eps_growth_year": -21.95,
            "eps_4q": 0.81,
            "eps_4q_growth_year": -35.35,
            "roe": 1.65,
            "roe_4q": 4.09,
            "gross_profit": 190058,
            "gross_margin": 11.96,
            "gross_margin_4q_avg": 11.07,
            "net_income": 64037,
            "net_income_4q": null,
            "revenue": 1589648,
            "revenue_4q": null,
            "common_shares": 1990978,
            "book_valuer_per_share": 19.8,
            "book_valuer_per_share_4q_avg": 19.61,
            "equity": 3942296,
            "current_ratio": 168.24,
            "debt_ratio": 43.37,
            "inventory_turnover_ratio": 2.91,
            "account_receivable_turnover_ratio": 0.81,
            "reinvestment_rate": -127.47,
            "research_to_sale_ratio": null,
            "price_fair": 45.94,
            "eps_avg_yearly": 1.31,
            "eps_latest_yearly": 1.28,
            "eps_growth_yearly": 222.3
        },
        "20174": {
            "year_quarter": 20174,
            "year": 2017,
            "quarter": 4,
            "eps": 0.21,
            "eps_growth_year": -21.34,
            "eps_4q": 0.75,
            "eps_4q_growth_year": -38.4,
            "roe": 1.08,
            "roe_4q": 3.8099999999999996,
            "gross_profit": 162282,
            "gross_margin": 10.47,
            "gross_margin_4q_avg": 10.31,
            "net_income": 42734,
            "net_income_4q": null,
            "revenue": 1549404,
            "revenue_4q": null,
            "common_shares": 1990978,
            "book_valuer_per_share": 20.07,
            "book_valuer_per_share_4q_avg": 19.62,
            "equity": 3994961,
            "current_ratio": 172.95,
            "debt_ratio": 41.75,
            "inventory_turnover_ratio": 2.86,
            "account_receivable_turnover_ratio": 0.76,
            "reinvestment_rate": -145.22,
            "research_to_sale_ratio": null,
            "price_fair": 42.35,
            "eps_avg_yearly": 1.21,
            "eps_latest_yearly": 0.84,
            "eps_growth_yearly": 209.46
        },
        "20181": {
            "year_quarter": 20181,
            "year": 2018,
            "quarter": 1,
            "eps": 0.17,
            "eps_growth_year": -10.53,
            "eps_4q": 0.73,
            "eps_4q_growth_year": -40.37,
            "roe": 0.83,
            "roe_4q": 3.69,
            "gross_profit": 122383,
            "gross_margin": 8.74,
            "gross_margin_4q_avg": 9.83,
            "net_income": 33758,
            "net_income_4q": null,
            "revenue": 1400424,
            "revenue_4q": null,
            "common_shares": 1990978,
            "book_valuer_per_share": 20.56,
            "book_valuer_per_share_4q_avg": 19.91,
            "equity": 4094398,
            "current_ratio": 178.54,
            "debt_ratio": 39.91,
            "inventory_turnover_ratio": 2.58,
            "account_receivable_turnover_ratio": 0.71,
            "reinvestment_rate": -149.67,
            "research_to_sale_ratio": null,
            "price_fair": 41.04,
            "eps_avg_yearly": 1.17,
            "eps_latest_yearly": 0.68,
            "eps_growth_yearly": 216.8
        },
        "20182": {
            "year_quarter": 20182,
            "year": 2018,
            "quarter": 2,
            "eps": 0.29,
            "eps_growth_year": 866.67,
            "eps_4q": 1.04,
            "eps_4q_growth_year": 15.37,
            "roe": 1.4,
            "roe_4q": 4.96,
            "gross_profit": 141204,
            "gross_margin": 9.14,
            "gross_margin_4q_avg": 10.08,
            "net_income": 55835,
            "net_income_4q": null,
            "revenue": 1545387,
            "revenue_4q": null,
            "common_shares": 1890978,
            "book_valuer_per_share": 20.5,
            "book_valuer_per_share_4q_avg": 20.23,
            "equity": 3876890,
            "current_ratio": 171.63,
            "debt_ratio": 43.46,
            "inventory_turnover_ratio": 2.83,
            "account_receivable_turnover_ratio": 0.78,
            "reinvestment_rate": -152.12,
            "research_to_sale_ratio": null,
            "price_fair": 39.99,
            "eps_avg_yearly": 1.14,
            "eps_latest_yearly": 1.16,
            "eps_growth_yearly": 227.41
        },
        "20183": {
            "year_quarter": 20183,
            "year": 2018,
            "quarter": 3,
            "eps": 0.64,
            "eps_growth_year": 100,
            "eps_4q": 1.42,
            "eps_4q_growth_year": 76.41,
            "roe": 3.08,
            "roe_4q": 6.390000000000001,
            "gross_profit": 312494,
            "gross_margin": 17.49,
            "gross_margin_4q_avg": 11.46,
            "net_income": 115665,
            "net_income_4q": null,
            "revenue": 1786435,
            "revenue_4q": null,
            "common_shares": 1890978,
            "book_valuer_per_share": 22.91,
            "book_valuer_per_share_4q_avg": 21.01,
            "equity": 3644144,
            "current_ratio": 177.87,
            "debt_ratio": 49.93,
            "inventory_turnover_ratio": 2.96,
            "account_receivable_turnover_ratio": 0.81,
            "reinvestment_rate": -171.5,
            "research_to_sale_ratio": null,
            "price_fair": 40.34,
            "eps_avg_yearly": 1.15,
            "eps_latest_yearly": 2.56,
            "eps_growth_yearly": 246
        },
        "20184": {
            "year_quarter": 20184,
            "year": 2018,
            "quarter": 4,
            "eps": 0.53,
            "eps_growth_year": 147.74,
            "eps_4q": 1.71,
            "eps_4q_growth_year": 128.32,
            "roe": 2.5,
            "roe_4q": 7.8100000000000005,
            "gross_profit": 255540,
            "gross_margin": 15.67,
            "gross_margin_4q_avg": 12.76,
            "net_income": 92575,
            "net_income_4q": null,
            "revenue": 1630682,
            "revenue_4q": null,
            "common_shares": 1740978,
            "book_valuer_per_share": 21.65,
            "book_valuer_per_share_4q_avg": 21.41,
            "equity": 3768364,
            "current_ratio": 142.87,
            "debt_ratio": 53.21,
            "inventory_turnover_ratio": 2.56,
            "account_receivable_turnover_ratio": 0.72,
            "reinvestment_rate": -78.32,
            "research_to_sale_ratio": null,
            "price_fair": 41.13,
            "eps_avg_yearly": 1.18,
            "eps_latest_yearly": 2.12,
            "eps_growth_yearly": 248.37
        }
    },
    "months": {
        "2001-06": {
            "month": "2001-06",
            "price": "20.94",
            "revenue": 119206
        },
        "2001-07": {
            "month": "2001-07",
            "price": "17.56",
            "revenue": 190279
        },
        "2001-08": {
            "month": "2001-08",
            "price": "19.61",
            "revenue": 196405
        },
        "2001-09": {
            "month": "2001-09",
            "price": "14.88",
            "revenue": 219289
        },
        "2001-10": {
            "month": "2001-10",
            "price": "14.87",
            "revenue": 243888
        },
        "2001-11": {
            "month": "2001-11",
            "price": "18.24",
            "revenue": 203407
        },
        "2001-12": {
            "month": "2001-12",
            "price": "24.64",
            "revenue": 183825
        },
        "2002-01": {
            "month": "2002-01",
            "price": "28.91",
            "revenue": 247136
        },
        "2002-02": {
            "month": "2002-02",
            "price": "29.82",
            "revenue": 167978
        },
        "2002-03": {
            "month": "2002-03",
            "price": "28.89",
            "revenue": 136577
        },
        "2002-04": {
            "month": "2002-04",
            "price": "27.01",
            "revenue": 128313
        },
        "2002-05": {
            "month": "2002-05",
            "price": "24.50",
            "revenue": 127844
        },
        "2002-06": {
            "month": "2002-06",
            "price": "23.25",
            "revenue": 109198
        },
        "2002-07": {
            "month": "2002-07",
            "price": "19.43",
            "revenue": 157140
        },
        "2002-08": {
            "month": "2002-08",
            "price": "14.50",
            "revenue": 134449
        },
        "2002-09": {
            "month": "2002-09",
            "price": "13.67",
            "revenue": 182299
        },
        "2002-10": {
            "month": "2002-10",
            "price": "13.01",
            "revenue": 202943
        },
        "2002-11": {
            "month": "2002-11",
            "price": "13.21",
            "revenue": 168434
        },
        "2002-12": {
            "month": "2002-12",
            "price": "12.27",
            "revenue": 118740
        },
        "2003-01": {
            "month": "2003-01",
            "price": "12.09",
            "revenue": 159101
        },
        "2003-02": {
            "month": "2003-02",
            "price": "11.44",
            "revenue": 155243
        },
        "2003-03": {
            "month": "2003-03",
            "price": "10.25",
            "revenue": 184547
        },
        "2003-04": {
            "month": "2003-04",
            "price": "9.62",
            "revenue": 138396
        },
        "2003-05": {
            "month": "2003-05",
            "price": "8.62",
            "revenue": 154574
        },
        "2003-06": {
            "month": "2003-06",
            "price": "9.74",
            "revenue": 116147
        },
        "2003-07": {
            "month": "2003-07",
            "price": "10.43",
            "revenue": 142211
        },
        "2003-08": {
            "month": "2003-08",
            "price": "9.72",
            "revenue": 188759
        },
        "2003-09": {
            "month": "2003-09",
            "price": "9.21",
            "revenue": 215498
        },
        "2003-10": {
            "month": "2003-10",
            "price": "9.29",
            "revenue": 203357
        },
        "2003-11": {
            "month": "2003-11",
            "price": "9.87",
            "revenue": 138046
        },
        "2003-12": {
            "month": "2003-12",
            "price": "9.62",
            "revenue": 117281
        },
        "2004-01": {
            "month": "2004-01",
            "price": "9.81",
            "revenue": 127700
        },
        "2004-02": {
            "month": "2004-02",
            "price": "10.78",
            "revenue": 144102
        },
        "2004-03": {
            "month": "2004-03",
            "price": "10.71",
            "revenue": 134012
        },
        "2004-04": {
            "month": "2004-04",
            "price": "10.22",
            "revenue": 83531
        },
        "2004-05": {
            "month": "2004-05",
            "price": "8.17",
            "revenue": 101989
        },
        "2004-06": {
            "month": "2004-06",
            "price": "8.17",
            "revenue": 99226
        },
        "2004-07": {
            "month": "2004-07",
            "price": "7.47",
            "revenue": 137857
        },
        "2004-08": {
            "month": "2004-08",
            "price": "6.77",
            "revenue": 148355
        },
        "2004-09": {
            "month": "2004-09",
            "price": "6.26",
            "revenue": 178995
        },
        "2004-10": {
            "month": "2004-10",
            "price": "5.66",
            "revenue": 193113
        },
        "2004-11": {
            "month": "2004-11",
            "price": "5.34",
            "revenue": 162561
        },
        "2004-12": {
            "month": "2004-12",
            "price": "4.30",
            "revenue": 138274
        },
        "2005-01": {
            "month": "2005-01",
            "price": "4.03",
            "revenue": 116815
        },
        "2005-02": {
            "month": "2005-02",
            "price": "4.02",
            "revenue": 79433
        },
        "2005-03": {
            "month": "2005-03",
            "price": "3.91",
            "revenue": 152891
        },
        "2005-04": {
            "month": "2005-04",
            "price": "4.23",
            "revenue": 135431
        },
        "2005-05": {
            "month": "2005-05",
            "price": "4.58",
            "revenue": 123724
        },
        "2005-06": {
            "month": "2005-06",
            "price": "4.52",
            "revenue": 113139
        },
        "2005-07": {
            "month": "2005-07",
            "price": "4.56",
            "revenue": 176291
        },
        "2005-08": {
            "month": "2005-08",
            "price": "4.41",
            "revenue": 195419
        },
        "2005-09": {
            "month": "2005-09",
            "price": "5.21",
            "revenue": 226987
        },
        "2005-10": {
            "month": "2005-10",
            "price": "5.25",
            "revenue": 241828
        },
        "2005-11": {
            "month": "2005-11",
            "price": "5.89",
            "revenue": 206618
        },
        "2005-12": {
            "month": "2005-12",
            "price": "7.29",
            "revenue": 203381
        },
        "2006-01": {
            "month": "2006-01",
            "price": "10.08",
            "revenue": 254535
        },
        "2006-02": {
            "month": "2006-02",
            "price": "13.84",
            "revenue": 233424
        },
        "2006-03": {
            "month": "2006-03",
            "price": "14.02",
            "revenue": 273781
        },
        "2006-04": {
            "month": "2006-04",
            "price": "15.59",
            "revenue": 262194
        },
        "2006-05": {
            "month": "2006-05",
            "price": "15.08",
            "revenue": 232118
        },
        "2006-06": {
            "month": "2006-06",
            "price": "11.27",
            "revenue": 179669
        },
        "2006-07": {
            "month": "2006-07",
            "price": "9.62",
            "revenue": 209014
        },
        "2006-08": {
            "month": "2006-08",
            "price": "9.67",
            "revenue": 273077
        },
        "2006-09": {
            "month": "2006-09",
            "price": "9.35",
            "revenue": 303130
        },
        "2006-10": {
            "month": "2006-10",
            "price": "11.22",
            "revenue": 305566
        },
        "2006-11": {
            "month": "2006-11",
            "price": "12.83",
            "revenue": 296763
        },
        "2006-12": {
            "month": "2006-12",
            "price": "13.07",
            "revenue": 172113
        },
        "2007-01": {
            "month": "2007-01",
            "price": "12.93",
            "revenue": 261852
        },
        "2007-02": {
            "month": "2007-02",
            "price": "12.87",
            "revenue": 160893
        },
        "2007-03": {
            "month": "2007-03",
            "price": "12.84",
            "revenue": 190517
        },
        "2007-04": {
            "month": "2007-04",
            "price": "12.76",
            "revenue": 228003
        },
        "2007-05": {
            "month": "2007-05",
            "price": "12.35",
            "revenue": 248379
        },
        "2007-06": {
            "month": "2007-06",
            "price": "12.22",
            "revenue": 233293
        },
        "2007-07": {
            "month": "2007-07",
            "price": "13.15",
            "revenue": 290487
        },
        "2007-08": {
            "month": "2007-08",
            "price": "11.58",
            "revenue": 217073
        },
        "2007-09": {
            "month": "2007-09",
            "price": "9.82",
            "revenue": 244377
        },
        "2007-10": {
            "month": "2007-10",
            "price": "8.79",
            "revenue": 266662
        },
        "2007-11": {
            "month": "2007-11",
            "price": "7.16",
            "revenue": 262754
        },
        "2007-12": {
            "month": "2007-12",
            "price": "6.89",
            "revenue": 191816
        },
        "2008-01": {
            "month": "2008-01",
            "price": "5.66",
            "revenue": 311093
        },
        "2008-02": {
            "month": "2008-02",
            "price": "5.28",
            "revenue": 206066
        },
        "2008-03": {
            "month": "2008-03",
            "price": "6.09",
            "revenue": 244835
        },
        "2008-04": {
            "month": "2008-04",
            "price": "6.76",
            "revenue": 195354
        },
        "2008-05": {
            "month": "2008-05",
            "price": "5.89",
            "revenue": 207148
        },
        "2008-06": {
            "month": "2008-06",
            "price": "4.50",
            "revenue": 235026
        },
        "2008-07": {
            "month": "2008-07",
            "price": "4.80",
            "revenue": 229881
        },
        "2008-08": {
            "month": "2008-08",
            "price": "4.35",
            "revenue": 308646
        },
        "2008-09": {
            "month": "2008-09",
            "price": "4.46",
            "revenue": 369937
        },
        "2008-10": {
            "month": "2008-10",
            "price": "4.51",
            "revenue": 366906
        },
        "2008-11": {
            "month": "2008-11",
            "price": "3.36",
            "revenue": 164918
        },
        "2008-12": {
            "month": "2008-12",
            "price": "2.57",
            "revenue": 124929
        },
        "2009-01": {
            "month": "2009-01",
            "price": "2.97",
            "revenue": 125684
        },
        "2009-02": {
            "month": "2009-02",
            "price": "3.25",
            "revenue": 141427
        },
        "2009-03": {
            "month": "2009-03",
            "price": "3.54",
            "revenue": 285717
        },
        "2009-04": {
            "month": "2009-04",
            "price": "5.24",
            "revenue": 307777
        },
        "2009-05": {
            "month": "2009-05",
            "price": "5.78",
            "revenue": 278735
        },
        "2009-06": {
            "month": "2009-06",
            "price": "7.47",
            "revenue": 275376
        },
        "2009-07": {
            "month": "2009-07",
            "price": "7.82",
            "revenue": 377529
        },
        "2009-08": {
            "month": "2009-08",
            "price": "10.62",
            "revenue": 405948
        },
        "2009-09": {
            "month": "2009-09",
            "price": "16.18",
            "revenue": 393929
        },
        "2009-10": {
            "month": "2009-10",
            "price": "25.24",
            "revenue": 382853
        },
        "2009-11": {
            "month": "2009-11",
            "price": "25.81",
            "revenue": 403480
        },
        "2009-12": {
            "month": "2009-12",
            "price": "33.01",
            "revenue": 348108
        },
        "2010-01": {
            "month": "2010-01",
            "price": "34.04",
            "revenue": 410937
        },
        "2010-02": {
            "month": "2010-02",
            "price": "32.70",
            "revenue": 365052
        },
        "2010-03": {
            "month": "2010-03",
            "price": "35.16",
            "revenue": 452378
        },
        "2010-04": {
            "month": "2010-04",
            "price": "36.47",
            "revenue": 479942
        },
        "2010-05": {
            "month": "2010-05",
            "price": "34.13",
            "revenue": 502006
        },
        "2010-06": {
            "month": "2010-06",
            "price": "32.04",
            "revenue": 472978
        },
        "2010-07": {
            "month": "2010-07",
            "price": "33.01",
            "revenue": 503892
        },
        "2010-08": {
            "month": "2010-08",
            "price": "32.27",
            "revenue": 398728
        },
        "2010-09": {
            "month": "2010-09",
            "price": "27.15",
            "revenue": 406221
        },
        "2010-10": {
            "month": "2010-10",
            "price": "23.25",
            "revenue": 291196
        },
        "2010-11": {
            "month": "2010-11",
            "price": "19.58",
            "revenue": 300472
        },
        "2010-12": {
            "month": "2010-12",
            "price": "21.07",
            "revenue": 327802
        },
        "2011-01": {
            "month": "2011-01",
            "price": "19.61",
            "revenue": 399853
        },
        "2011-02": {
            "month": "2011-02",
            "price": "17.79",
            "revenue": 299164
        },
        "2011-03": {
            "month": "2011-03",
            "price": "16.79",
            "revenue": 359722
        },
        "2011-04": {
            "month": "2011-04",
            "price": "16.07",
            "revenue": 345953
        },
        "2011-05": {
            "month": "2011-05",
            "price": "14.60",
            "revenue": 367706
        },
        "2011-06": {
            "month": "2011-06",
            "price": "14.17",
            "revenue": 310721
        },
        "2011-07": {
            "month": "2011-07",
            "price": "12.01",
            "revenue": 304263
        },
        "2011-08": {
            "month": "2011-08",
            "price": "9.88",
            "revenue": 309249
        },
        "2011-09": {
            "month": "2011-09",
            "price": "8.87",
            "revenue": 382572
        },
        "2011-10": {
            "month": "2011-10",
            "price": "8.87",
            "revenue": 467197
        },
        "2011-11": {
            "month": "2011-11",
            "price": "9.34",
            "revenue": 422562
        },
        "2011-12": {
            "month": "2011-12",
            "price": "8.57",
            "revenue": 456324
        },
        "2012-01": {
            "month": "2012-01",
            "price": "8.56",
            "revenue": 507269
        },
        "2012-02": {
            "month": "2012-02",
            "price": "13.03",
            "revenue": 531644
        },
        "2012-03": {
            "month": "2012-03",
            "price": "15.25",
            "revenue": 716645
        },
        "2012-04": {
            "month": "2012-04",
            "price": "17.41",
            "revenue": 748393
        },
        "2012-05": {
            "month": "2012-05",
            "price": "18.83",
            "revenue": 696042
        },
        "2012-06": {
            "month": "2012-06",
            "price": "18.01",
            "revenue": 556994
        },
        "2012-07": {
            "month": "2012-07",
            "price": "17.73",
            "revenue": 660911
        },
        "2012-08": {
            "month": "2012-08",
            "price": "20.35",
            "revenue": 673883
        },
        "2012-09": {
            "month": "2012-09",
            "price": "20.84",
            "revenue": 739770
        },
        "2012-10": {
            "month": "2012-10",
            "price": "19.75",
            "revenue": 711430
        },
        "2012-11": {
            "month": "2012-11",
            "price": "19.94",
            "revenue": 600386
        },
        "2012-12": {
            "month": "2012-12",
            "price": "19.52",
            "revenue": 558079
        },
        "2013-01": {
            "month": "2013-01",
            "price": "19.21",
            "revenue": 687619
        },
        "2013-02": {
            "month": "2013-02",
            "price": "19.81",
            "revenue": 484701
        },
        "2013-03": {
            "month": "2013-03",
            "price": "20.42",
            "revenue": 601529
        },
        "2013-04": {
            "month": "2013-04",
            "price": "21.66",
            "revenue": 579140
        },
        "2013-05": {
            "month": "2013-05",
            "price": "21.82",
            "revenue": 583145
        },
        "2013-06": {
            "month": "2013-06",
            "price": "21.32",
            "revenue": 544341
        },
        "2013-07": {
            "month": "2013-07",
            "price": "19.51",
            "revenue": 576633
        },
        "2013-08": {
            "month": "2013-08",
            "price": "20.12",
            "revenue": 569998
        },
        "2013-09": {
            "month": "2013-09",
            "price": "20.22",
            "revenue": 594586
        },
        "2013-10": {
            "month": "2013-10",
            "price": "20.82",
            "revenue": 536335
        },
        "2013-11": {
            "month": "2013-11",
            "price": "20.37",
            "revenue": 546267
        },
        "2013-12": {
            "month": "2013-12",
            "price": "20.52",
            "revenue": 534812
        },
        "2014-01": {
            "month": "2014-01",
            "price": "21.40",
            "revenue": 538441
        },
        "2014-02": {
            "month": "2014-02",
            "price": "20.61",
            "revenue": 442425
        },
        "2014-03": {
            "month": "2014-03",
            "price": "21.75",
            "revenue": 586544
        },
        "2014-04": {
            "month": "2014-04",
            "price": "23.27",
            "revenue": 578331
        },
        "2014-05": {
            "month": "2014-05",
            "price": "22.00",
            "revenue": 538457
        },
        "2014-06": {
            "month": "2014-06",
            "price": "21.46",
            "revenue": 505696
        },
        "2014-07": {
            "month": "2014-07",
            "price": "18.89",
            "revenue": 575625
        },
        "2014-08": {
            "month": "2014-08",
            "price": "18.09",
            "revenue": 578455
        },
        "2014-09": {
            "month": "2014-09",
            "price": "17.87",
            "revenue": 570029
        },
        "2014-10": {
            "month": "2014-10",
            "price": "16.10",
            "revenue": 563233
        },
        "2014-11": {
            "month": "2014-11",
            "price": "15.98",
            "revenue": 525485
        },
        "2014-12": {
            "month": "2014-12",
            "price": "17.37",
            "revenue": 513279
        },
        "2015-01": {
            "month": "2015-01",
            "price": "17.25",
            "revenue": 541516
        },
        "2015-02": {
            "month": "2015-02",
            "price": "17.20",
            "revenue": 418478
        },
        "2015-03": {
            "month": "2015-03",
            "price": "17.58",
            "revenue": 534005
        },
        "2015-04": {
            "month": "2015-04",
            "price": "17.20",
            "revenue": 539562
        },
        "2015-05": {
            "month": "2015-05",
            "price": "15.52",
            "revenue": 450131
        },
        "2015-06": {
            "month": "2015-06",
            "price": "13.85",
            "revenue": 426701
        },
        "2015-07": {
            "month": "2015-07",
            "price": "12.08",
            "revenue": 487197
        },
        "2015-08": {
            "month": "2015-08",
            "price": "10.84",
            "revenue": 529627
        },
        "2015-09": {
            "month": "2015-09",
            "price": "11.26",
            "revenue": 572235
        },
        "2015-10": {
            "month": "2015-10",
            "price": "12.10",
            "revenue": 567179
        },
        "2015-11": {
            "month": "2015-11",
            "price": "11.77",
            "revenue": 538103
        },
        "2015-12": {
            "month": "2015-12",
            "price": "10.90",
            "revenue": 458759
        },
        "2016-01": {
            "month": "2016-01",
            "price": "10.21",
            "revenue": 472048
        },
        "2016-02": {
            "month": "2016-02",
            "price": "10.67",
            "revenue": 387042
        },
        "2016-03": {
            "month": "2016-03",
            "price": "11.32",
            "revenue": 486322
        },
        "2016-04": {
            "month": "2016-04",
            "price": "11.04",
            "revenue": 488930
        },
        "2016-05": {
            "month": "2016-05",
            "price": "10.10",
            "revenue": 520228
        },
        "2016-06": {
            "month": "2016-06",
            "price": "10.25",
            "revenue": 490583
        },
        "2016-07": {
            "month": "2016-07",
            "price": "10.20",
            "revenue": 540875
        },
        "2016-08": {
            "month": "2016-08",
            "price": "11.58",
            "revenue": 541921
        },
        "2016-09": {
            "month": "2016-09",
            "price": "12.53",
            "revenue": 550760
        },
        "2016-10": {
            "month": "2016-10",
            "price": "12.20",
            "revenue": 551451
        },
        "2016-11": {
            "month": "2016-11",
            "price": "12.01",
            "revenue": 589576
        },
        "2016-12": {
            "month": "2016-12",
            "price": "13.03",
            "revenue": 523026
        },
        "2017-01": {
            "month": "2017-01",
            "price": "13.08",
            "revenue": 447961
        },
        "2017-02": {
            "month": "2017-02",
            "price": "13.92",
            "revenue": 425293
        },
        "2017-03": {
            "month": "2017-03",
            "price": "13.90",
            "revenue": 489887
        },
        "2017-04": {
            "month": "2017-04",
            "price": "13.07",
            "revenue": 479564
        },
        "2017-05": {
            "month": "2017-05",
            "price": "12.32",
            "revenue": 486273
        },
        "2017-06": {
            "month": "2017-06",
            "price": "12.15",
            "revenue": 451023
        },
        "2017-07": {
            "month": "2017-07",
            "price": "11.97",
            "revenue": 553425
        },
        "2017-08": {
            "month": "2017-08",
            "price": "11.67",
            "revenue": 521468
        },
        "2017-09": {
            "month": "2017-09",
            "price": "12.52",
            "revenue": 514754
        },
        "2017-10": {
            "month": "2017-10",
            "price": "12.37",
            "revenue": 496170
        },
        "2017-11": {
            "month": "2017-11",
            "price": "12.28",
            "revenue": 525903
        },
        "2017-12": {
            "month": "2017-12",
            "price": "11.99",
            "revenue": 527332
        },
        "2018-01": {
            "month": "2018-01",
            "price": "12.09",
            "revenue": 530482
        },
        "2018-02": {
            "month": "2018-02",
            "price": "11.59",
            "revenue": 408736
        },
        "2018-03": {
            "month": "2018-03",
            "price": "11.65",
            "revenue": 461206
        },
        "2018-04": {
            "month": "2018-04",
            "price": "12.09",
            "revenue": 478815
        },
        "2018-05": {
            "month": "2018-05",
            "price": "11.97",
            "revenue": 532011
        },
        "2018-06": {
            "month": "2018-06",
            "price": "12.40",
            "revenue": 534562
        },
        "2018-07": {
            "month": "2018-07",
            "price": "12.30",
            "revenue": 582600
        },
        "2018-08": {
            "month": "2018-08",
            "price": "13.41",
            "revenue": 624952
        },
        "2018-09": {
            "month": "2018-09",
            "price": "14.07",
            "revenue": 578883
        },
        "2018-10": {
            "month": "2018-10",
            "price": "12.36",
            "revenue": 578975
        },
        "2018-11": {
            "month": "2018-11",
            "price": "13.20",
            "revenue": 571184
        },
        "2018-12": {
            "month": "2018-12",
            "price": "15.07",
            "revenue": 480523
        },
        "2019-01": {
            "month": "2019-01",
            "price": "15.33",
            "revenue": 502111
        },
        "2019-02": {
            "month": "2019-02",
            "price": "15.41",
            "revenue": 395721
        }
    }
}
