{
    "summary": {
        "stock_name": "新華",
        "stock_id": "5481",
        "category": "其他",
        "main_business": "權利金收入<br>教材收入<br>其他",
        "website_url": "http://www.sinotact.com/",
        "ceo": "李文杰",
        "pe_ratio": -143,
        "report_year_from": 2001,
        "report_year_to": 2023,
        "age": 22,
        "eps_negative_percentage": 52,
        "eps_growth_avg": {
            "last_all": -37.33,
            "last_2y": -85.73,
            "last_4y": -90.48,
            "last_8y": -92.86,
            "last_12y": -92.86,
            "last_16y": -72.35,
            "last_20y": -37.33,
            "at_2006_last_3y": 44.59,
            "at_2007_last_3y": 7.52,
            "at_2008_last_3y": -42.48,
            "at_2009_last_3y": -45,
            "at_2010_last_3y": -85.31,
            "at_2011_last_3y": -100,
            "at_2012_last_3y": null,
            "at_2013_last_3y": null,
            "at_2014_last_3y": null,
            "at_2015_last_3y": null,
            "at_2016_last_3y": null,
            "at_2017_last_3y": -100,
            "at_2018_last_3y": -100,
            "at_2019_last_3y": -100,
            "at_2020_last_3y": -100,
            "at_2021_last_3y": -85.73,
            "at_2022_last_3y": -90.48,
            "at_2023_last_3y": -90.48,
            "at_2006_last_all": 26.3,
            "at_2007_last_all": 10.15,
            "at_2008_last_all": -5.59,
            "at_2009_last_all": -5.59,
            "at_2010_last_all": -5.59,
            "at_2011_last_all": -5.59,
            "at_2012_last_all": -5.59,
            "at_2013_last_all": -5.59,
            "at_2014_last_all": -5.59,
            "at_2015_last_all": -5.59,
            "at_2016_last_all": -5.59,
            "at_2017_last_all": -17.39,
            "at_2018_last_all": -17.39,
            "at_2019_last_all": -26.57,
            "at_2020_last_all": -26.57,
            "at_2021_last_all": -31.06,
            "at_2022_last_all": -37.33,
            "at_2023_last_all": -37.33
        },
        "latest_eps": -0.09,
        "latest_price": 12.85,
        "latest_roe": -0.53,
        "latest_gross_margin": 57.73,
        "latest_equity": 1273625,
        "latest_revenue": 23189,
        "latest_gross_profit": 13388,
        "latest_net_income": -8478,
        "latest_debt_ratio": 23.24,
        "latest_current_ratio": 2267.14,
        "latest_account_receivable_turnover_ratio": 3.49,
        "latest_inventory_turnover_ratio": 0.69,
        "latest_reinvestment_rate": -75.93,
        "latest_research_to_sale_ratio": null
    },
    "eps_dividends": {
        "1999": {
            "cash": 0.5,
            "stock": 1.5,
            "eps": 0
        },
        "2000": {
            "cash": 0.5,
            "stock": 1.5,
            "eps": 0
        },
        "2001": {
            "cash": 0,
            "stock": 0,
            "eps": 1.6
        },
        "2002": {
            "cash": 0.5,
            "stock": 0.5,
            "eps": 0.85
        },
        "2003": {
            "cash": 0.25,
            "stock": 0.25,
            "eps": 1.51
        },
        "2004": {
            "cash": 0.5,
            "stock": 0.5,
            "eps": 4.01
        },
        "2005": {
            "cash": 1.5,
            "stock": 1,
            "eps": 2.61
        },
        "2006": {
            "cash": 0.94,
            "stock": 0.47,
            "eps": 3.54
        },
        "2007": {
            "cash": 1.2,
            "stock": 0.5,
            "eps": 1.04
        },
        "2008": {
            "cash": 0.75,
            "stock": 0,
            "eps": -2.57
        },
        "2009": {
            "cash": 0,
            "stock": 0,
            "eps": -1.8
        },
        "2010": {
            "cash": 0,
            "stock": 0,
            "eps": -0.16
        },
        "2011": {
            "cash": 0,
            "stock": 0,
            "eps": -0.24
        },
        "2012": {
            "cash": 0,
            "stock": 0,
            "eps": -3.77
        },
        "2013": {
            "cash": 0,
            "stock": 0,
            "eps": -1.51
        },
        "2014": {
            "cash": 0,
            "stock": 0,
            "eps": -0.36
        },
        "2015": {
            "cash": 0,
            "stock": 0,
            "eps": -1.37
        },
        "2016": {
            "cash": 0,
            "stock": 0,
            "eps": 1
        },
        "2017": {
            "cash": 0,
            "stock": 0,
            "eps": -0.52
        },
        "2018": {
            "cash": 0,
            "stock": 0,
            "eps": 2.73
        },
        "2019": {
            "cash": 0.4,
            "stock": 0,
            "eps": -2.54
        },
        "2020": {
            "cash": 0,
            "stock": 0,
            "eps": 6.2
        },
        "2021": {
            "cash": 0.4,
            "stock": 0,
            "eps": 1.77
        },
        "2022": {
            "cash": 0.6,
            "stock": 0,
            "eps": -0.13
        },
        "2023": {
            "cash": 0,
            "stock": 0,
            "eps": -0.12
        }
    },
    "dividends": {
        "1999-06-03": {
            "cash": 0.5,
            "stock": 1.5
        },
        "2000-05-17": {
            "cash": 0.5,
            "stock": 1.5
        },
        "2002-06-21": {
            "cash": 0.5,
            "stock": 0.5
        },
        "2003-06-27": {
            "cash": 0.25,
            "stock": 0.25
        },
        "2004-03-08": {
            "cash": 0.5,
            "stock": 0.5
        },
        "2005-03-29": {
            "cash": 1.5,
            "stock": 1
        },
        "2006-03-21": {
            "cash": 0.94,
            "stock": 0.47
        },
        "2007-03-23": {
            "cash": 1.2,
            "stock": 0.5
        },
        "2008-03-26": {
            "cash": 0.75,
            "stock": 0
        },
        "2019-11-14": {
            "cash": 0.4,
            "stock": 0
        },
        "2021-09-17": {
            "cash": 0.4,
            "stock": 0
        },
        "2022-05-27": {
            "cash": 0.6,
            "stock": 0
        }
    },
    "prices": {
        "200101": "無",
        "200102": "無",
        "200103": "無",
        "200104": "52.75",
        "200105": "46.38",
        "200106": "38.76",
        "200107": "30.15",
        "200108": "31.47",
        "200109": "24.96",
        "200110": "17.80",
        "200111": "20.63",
        "200112": "27.86",
        "200201": "28.30",
        "200202": "28.61",
        "200203": "29.14",
        "200204": "35.19",
        "200205": "31.36",
        "200206": "31.48",
        "200207": "23.13",
        "200208": "18.42",
        "200209": "17.84",
        "200210": "16.08",
        "200211": "15.60",
        "200212": "15.39",
        "200301": "15.65",
        "200302": "14.87",
        "200303": "13.87",
        "200304": "12.94",
        "200305": "11.22",
        "200306": "12.99",
        "200307": "19.48",
        "200308": "19.36",
        "200309": "16.49",
        "200310": "20.61",
        "200311": "25.36",
        "200312": "26.11",
        "200401": "25.62",
        "200402": "25.62",
        "200403": "29.97",
        "200404": "36.30",
        "200405": "39.40",
        "200406": "40.44",
        "200407": "33.80",
        "200408": "33.12",
        "200409": "37.05",
        "200410": "31.64",
        "200411": "28.55",
        "200412": "26.63",
        "200501": "22.65",
        "200502": "25.05",
        "200503": "26.07",
        "200504": "24.16",
        "200505": "21.83",
        "200506": "22.58",
        "200507": "22.93",
        "200508": "17.28",
        "200509": "15.35",
        "200510": "17.12",
        "200511": "17.22",
        "200512": "21.50",
        "200601": "28.52",
        "200602": "24.77",
        "200603": "24.77",
        "200604": "28.64",
        "200605": "36.71",
        "200606": "32.43",
        "200607": "31.12",
        "200608": "30.83",
        "200609": "30.85",
        "200610": "29.84",
        "200611": "29.85",
        "200612": "29.08",
        "200701": "28.63",
        "200702": "28.47",
        "200703": "27.21",
        "200704": "27.88",
        "200705": "25.73",
        "200706": "26.73",
        "200707": "27.65",
        "200708": "25.95",
        "200709": "22.52",
        "200710": "21.12",
        "200711": "17.98",
        "200712": "15.67",
        "200801": "14.58",
        "200802": "14.78",
        "200803": "14.82",
        "200804": "15.10",
        "200805": "14.32",
        "200806": "12.64",
        "200807": "10.86",
        "200808": "10.85",
        "200809": "9.75",
        "200810": "8.37",
        "200811": "6.61",
        "200812": "5.98",
        "200901": "5.88",
        "200902": "6.28",
        "200903": "7.68",
        "200904": "9.49",
        "200905": "9.62",
        "200906": "8.60",
        "200907": "9.41",
        "200908": "9.66",
        "200909": "11.91",
        "200910": "14.98",
        "200911": "14.30",
        "200912": "14.86",
        "201001": "14.32",
        "201002": "13.04",
        "201003": "15.15",
        "201004": "17.13",
        "201005": "16.58",
        "201006": "14.78",
        "201007": "15.07",
        "201008": "16.08",
        "201009": "16.14",
        "201010": "14.36",
        "201011": "11.90",
        "201012": "13.45",
        "201101": "13.86",
        "201102": "14.81",
        "201103": "14.26",
        "201104": "14.76",
        "201105": "15.22",
        "201106": "14.90",
        "201107": "13.30",
        "201108": "11.75",
        "201109": "11.21",
        "201110": "11.74",
        "201111": "9.83",
        "201112": "8.49",
        "201201": "8.27",
        "201202": "9.96",
        "201203": "10.36",
        "201204": "10.27",
        "201205": "10.21",
        "201206": "10.23",
        "201207": "10.12",
        "201208": "10.17",
        "201209": "9.59",
        "201210": "8.66",
        "201211": "7.54",
        "201212": "7.28",
        "201301": "7.39",
        "201302": "7.36",
        "201303": "7.35",
        "201304": "7.76",
        "201305": "7.81",
        "201306": "7.96",
        "201307": "7.99",
        "201308": "8.26",
        "201309": "9.02",
        "201310": "8.50",
        "201311": "8.51",
        "201312": "8.60",
        "201401": "8.94",
        "201402": "9.33",
        "201403": "9.02",
        "201404": "8.90",
        "201405": "10.77",
        "201406": "11.96",
        "201407": "15.79",
        "201408": "18.38",
        "201409": "19.90",
        "201410": "18.45",
        "201411": "18.61",
        "201412": "19.49",
        "201501": "20.78",
        "201502": "20.05",
        "201503": "18.52",
        "201504": "18.72",
        "201505": "18.15",
        "201506": "16.17",
        "201507": "16.72",
        "201508": "15.96",
        "201509": "16.51",
        "201510": "16.65",
        "201511": "14.93",
        "201512": "16.01",
        "201601": "16.04",
        "201602": "15.50",
        "201603": "14.69",
        "201604": "15.55",
        "201605": "15.98",
        "201606": "15.70",
        "201607": "15.47",
        "201608": "15.45",
        "201609": "16.06",
        "201610": "17.38",
        "201611": "16.91",
        "201612": "17.14",
        "201701": "16.70",
        "201702": "17.00",
        "201703": "18.13",
        "201704": "18.00",
        "201705": "17.07",
        "201706": "16.37",
        "201707": "16.41",
        "201708": "16.79",
        "201709": "17.60",
        "201710": "19.58",
        "201711": "22.67",
        "201712": "23.97",
        "201801": "36.76",
        "201802": "35.63",
        "201803": "38.35",
        "201804": "31.40",
        "201805": "21.54",
        "201806": "21.24",
        "201807": "18.36",
        "201808": "17.48",
        "201809": "15.43",
        "201810": "14.89",
        "201811": "15.62",
        "201812": "18.53",
        "201901": "20.13",
        "201902": "20.27",
        "201903": "19.21",
        "201904": "20.10",
        "201905": "20.89",
        "201906": "18.57",
        "201907": "18.78",
        "201908": "17.10",
        "201909": "16.78",
        "201910": "15.46",
        "201911": "15.46",
        "201912": "14.92",
        "202001": "15.21",
        "202002": "14.17",
        "202003": "12.00",
        "202004": "11.77",
        "202005": "12.56",
        "202006": "12.64",
        "202007": "13.67",
        "202008": "14.66",
        "202009": "15.89",
        "202010": "15.25",
        "202011": "16.09",
        "202012": "15.15",
        "202101": "14.10",
        "202102": "13.53",
        "202103": "14.12",
        "202104": "13.99",
        "202105": "12.87",
        "202106": "13.31",
        "202107": "12.86",
        "202108": "12.38",
        "202109": "13.14",
        "202110": "13.00",
        "202111": "13.10",
        "202112": "13.13",
        "202201": "13.23",
        "202202": "13.19",
        "202203": "13.06",
        "202204": "13.16",
        "202205": "12.68",
        "202206": "12.24",
        "202207": "11.48",
        "202208": "12.37",
        "202209": "13.15",
        "202210": "12.53",
        "202211": "12.45",
        "202212": "12.41",
        "202301": "12.22",
        "202302": "12.38",
        "202303": "12.57",
        "202304": "12.67",
        "202305": "12.90",
        "202306": "12.84"
    },
    "quarters": {
        "20011": {
            "year_quarter": 20011,
            "year": 2001,
            "quarter": 1,
            "eps": 0.62,
            "eps_growth_year": -22.5,
            "eps_4q": 5.02,
            "eps_4q_growth_year": null,
            "roe": 2.45,
            "roe_4q": 2.45,
            "gross_profit": 62954,
            "gross_margin": 15.91,
            "gross_margin_4q_avg": 15.91,
            "net_income": 32928,
            "revenue": 395574,
            "common_shares": 535000,
            "book_valuer_per_share": 25.08,
            "book_valuer_per_share_4q_avg": 25.08,
            "equity": 1341529,
            "current_ratio": 140.17,
            "debt_ratio": 36.61,
            "inventory_turnover_ratio": 1.3,
            "account_receivable_turnover_ratio": null,
            "reinvestment_rate": null,
            "research_to_sale_ratio": null,
            "price_fair": 0,
            "eps_avg_yearly": 0,
            "eps_latest_yearly": 0,
            "eps_growth_yearly": 0
        },
        "20012": {
            "year_quarter": 20012,
            "year": 2001,
            "quarter": 2,
            "eps": 0.5,
            "eps_growth_year": -64.29,
            "eps_4q": 3.43,
            "eps_4q_growth_year": null,
            "roe": 2.4,
            "roe_4q": 4.85,
            "gross_profit": 47603,
            "gross_margin": 12.89,
            "gross_margin_4q_avg": 14.4,
            "net_income": 32648,
            "revenue": 369313,
            "common_shares": 648000,
            "book_valuer_per_share": 21.21,
            "book_valuer_per_share_4q_avg": 23.15,
            "equity": 1374177,
            "current_ratio": 217.45,
            "debt_ratio": 34.37,
            "inventory_turnover_ratio": 1.34,
            "account_receivable_turnover_ratio": null,
            "reinvestment_rate": null,
            "research_to_sale_ratio": null,
            "price_fair": 0,
            "eps_avg_yearly": 0,
            "eps_latest_yearly": 0,
            "eps_growth_yearly": 0
        },
        "20013": {
            "year_quarter": 20013,
            "year": 2001,
            "quarter": 3,
            "eps": 0.23,
            "eps_growth_year": -87.83,
            "eps_4q": 2.14,
            "eps_4q_growth_year": null,
            "roe": 1.07,
            "roe_4q": 5.92,
            "gross_profit": 45724,
            "gross_margin": 13.76,
            "gross_margin_4q_avg": 14.19,
            "net_income": 14828,
            "revenue": 332221,
            "common_shares": 648000,
            "book_valuer_per_share": 21.44,
            "book_valuer_per_share_4q_avg": 22.58,
            "equity": 1389005,
            "current_ratio": 177.23,
            "debt_ratio": 26.77,
            "inventory_turnover_ratio": 1.52,
            "account_receivable_turnover_ratio": null,
            "reinvestment_rate": null,
            "research_to_sale_ratio": null,
            "price_fair": 0,
            "eps_avg_yearly": 0,
            "eps_latest_yearly": 0,
            "eps_growth_yearly": 0
        },
        "20014": {
            "year_quarter": 20014,
            "year": 2001,
            "quarter": 4,
            "eps": 0.25,
            "eps_growth_year": -76.85,
            "eps_4q": 1.49,
            "eps_4q_growth_year": -70.55,
            "roe": 1.16,
            "roe_4q": 7.08,
            "gross_profit": 63073,
            "gross_margin": 20.04,
            "gross_margin_4q_avg": 15.65,
            "net_income": 16228,
            "revenue": 314703,
            "common_shares": 648000,
            "book_valuer_per_share": 21.69,
            "book_valuer_per_share_4q_avg": 22.36,
            "equity": 1405233,
            "current_ratio": 151.6,
            "debt_ratio": 28.42,
            "inventory_turnover_ratio": 1.62,
            "account_receivable_turnover_ratio": null,
            "reinvestment_rate": null,
            "research_to_sale_ratio": null,
            "price_fair": 0,
            "eps_avg_yearly": 0,
            "eps_latest_yearly": 0,
            "eps_growth_yearly": 0
        },
        "20021": {
            "year_quarter": 20021,
            "year": 2002,
            "quarter": 1,
            "eps": 0.25,
            "eps_growth_year": -59.68,
            "eps_4q": 1.26,
            "eps_4q_growth_year": -74.9,
            "roe": 1.14,
            "roe_4q": 5.77,
            "gross_profit": 42018,
            "gross_margin": 15.16,
            "gross_margin_4q_avg": 15.46,
            "net_income": 15773,
            "revenue": 277231,
            "common_shares": 648000,
            "book_valuer_per_share": 21.19,
            "book_valuer_per_share_4q_avg": 21.38,
            "equity": 1372803,
            "current_ratio": 159.38,
            "debt_ratio": 27.98,
            "inventory_turnover_ratio": 1.46,
            "account_receivable_turnover_ratio": null,
            "reinvestment_rate": null,
            "research_to_sale_ratio": null,
            "price_fair": 10,
            "eps_avg_yearly": 1,
            "eps_latest_yearly": 1,
            "eps_growth_yearly": 0
        },
        "20022": {
            "year_quarter": 20022,
            "year": 2002,
            "quarter": 2,
            "eps": 0.33,
            "eps_growth_year": -34,
            "eps_4q": 1.08,
            "eps_4q_growth_year": -68.54,
            "roe": 1.51,
            "roe_4q": 4.88,
            "gross_profit": 41862,
            "gross_margin": 15.31,
            "gross_margin_4q_avg": 16.07,
            "net_income": 20601,
            "revenue": 273369,
            "common_shares": 648000,
            "book_valuer_per_share": 20.89,
            "book_valuer_per_share_4q_avg": 21.3,
            "equity": 1353704,
            "current_ratio": 143.2,
            "debt_ratio": 33.06,
            "inventory_turnover_ratio": 1.1,
            "account_receivable_turnover_ratio": null,
            "reinvestment_rate": null,
            "research_to_sale_ratio": null,
            "price_fair": 40.6,
            "eps_avg_yearly": 1.16,
            "eps_latest_yearly": 1.32,
            "eps_growth_yearly": 64
        },
        "20023": {
            "year_quarter": 20023,
            "year": 2002,
            "quarter": 3,
            "eps": 0.22,
            "eps_growth_year": -4.35,
            "eps_4q": 1.04,
            "eps_4q_growth_year": -51.63,
            "roe": 1.04,
            "roe_4q": 4.85,
            "gross_profit": 42882,
            "gross_margin": 14.54,
            "gross_margin_4q_avg": 16.26,
            "net_income": 14174,
            "revenue": 294883,
            "common_shares": 683400,
            "book_valuer_per_share": 20.02,
            "book_valuer_per_share_4q_avg": 20.95,
            "equity": 1367878,
            "current_ratio": 159.77,
            "debt_ratio": 27.09,
            "inventory_turnover_ratio": 1.12,
            "account_receivable_turnover_ratio": null,
            "reinvestment_rate": null,
            "research_to_sale_ratio": null,
            "price_fair": 3.2,
            "eps_avg_yearly": 1.07,
            "eps_latest_yearly": 0.88,
            "eps_growth_yearly": -1.78
        },
        "20024": {
            "year_quarter": 20024,
            "year": 2002,
            "quarter": 4,
            "eps": 0.05,
            "eps_growth_year": -80,
            "eps_4q": 0.77,
            "eps_4q_growth_year": -48.52,
            "roe": 0.26,
            "roe_4q": 3.95,
            "gross_profit": 41660,
            "gross_margin": 14.82,
            "gross_margin_4q_avg": 14.96,
            "net_income": 3528,
            "revenue": 281136,
            "common_shares": 683400,
            "book_valuer_per_share": 20.09,
            "book_valuer_per_share_4q_avg": 20.55,
            "equity": 1372691,
            "current_ratio": 161.75,
            "debt_ratio": 26.73,
            "inventory_turnover_ratio": 1.17,
            "account_receivable_turnover_ratio": null,
            "reinvestment_rate": null,
            "research_to_sale_ratio": null,
            "price_fair": 2.55,
            "eps_avg_yearly": 0.85,
            "eps_latest_yearly": 0.2,
            "eps_growth_yearly": -78.61
        },
        "20031": {
            "year_quarter": 20031,
            "year": 2003,
            "quarter": 1,
            "eps": 0.12,
            "eps_growth_year": -52,
            "eps_4q": 0.69,
            "eps_4q_growth_year": -45.56,
            "roe": 0.59,
            "roe_4q": 3.4000000000000004,
            "gross_profit": 38917,
            "gross_margin": 13.86,
            "gross_margin_4q_avg": 14.63,
            "net_income": 8124,
            "revenue": 280771,
            "common_shares": 683400,
            "book_valuer_per_share": 20.21,
            "book_valuer_per_share_4q_avg": 20.3,
            "equity": 1380811,
            "current_ratio": 159.7,
            "debt_ratio": 26.73,
            "inventory_turnover_ratio": 1.12,
            "account_receivable_turnover_ratio": null,
            "reinvestment_rate": null,
            "research_to_sale_ratio": null,
            "price_fair": 27.16,
            "eps_avg_yearly": 0.78,
            "eps_latest_yearly": 0.48,
            "eps_growth_yearly": 49.12
        },
        "20032": {
            "year_quarter": 20032,
            "year": 2003,
            "quarter": 2,
            "eps": 0.23,
            "eps_growth_year": -30.3,
            "eps_4q": 0.61,
            "eps_4q_growth_year": -43.58,
            "roe": 1.14,
            "roe_4q": 3.0300000000000002,
            "gross_profit": 35941,
            "gross_margin": 14.19,
            "gross_margin_4q_avg": 14.35,
            "net_income": 15654,
            "revenue": 253261,
            "common_shares": 683400,
            "book_valuer_per_share": 20.09,
            "book_valuer_per_share_4q_avg": 20.1,
            "equity": 1373201,
            "current_ratio": 150.99,
            "debt_ratio": 26.22,
            "inventory_turnover_ratio": 0.94,
            "account_receivable_turnover_ratio": null,
            "reinvestment_rate": null,
            "research_to_sale_ratio": null,
            "price_fair": 28,
            "eps_avg_yearly": 0.8,
            "eps_latest_yearly": 0.92,
            "eps_growth_yearly": 102.04
        },
        "20033": {
            "year_quarter": 20033,
            "year": 2003,
            "quarter": 3,
            "eps": 0.46,
            "eps_growth_year": 109.09,
            "eps_4q": 0.86,
            "eps_4q_growth_year": -16.63,
            "roe": 2.24,
            "roe_4q": 4.2299999999999995,
            "gross_profit": 51331,
            "gross_margin": 12.76,
            "gross_margin_4q_avg": 13.91,
            "net_income": 31084,
            "revenue": 402228,
            "common_shares": 700485,
            "book_valuer_per_share": 20.02,
            "book_valuer_per_share_4q_avg": 20.1,
            "equity": 1402564,
            "current_ratio": 136.83,
            "debt_ratio": 30.31,
            "inventory_turnover_ratio": 1.61,
            "account_receivable_turnover_ratio": null,
            "reinvestment_rate": null,
            "research_to_sale_ratio": null,
            "price_fair": 33.2,
            "eps_avg_yearly": 0.95,
            "eps_latest_yearly": 1.84,
            "eps_growth_yearly": 144.61
        },
        "20034": {
            "year_quarter": 20034,
            "year": 2003,
            "quarter": 4,
            "eps": 0.7,
            "eps_growth_year": 1300,
            "eps_4q": 1.52,
            "eps_4q_growth_year": 98.18,
            "roe": 3.29,
            "roe_4q": 7.26,
            "gross_profit": 63842,
            "gross_margin": 13.91,
            "gross_margin_4q_avg": 13.68,
            "net_income": 46902,
            "revenue": 459100,
            "common_shares": 700485,
            "book_valuer_per_share": 20.7,
            "book_valuer_per_share_4q_avg": 20.26,
            "equity": 1449763,
            "current_ratio": 113.5,
            "debt_ratio": 38.4,
            "inventory_turnover_ratio": 1.97,
            "account_receivable_turnover_ratio": null,
            "reinvestment_rate": 87.3,
            "research_to_sale_ratio": null,
            "price_fair": 41.3,
            "eps_avg_yearly": 1.18,
            "eps_latest_yearly": 2.8,
            "eps_growth_yearly": 152.62
        },
        "20041": {
            "year_quarter": 20041,
            "year": 2004,
            "quarter": 1,
            "eps": 0.96,
            "eps_growth_year": 700,
            "eps_4q": 2.35,
            "eps_4q_growth_year": 243.07,
            "roe": 4.36,
            "roe_4q": 11.030000000000001,
            "gross_profit": 92032,
            "gross_margin": 22.4,
            "gross_margin_4q_avg": 15.82,
            "net_income": 64546,
            "revenue": 410863,
            "common_shares": 700485,
            "book_valuer_per_share": 21.53,
            "book_valuer_per_share_4q_avg": 20.59,
            "equity": 1508124,
            "current_ratio": 123.82,
            "debt_ratio": 35.27,
            "inventory_turnover_ratio": 1.34,
            "account_receivable_turnover_ratio": null,
            "reinvestment_rate": 39.45,
            "research_to_sale_ratio": null,
            "price_fair": 51.64,
            "eps_avg_yearly": 1.48,
            "eps_latest_yearly": 3.84,
            "eps_growth_yearly": 152.17
        },
        "20042": {
            "year_quarter": 20042,
            "year": 2004,
            "quarter": 2,
            "eps": 1.3,
            "eps_growth_year": 465.22,
            "eps_4q": 3.3,
            "eps_4q_growth_year": 442.19,
            "roe": 5.99,
            "roe_4q": 15.88,
            "gross_profit": 156842,
            "gross_margin": 25.61,
            "gross_margin_4q_avg": 18.67,
            "net_income": 92442,
            "revenue": 612527,
            "common_shares": 700485,
            "book_valuer_per_share": 22.55,
            "book_valuer_per_share_4q_avg": 21.2,
            "equity": 1579750,
            "current_ratio": 185.45,
            "debt_ratio": 40.46,
            "inventory_turnover_ratio": 1.72,
            "account_receivable_turnover_ratio": null,
            "reinvestment_rate": 26.78,
            "research_to_sale_ratio": null,
            "price_fair": 64.68,
            "eps_avg_yearly": 1.85,
            "eps_latest_yearly": 5.2,
            "eps_growth_yearly": 151.12
        },
        "20043": {
            "year_quarter": 20043,
            "year": 2004,
            "quarter": 3,
            "eps": 1.69,
            "eps_growth_year": 267.39,
            "eps_4q": 4.54,
            "eps_4q_growth_year": 425.81,
            "roe": 7.32,
            "roe_4q": 20.96,
            "gross_profit": 161728,
            "gross_margin": 24.61,
            "gross_margin_4q_avg": 21.63,
            "net_income": 120757,
            "revenue": 657236,
            "common_shares": 744088,
            "book_valuer_per_share": 23.11,
            "book_valuer_per_share_4q_avg": 21.97,
            "equity": 1719686,
            "current_ratio": 201.57,
            "debt_ratio": 37.49,
            "inventory_turnover_ratio": 2.14,
            "account_receivable_turnover_ratio": null,
            "reinvestment_rate": 1.17,
            "research_to_sale_ratio": null,
            "price_fair": 80.31,
            "eps_avg_yearly": 2.29,
            "eps_latest_yearly": 6.76,
            "eps_growth_yearly": 148.29
        },
        "20044": {
            "year_quarter": 20044,
            "year": 2004,
            "quarter": 4,
            "eps": 0.06,
            "eps_growth_year": -91.43,
            "eps_4q": 3.9,
            "eps_4q_growth_year": 156.48,
            "roe": 0.25,
            "roe_4q": 17.92,
            "gross_profit": 80800,
            "gross_margin": 16.67,
            "gross_margin_4q_avg": 22.32,
            "net_income": 4345,
            "revenue": 484657,
            "common_shares": 744088,
            "book_valuer_per_share": 22.89,
            "book_valuer_per_share_4q_avg": 22.52,
            "equity": 1703501,
            "current_ratio": 166.3,
            "debt_ratio": 40.78,
            "inventory_turnover_ratio": 1.54,
            "account_receivable_turnover_ratio": null,
            "reinvestment_rate": 66.92,
            "research_to_sale_ratio": null,
            "price_fair": 74.32,
            "eps_avg_yearly": 2.12,
            "eps_latest_yearly": 0.24,
            "eps_growth_yearly": 103.78
        },
        "20051": {
            "year_quarter": 20051,
            "year": 2005,
            "quarter": 1,
            "eps": 0.48,
            "eps_growth_year": -50,
            "eps_4q": 3.52,
            "eps_4q_growth_year": 49.65,
            "roe": 2,
            "roe_4q": 15.56,
            "gross_profit": 57425,
            "gross_margin": 14.69,
            "gross_margin_4q_avg": 20.4,
            "net_income": 34339,
            "revenue": 390788,
            "common_shares": 744088,
            "book_valuer_per_share": 23.33,
            "book_valuer_per_share_4q_avg": 22.97,
            "equity": 1736116,
            "current_ratio": 253.02,
            "debt_ratio": 33.33,
            "inventory_turnover_ratio": 1.42,
            "account_receivable_turnover_ratio": null,
            "reinvestment_rate": -17.79,
            "research_to_sale_ratio": null,
            "price_fair": 73.77,
            "eps_avg_yearly": 2.11,
            "eps_latest_yearly": 1.92,
            "eps_growth_yearly": 311.18
        },
        "20052": {
            "year_quarter": 20052,
            "year": 2005,
            "quarter": 2,
            "eps": 0.16,
            "eps_growth_year": -87.69,
            "eps_4q": 2.33,
            "eps_4q_growth_year": -29.35,
            "roe": 0.7,
            "roe_4q": 10.27,
            "gross_profit": 28712,
            "gross_margin": 8.53,
            "gross_margin_4q_avg": 16.13,
            "net_income": 11732,
            "revenue": 336671,
            "common_shares": 744088,
            "book_valuer_per_share": 21.81,
            "book_valuer_per_share_4q_avg": 22.79,
            "equity": 1623005,
            "current_ratio": 201.82,
            "debt_ratio": 38.29,
            "inventory_turnover_ratio": 2.01,
            "account_receivable_turnover_ratio": null,
            "reinvestment_rate": -20.83,
            "research_to_sale_ratio": null,
            "price_fair": 70.1,
            "eps_avg_yearly": 2,
            "eps_latest_yearly": 0.64,
            "eps_growth_yearly": 269.91
        },
        "20053": {
            "year_quarter": 20053,
            "year": 2005,
            "quarter": 3,
            "eps": 0.89,
            "eps_growth_year": -47.34,
            "eps_4q": 1.52,
            "eps_4q_growth_year": -66.51,
            "roe": 4.25,
            "roe_4q": 7.2,
            "gross_profit": 50363,
            "gross_margin": 11.06,
            "gross_margin_4q_avg": 12.74,
            "net_income": 71048,
            "revenue": 455166,
            "common_shares": 824497,
            "book_valuer_per_share": 20.9,
            "book_valuer_per_share_4q_avg": 22.23,
            "equity": 1722946,
            "current_ratio": 199.92,
            "debt_ratio": 37.99,
            "inventory_turnover_ratio": 2.54,
            "account_receivable_turnover_ratio": null,
            "reinvestment_rate": -21.2,
            "research_to_sale_ratio": null,
            "price_fair": 73.73,
            "eps_avg_yearly": 2.11,
            "eps_latest_yearly": 3.56,
            "eps_growth_yearly": 373.58
        },
        "20054": {
            "year_quarter": 20054,
            "year": 2005,
            "quarter": 4,
            "eps": 1.08,
            "eps_growth_year": 1700,
            "eps_4q": 2.55,
            "eps_4q_growth_year": -34.53,
            "roe": 4.87,
            "roe_4q": 11.82,
            "gross_profit": 101170,
            "gross_margin": 17.17,
            "gross_margin_4q_avg": 12.86,
            "net_income": 86027,
            "revenue": 589349,
            "common_shares": 824497,
            "book_valuer_per_share": 21.94,
            "book_valuer_per_share_4q_avg": 22,
            "equity": 1808691,
            "current_ratio": 143.54,
            "debt_ratio": 49.91,
            "inventory_turnover_ratio": 2.02,
            "account_receivable_turnover_ratio": null,
            "reinvestment_rate": 72.04,
            "research_to_sale_ratio": null,
            "price_fair": 78.58,
            "eps_avg_yearly": 2.25,
            "eps_latest_yearly": 4.32,
            "eps_growth_yearly": 355.57
        },
        "20061": {
            "year_quarter": 20061,
            "year": 2006,
            "quarter": 1,
            "eps": 0.87,
            "eps_growth_year": 81.25,
            "eps_4q": 2.95,
            "eps_4q_growth_year": -16.31,
            "roe": 3.78,
            "roe_4q": 13.6,
            "gross_profit": 100284,
            "gross_margin": 20.24,
            "gross_margin_4q_avg": 14.25,
            "net_income": 70717,
            "revenue": 495558,
            "common_shares": 846714,
            "book_valuer_per_share": 22.86,
            "book_valuer_per_share_4q_avg": 21.88,
            "equity": 1935386,
            "current_ratio": 135.18,
            "debt_ratio": 40.02,
            "inventory_turnover_ratio": 1.5,
            "account_receivable_turnover_ratio": null,
            "reinvestment_rate": -21.98,
            "research_to_sale_ratio": null,
            "price_fair": 84,
            "eps_avg_yearly": 2.4,
            "eps_latest_yearly": 3.48,
            "eps_growth_yearly": 350.71
        },
        "20062": {
            "year_quarter": 20062,
            "year": 2006,
            "quarter": 2,
            "eps": 1.22,
            "eps_growth_year": 662.5,
            "eps_4q": 3.99,
            "eps_4q_growth_year": 70.9,
            "roe": 5.04,
            "roe_4q": 17.94,
            "gross_profit": 114857,
            "gross_margin": 19.34,
            "gross_margin_4q_avg": 16.95,
            "net_income": 100343,
            "revenue": 593828,
            "common_shares": 889127,
            "book_valuer_per_share": 23.06,
            "book_valuer_per_share_4q_avg": 22.19,
            "equity": 2050372,
            "current_ratio": 140.36,
            "debt_ratio": 39.17,
            "inventory_turnover_ratio": 2.3,
            "account_receivable_turnover_ratio": null,
            "reinvestment_rate": -20.44,
            "research_to_sale_ratio": null,
            "price_fair": 91.79,
            "eps_avg_yearly": 2.62,
            "eps_latest_yearly": 4.88,
            "eps_growth_yearly": 352.77
        },
        "20063": {
            "year_quarter": 20063,
            "year": 2006,
            "quarter": 3,
            "eps": 1.11,
            "eps_growth_year": 24.72,
            "eps_4q": 4.01,
            "eps_4q_growth_year": 163.27,
            "roe": 4.57,
            "roe_4q": 18.259999999999998,
            "gross_profit": 102842,
            "gross_margin": 15.04,
            "gross_margin_4q_avg": 17.95,
            "net_income": 98548,
            "revenue": 683630,
            "common_shares": 972121,
            "book_valuer_per_share": 23.29,
            "book_valuer_per_share_4q_avg": 22.79,
            "equity": 2263958,
            "current_ratio": 165.59,
            "debt_ratio": 32.2,
            "inventory_turnover_ratio": 2.18,
            "account_receivable_turnover_ratio": null,
            "reinvestment_rate": -18.38,
            "research_to_sale_ratio": null,
            "price_fair": 99.58,
            "eps_avg_yearly": 2.85,
            "eps_latest_yearly": 4.44,
            "eps_growth_yearly": 358.84
        },
        "20064": {
            "year_quarter": 20064,
            "year": 2006,
            "quarter": 4,
            "eps": 0.34,
            "eps_growth_year": -68.52,
            "eps_4q": 3.33,
            "eps_4q_growth_year": 30.73,
            "roe": 1.34,
            "roe_4q": 14.729999999999999,
            "gross_profit": 89377,
            "gross_margin": 17.85,
            "gross_margin_4q_avg": 18.12,
            "net_income": 30615,
            "revenue": 500616,
            "common_shares": 972162,
            "book_valuer_per_share": 23.58,
            "book_valuer_per_share_4q_avg": 23.2,
            "equity": 2292253,
            "current_ratio": 123.07,
            "debt_ratio": 43.21,
            "inventory_turnover_ratio": 0.85,
            "account_receivable_turnover_ratio": null,
            "reinvestment_rate": 90.83,
            "research_to_sale_ratio": null,
            "price_fair": 102.11,
            "eps_avg_yearly": 2.92,
            "eps_latest_yearly": 1.36,
            "eps_growth_yearly": 360.82
        },
        "20071": {
            "year_quarter": 20071,
            "year": 2007,
            "quarter": 1,
            "eps": 0.31,
            "eps_growth_year": -64.37,
            "eps_4q": 2.75,
            "eps_4q_growth_year": -6.74,
            "roe": 1.26,
            "roe_4q": 12.21,
            "gross_profit": 40206,
            "gross_margin": 10.97,
            "gross_margin_4q_avg": 15.8,
            "net_income": 29179,
            "revenue": 366409,
            "common_shares": 972162,
            "book_valuer_per_share": 24.06,
            "book_valuer_per_share_4q_avg": 23.5,
            "equity": 2338743,
            "current_ratio": 184.36,
            "debt_ratio": 29.34,
            "inventory_turnover_ratio": 0.76,
            "account_receivable_turnover_ratio": null,
            "reinvestment_rate": -27.01,
            "research_to_sale_ratio": null,
            "price_fair": 103.78,
            "eps_avg_yearly": 2.97,
            "eps_latest_yearly": 1.24,
            "eps_growth_yearly": 323.61
        },
        "20072": {
            "year_quarter": 20072,
            "year": 2007,
            "quarter": 2,
            "eps": 0.36,
            "eps_growth_year": -70.49,
            "eps_4q": 2.04,
            "eps_4q_growth_year": -48.86,
            "roe": 1.48,
            "roe_4q": 8.65,
            "gross_profit": 61833,
            "gross_margin": 12.3,
            "gross_margin_4q_avg": 14.04,
            "net_income": 33923,
            "revenue": 502687,
            "common_shares": 974211,
            "book_valuer_per_share": 23,
            "book_valuer_per_share_4q_avg": 23.48,
            "equity": 2241141,
            "current_ratio": 146.39,
            "debt_ratio": 34.58,
            "inventory_turnover_ratio": 1.66,
            "account_receivable_turnover_ratio": null,
            "reinvestment_rate": -27.1,
            "research_to_sale_ratio": null,
            "price_fair": 104.91,
            "eps_avg_yearly": 3,
            "eps_latest_yearly": 1.44,
            "eps_growth_yearly": 304.73
        },
        "20073": {
            "year_quarter": 20073,
            "year": 2007,
            "quarter": 3,
            "eps": 0.52,
            "eps_growth_year": -53.15,
            "eps_4q": 1.47,
            "eps_4q_growth_year": -63.3,
            "roe": 2.26,
            "roe_4q": 6.34,
            "gross_profit": 81801,
            "gross_margin": 12.3,
            "gross_margin_4q_avg": 13.36,
            "net_income": 51299,
            "revenue": 665168,
            "common_shares": 1022819,
            "book_valuer_per_share": 22.53,
            "book_valuer_per_share_4q_avg": 23.29,
            "equity": 2304560,
            "current_ratio": 166.99,
            "debt_ratio": 33.32,
            "inventory_turnover_ratio": 2,
            "account_receivable_turnover_ratio": null,
            "reinvestment_rate": -28.19,
            "research_to_sale_ratio": null,
            "price_fair": 105.44,
            "eps_avg_yearly": 3.01,
            "eps_latest_yearly": 2.08,
            "eps_growth_yearly": 290.84
        },
        "20074": {
            "year_quarter": 20074,
            "year": 2007,
            "quarter": 4,
            "eps": -0.15,
            "eps_growth_year": -144.12,
            "eps_4q": 1,
            "eps_4q_growth_year": -70.01,
            "roe": -0.65,
            "roe_4q": 4.35,
            "gross_profit": 45373,
            "gross_margin": 11.29,
            "gross_margin_4q_avg": 11.72,
            "net_income": -14922,
            "revenue": 402034,
            "common_shares": 1022819,
            "book_valuer_per_share": 22.57,
            "book_valuer_per_share_4q_avg": 23.04,
            "equity": 2308955,
            "current_ratio": 140.46,
            "debt_ratio": 42.05,
            "inventory_turnover_ratio": 0.79,
            "account_receivable_turnover_ratio": null,
            "reinvestment_rate": 68.05,
            "research_to_sale_ratio": null,
            "price_fair": 105.93,
            "eps_avg_yearly": 3.03,
            "eps_latest_yearly": 2.08,
            "eps_growth_yearly": 296.32
        },
        "20081": {
            "year_quarter": 20081,
            "year": 2008,
            "quarter": 1,
            "eps": -0.38,
            "eps_growth_year": -222.58,
            "eps_4q": 0.33,
            "eps_4q_growth_year": -88.14,
            "roe": -1.66,
            "roe_4q": 1.4299999999999997,
            "gross_profit": 10212,
            "gross_margin": 1.93,
            "gross_margin_4q_avg": 9.46,
            "net_income": -37848,
            "revenue": 527954,
            "common_shares": 1022819,
            "book_valuer_per_share": 21.95,
            "book_valuer_per_share_4q_avg": 22.51,
            "equity": 2244710,
            "current_ratio": 158.04,
            "debt_ratio": 38.17,
            "inventory_turnover_ratio": 0.82,
            "account_receivable_turnover_ratio": null,
            "reinvestment_rate": 99.41,
            "research_to_sale_ratio": null,
            "price_fair": 103.9,
            "eps_avg_yearly": 2.97,
            "eps_latest_yearly": 2.08,
            "eps_growth_yearly": 306.87
        },
        "20082": {
            "year_quarter": 20082,
            "year": 2008,
            "quarter": 2,
            "eps": -0.48,
            "eps_growth_year": -233.33,
            "eps_4q": -0.48,
            "eps_4q_growth_year": -123.43,
            "roe": -2.17,
            "roe_4q": -2.2200000000000006,
            "gross_profit": -27451,
            "gross_margin": -6.35,
            "gross_margin_4q_avg": 4.79,
            "net_income": -47432,
            "revenue": 432372,
            "common_shares": 1022819,
            "book_valuer_per_share": 20.83,
            "book_valuer_per_share_4q_avg": 21.97,
            "equity": 2130399,
            "current_ratio": 127.57,
            "debt_ratio": 41.85,
            "inventory_turnover_ratio": 0.71,
            "account_receivable_turnover_ratio": null,
            "reinvestment_rate": 125.8,
            "research_to_sale_ratio": null,
            "price_fair": 97.89,
            "eps_avg_yearly": 2.8,
            "eps_latest_yearly": 2.08,
            "eps_growth_yearly": 319.58
        },
        "20083": {
            "year_quarter": 20083,
            "year": 2008,
            "quarter": 3,
            "eps": -0.61,
            "eps_growth_year": -217.31,
            "eps_4q": -1.57,
            "eps_4q_growth_year": -207.12,
            "roe": -2.85,
            "roe_4q": -7.33,
            "gross_profit": -14147,
            "gross_margin": -2.35,
            "gross_margin_4q_avg": 1.13,
            "net_income": -60861,
            "revenue": 602855,
            "common_shares": 1022819,
            "book_valuer_per_share": 20.86,
            "book_valuer_per_share_4q_avg": 21.55,
            "equity": 2133624,
            "current_ratio": 121.79,
            "debt_ratio": 43.83,
            "inventory_turnover_ratio": 0.97,
            "account_receivable_turnover_ratio": null,
            "reinvestment_rate": 192.54,
            "research_to_sale_ratio": null,
            "price_fair": 86.33,
            "eps_avg_yearly": 2.47,
            "eps_latest_yearly": 2.08,
            "eps_growth_yearly": 336.21
        },
        "20084": {
            "year_quarter": 20084,
            "year": 2008,
            "quarter": 4,
            "eps": -1.1,
            "eps_growth_year": null,
            "eps_4q": -2.57,
            "eps_4q_growth_year": -357,
            "roe": -5.26,
            "roe_4q": -11.94,
            "gross_profit": -67043,
            "gross_margin": -21.72,
            "gross_margin_4q_avg": -7.12,
            "net_income": -109774,
            "revenue": 308602,
            "common_shares": 1022819,
            "book_valuer_per_share": 19.96,
            "book_valuer_per_share_4q_avg": 20.9,
            "equity": 2041140,
            "current_ratio": 123.19,
            "debt_ratio": 36.68,
            "inventory_turnover_ratio": 0.71,
            "account_receivable_turnover_ratio": 1.03,
            "reinvestment_rate": 135.1,
            "research_to_sale_ratio": null,
            "price_fair": 93.42,
            "eps_avg_yearly": 2.67,
            "eps_latest_yearly": 2.08,
            "eps_growth_yearly": 401.85
        },
        "20091": {
            "year_quarter": 20091,
            "year": 2009,
            "quarter": 1,
            "eps": -0.89,
            "eps_growth_year": null,
            "eps_4q": -3,
            "eps_4q_growth_year": -1020.27,
            "roe": -4.4,
            "roe_4q": -14.68,
            "gross_profit": -65037,
            "gross_margin": -16.99,
            "gross_margin_4q_avg": -11.85,
            "net_income": -88621,
            "revenue": 382809,
            "common_shares": 1022819,
            "book_valuer_per_share": 19.39,
            "book_valuer_per_share_4q_avg": 20.26,
            "equity": 1983330,
            "current_ratio": 119.33,
            "debt_ratio": 35.99,
            "inventory_turnover_ratio": 1.14,
            "account_receivable_turnover_ratio": 0.68,
            "reinvestment_rate": 403.84,
            "research_to_sale_ratio": null,
            "price_fair": 96.04,
            "eps_avg_yearly": 2.74,
            "eps_latest_yearly": 2.08,
            "eps_growth_yearly": 162.03
        },
        "20092": {
            "year_quarter": 20092,
            "year": 2009,
            "quarter": 2,
            "eps": -0.83,
            "eps_growth_year": null,
            "eps_4q": -3.34,
            "eps_4q_growth_year": null,
            "roe": -4.3,
            "roe_4q": -16.81,
            "gross_profit": -11461,
            "gross_margin": -3.32,
            "gross_margin_4q_avg": -11.1,
            "net_income": -82845,
            "revenue": 345250,
            "common_shares": 1022819,
            "book_valuer_per_share": 18.32,
            "book_valuer_per_share_4q_avg": 19.63,
            "equity": 1874005,
            "current_ratio": 119.3,
            "debt_ratio": 36.51,
            "inventory_turnover_ratio": 1.1,
            "account_receivable_turnover_ratio": 0.65,
            "reinvestment_rate": 571.26,
            "research_to_sale_ratio": null,
            "price_fair": 104.22,
            "eps_avg_yearly": 2.98,
            "eps_latest_yearly": 2.08,
            "eps_growth_yearly": 209.67
        },
        "20093": {
            "year_quarter": 20093,
            "year": 2009,
            "quarter": 3,
            "eps": 0.08,
            "eps_growth_year": null,
            "eps_4q": -2.87,
            "eps_4q_growth_year": null,
            "roe": 0.41,
            "roe_4q": -13.549999999999999,
            "gross_profit": 50969,
            "gross_margin": 10.42,
            "gross_margin_4q_avg": -7.9,
            "net_income": 7636,
            "revenue": 489363,
            "common_shares": 1022819,
            "book_valuer_per_share": 18.26,
            "book_valuer_per_share_4q_avg": 18.98,
            "equity": 1867555,
            "current_ratio": 121.19,
            "debt_ratio": 36.6,
            "inventory_turnover_ratio": 1.43,
            "account_receivable_turnover_ratio": 0.85,
            "reinvestment_rate": 1067.84,
            "research_to_sale_ratio": null,
            "price_fair": 51.56,
            "eps_avg_yearly": 2.91,
            "eps_latest_yearly": 2.08,
            "eps_growth_yearly": 7.75
        },
        "20094": {
            "year_quarter": 20094,
            "year": 2009,
            "quarter": 4,
            "eps": -0.16,
            "eps_growth_year": null,
            "eps_4q": -1.81,
            "eps_4q_growth_year": null,
            "roe": -0.87,
            "roe_4q": -9.16,
            "gross_profit": 5134,
            "gross_margin": 1.36,
            "gross_margin_4q_avg": -2.13,
            "net_income": -16123,
            "revenue": 376109,
            "common_shares": 1022819,
            "book_valuer_per_share": 18.57,
            "book_valuer_per_share_4q_avg": 18.64,
            "equity": 1846852,
            "current_ratio": 118.03,
            "debt_ratio": 36.77,
            "inventory_turnover_ratio": 1.19,
            "account_receivable_turnover_ratio": 1.26,
            "reinvestment_rate": null,
            "research_to_sale_ratio": null,
            "price_fair": 8.11,
            "eps_avg_yearly": 2.7,
            "eps_latest_yearly": 2.08,
            "eps_growth_yearly": -3.34
        },
        "20101": {
            "year_quarter": 20101,
            "year": 2010,
            "quarter": 1,
            "eps": 0.33,
            "eps_growth_year": null,
            "eps_4q": -0.59,
            "eps_4q_growth_year": null,
            "roe": 1.77,
            "roe_4q": -2.9899999999999998,
            "gross_profit": 81547,
            "gross_margin": 13.98,
            "gross_margin_4q_avg": 5.61,
            "net_income": 32930,
            "revenue": 583508,
            "common_shares": 1022819,
            "book_valuer_per_share": 18.86,
            "book_valuer_per_share_4q_avg": 18.5,
            "equity": 1876005,
            "current_ratio": 119.16,
            "debt_ratio": 40.43,
            "inventory_turnover_ratio": 1.39,
            "account_receivable_turnover_ratio": 0.89,
            "reinvestment_rate": null,
            "research_to_sale_ratio": 0.25,
            "price_fair": 49.05,
            "eps_avg_yearly": 2.57,
            "eps_latest_yearly": 2.08,
            "eps_growth_yearly": 9.06
        },
        "20102": {
            "year_quarter": 20102,
            "year": 2010,
            "quarter": 2,
            "eps": 0.67,
            "eps_growth_year": null,
            "eps_4q": 0.92,
            "eps_4q_growth_year": null,
            "roe": 3.48,
            "roe_4q": 4.79,
            "gross_profit": 106622,
            "gross_margin": 15.46,
            "gross_margin_4q_avg": 10.31,
            "net_income": 66765,
            "revenue": 689838,
            "common_shares": 1022819,
            "book_valuer_per_share": 19.68,
            "book_valuer_per_share_4q_avg": 18.84,
            "equity": 1957460,
            "current_ratio": 123.56,
            "debt_ratio": 42.77,
            "inventory_turnover_ratio": 1.35,
            "account_receivable_turnover_ratio": 0.85,
            "reinvestment_rate": null,
            "research_to_sale_ratio": 0.25,
            "price_fair": 77.23,
            "eps_avg_yearly": 2.21,
            "eps_latest_yearly": 2.68,
            "eps_growth_yearly": 50.93
        },
        "20103": {
            "year_quarter": 20103,
            "year": 2010,
            "quarter": 3,
            "eps": -0.27,
            "eps_growth_year": -433.12,
            "eps_4q": 0.57,
            "eps_4q_growth_year": null,
            "roe": -1.36,
            "roe_4q": 3.02,
            "gross_profit": -7364,
            "gross_margin": -1.74,
            "gross_margin_4q_avg": 7.27,
            "net_income": -26502,
            "revenue": 422556,
            "common_shares": 1022819,
            "book_valuer_per_share": 19.44,
            "book_valuer_per_share_4q_avg": 19.14,
            "equity": 1933167,
            "current_ratio": 122.39,
            "debt_ratio": 39.88,
            "inventory_turnover_ratio": 0.9,
            "account_receivable_turnover_ratio": 0.53,
            "reinvestment_rate": null,
            "research_to_sale_ratio": 0.41,
            "price_fair": 61.6,
            "eps_avg_yearly": 1.76,
            "eps_latest_yearly": 2.68,
            "eps_growth_yearly": 68.33
        },
        "20104": {
            "year_quarter": 20104,
            "year": 2010,
            "quarter": 4,
            "eps": -0.89,
            "eps_growth_year": null,
            "eps_4q": -0.15,
            "eps_4q_growth_year": null,
            "roe": -4.74,
            "roe_4q": -0.8500000000000005,
            "gross_profit": -49922,
            "gross_margin": -16.1,
            "gross_margin_4q_avg": 2.9,
            "net_income": -88294,
            "revenue": 309991,
            "common_shares": 1022819,
            "book_valuer_per_share": 18.03,
            "book_valuer_per_share_4q_avg": 19,
            "equity": 1793401,
            "current_ratio": 120.62,
            "debt_ratio": 37.56,
            "inventory_turnover_ratio": 0.81,
            "account_receivable_turnover_ratio": 0.53,
            "reinvestment_rate": null,
            "research_to_sale_ratio": 0.44,
            "price_fair": 65.1,
            "eps_avg_yearly": 1.86,
            "eps_latest_yearly": 2.68,
            "eps_growth_yearly": 154.78
        },
        "20111": {
            "year_quarter": 20111,
            "year": 2011,
            "quarter": 1,
            "eps": -0.44,
            "eps_growth_year": -233.33,
            "eps_4q": -0.93,
            "eps_4q_growth_year": null,
            "roe": -2.48,
            "roe_4q": -5.1,
            "gross_profit": 13457,
            "gross_margin": 3.47,
            "gross_margin_4q_avg": 0.27,
            "net_income": -43991,
            "revenue": 387708,
            "common_shares": 1022819,
            "book_valuer_per_share": 17.71,
            "book_valuer_per_share_4q_avg": 18.72,
            "equity": 1760992,
            "current_ratio": 118.07,
            "debt_ratio": 38.19,
            "inventory_turnover_ratio": 0.96,
            "account_receivable_turnover_ratio": 0.78,
            "reinvestment_rate": null,
            "research_to_sale_ratio": 0.34,
            "price_fair": 72.33,
            "eps_avg_yearly": 2.07,
            "eps_latest_yearly": 2.68,
            "eps_growth_yearly": 218.14
        },
        "20112": {
            "year_quarter": 20112,
            "year": 2011,
            "quarter": 2,
            "eps": 1.58,
            "eps_growth_year": 135.76,
            "eps_4q": -0.01,
            "eps_4q_growth_year": -101.52,
            "roe": 8.64,
            "roe_4q": 0.05999999999999983,
            "gross_profit": -10774,
            "gross_margin": -4.66,
            "gross_margin_4q_avg": -4.76,
            "net_income": 157402,
            "revenue": 231191,
            "common_shares": 1022819,
            "book_valuer_per_share": 18.92,
            "book_valuer_per_share_4q_avg": 18.53,
            "equity": 1881316,
            "current_ratio": 207.23,
            "debt_ratio": 28.65,
            "inventory_turnover_ratio": 0.71,
            "account_receivable_turnover_ratio": 0.54,
            "reinvestment_rate": null,
            "research_to_sale_ratio": 0.57,
            "price_fair": 83.3,
            "eps_avg_yearly": 2.38,
            "eps_latest_yearly": 2.68,
            "eps_growth_yearly": 294.95
        },
        "20113": {
            "year_quarter": 20113,
            "year": 2011,
            "quarter": 3,
            "eps": -0.51,
            "eps_growth_year": null,
            "eps_4q": -0.26,
            "eps_4q_growth_year": -145.22,
            "roe": -2.72,
            "roe_4q": -1.3000000000000003,
            "gross_profit": -60452,
            "gross_margin": -28.98,
            "gross_margin_4q_avg": -11.57,
            "net_income": -50866,
            "revenue": 208621,
            "common_shares": 1022819,
            "book_valuer_per_share": 18.71,
            "book_valuer_per_share_4q_avg": 18.34,
            "equity": 1856200,
            "current_ratio": 262.61,
            "debt_ratio": 20.74,
            "inventory_turnover_ratio": 0.97,
            "account_receivable_turnover_ratio": 0.66,
            "reinvestment_rate": null,
            "research_to_sale_ratio": 0.75,
            "price_fair": 93.8,
            "eps_avg_yearly": 2.68,
            "eps_latest_yearly": 2.68,
            "eps_growth_yearly": 412.12
        },
        "20114": {
            "year_quarter": 20114,
            "year": 2011,
            "quarter": 4,
            "eps": -0.87,
            "eps_growth_year": null,
            "eps_4q": -0.21,
            "eps_4q_growth_year": null,
            "roe": -4.62,
            "roe_4q": -1.1799999999999993,
            "gross_profit": -57099,
            "gross_margin": -36.63,
            "gross_margin_4q_avg": -16.7,
            "net_income": -82067,
            "revenue": 155865,
            "common_shares": 1022819,
            "book_valuer_per_share": 17.96,
            "book_valuer_per_share_4q_avg": 18.33,
            "equity": 1696351,
            "current_ratio": 451.67,
            "debt_ratio": 11.34,
            "inventory_turnover_ratio": 0.98,
            "account_receivable_turnover_ratio": 0.63,
            "reinvestment_rate": null,
            "research_to_sale_ratio": 0.73,
            "price_fair": 93.8,
            "eps_avg_yearly": 2.68,
            "eps_latest_yearly": 2.68,
            "eps_growth_yearly": 412.12
        },
        "20121": {
            "year_quarter": 20121,
            "year": 2012,
            "quarter": 1,
            "eps": -0.47,
            "eps_growth_year": null,
            "eps_4q": -0.21,
            "eps_4q_growth_year": null,
            "roe": -2.65,
            "roe_4q": -1.3499999999999996,
            "gross_profit": -23917,
            "gross_margin": -11.31,
            "gross_margin_4q_avg": -20.4,
            "net_income": -44325,
            "revenue": 211395,
            "common_shares": 972819,
            "book_valuer_per_share": 17.41,
            "book_valuer_per_share_4q_avg": 18.25,
            "equity": 1644583,
            "current_ratio": 303.61,
            "debt_ratio": 17.29,
            "inventory_turnover_ratio": 1.15,
            "account_receivable_turnover_ratio": 0.89,
            "reinvestment_rate": null,
            "research_to_sale_ratio": 0.5,
            "price_fair": 93.8,
            "eps_avg_yearly": 2.68,
            "eps_latest_yearly": 2.68,
            "eps_growth_yearly": 412.12
        },
        "20122": {
            "year_quarter": 20122,
            "year": 2012,
            "quarter": 2,
            "eps": -0.58,
            "eps_growth_year": -136.67,
            "eps_4q": -2.46,
            "eps_4q_growth_year": null,
            "roe": -3.39,
            "roe_4q": -13.38,
            "gross_profit": -34116,
            "gross_margin": -14.87,
            "gross_margin_4q_avg": -22.95,
            "net_income": -54815,
            "revenue": 229386,
            "common_shares": 972819,
            "book_valuer_per_share": 16.84,
            "book_valuer_per_share_4q_avg": 17.73,
            "equity": 1590424,
            "current_ratio": 294.02,
            "debt_ratio": 17.83,
            "inventory_turnover_ratio": 1.34,
            "account_receivable_turnover_ratio": 0.79,
            "reinvestment_rate": null,
            "research_to_sale_ratio": 0.56,
            "price_fair": 93.8,
            "eps_avg_yearly": 2.68,
            "eps_latest_yearly": 2.68,
            "eps_growth_yearly": 412.12
        },
        "20123": {
            "year_quarter": 20123,
            "year": 2012,
            "quarter": 3,
            "eps": -0.72,
            "eps_growth_year": null,
            "eps_4q": -2.64,
            "eps_4q_growth_year": null,
            "roe": -4.38,
            "roe_4q": -15.04,
            "gross_profit": -37829,
            "gross_margin": -15.98,
            "gross_margin_4q_avg": -19.7,
            "net_income": -68071,
            "revenue": 236757,
            "common_shares": 972819,
            "book_valuer_per_share": 16.06,
            "book_valuer_per_share_4q_avg": 17.07,
            "equity": 1516856,
            "current_ratio": 262.54,
            "debt_ratio": 19.56,
            "inventory_turnover_ratio": 1.68,
            "account_receivable_turnover_ratio": 0.73,
            "reinvestment_rate": null,
            "research_to_sale_ratio": 0.58,
            "price_fair": 93.8,
            "eps_avg_yearly": 2.68,
            "eps_latest_yearly": 2.68,
            "eps_growth_yearly": 412.12
        },
        "20124": {
            "year_quarter": 20124,
            "year": 2012,
            "quarter": 4,
            "eps": -2,
            "eps_growth_year": null,
            "eps_4q": -3.77,
            "eps_4q_growth_year": null,
            "roe": -13.27,
            "roe_4q": -23.689999999999998,
            "gross_profit": -28730,
            "gross_margin": -27.3,
            "gross_margin_4q_avg": -17.37,
            "net_income": -188523,
            "revenue": 105253,
            "common_shares": 972819,
            "book_valuer_per_share": 14.02,
            "book_valuer_per_share_4q_avg": 16.08,
            "equity": 1324446,
            "current_ratio": 312.88,
            "debt_ratio": 17.07,
            "inventory_turnover_ratio": 0.87,
            "account_receivable_turnover_ratio": 0.36,
            "reinvestment_rate": null,
            "research_to_sale_ratio": 1.07,
            "price_fair": 93.8,
            "eps_avg_yearly": 2.68,
            "eps_latest_yearly": 2.68,
            "eps_growth_yearly": 412.12
        },
        "20131": {
            "year_quarter": 20131,
            "year": 2013,
            "quarter": 1,
            "eps": -0.45,
            "eps_growth_year": null,
            "eps_4q": -3.74,
            "eps_4q_growth_year": null,
            "roe": -3.22,
            "roe_4q": -24.259999999999998,
            "gross_profit": -33905,
            "gross_margin": -48.26,
            "gross_margin_4q_avg": -26.6,
            "net_income": -42136,
            "revenue": 70257,
            "common_shares": 972819,
            "book_valuer_per_share": 13.66,
            "book_valuer_per_share_4q_avg": 15.15,
            "equity": 1289846,
            "current_ratio": 405,
            "debt_ratio": 12.73,
            "inventory_turnover_ratio": 0.74,
            "account_receivable_turnover_ratio": 0.36,
            "reinvestment_rate": null,
            "research_to_sale_ratio": 1.33,
            "price_fair": 93.8,
            "eps_avg_yearly": 2.68,
            "eps_latest_yearly": 2.68,
            "eps_growth_yearly": 412.12
        },
        "20132": {
            "year_quarter": 20132,
            "year": 2013,
            "quarter": 2,
            "eps": -0.32,
            "eps_growth_year": null,
            "eps_4q": -3.49,
            "eps_4q_growth_year": null,
            "roe": -2.43,
            "roe_4q": -23.3,
            "gross_profit": -43384,
            "gross_margin": -74.6,
            "gross_margin_4q_avg": -41.54,
            "net_income": -30974,
            "revenue": 58156,
            "common_shares": 972819,
            "book_valuer_per_share": 13.33,
            "book_valuer_per_share_4q_avg": 14.27,
            "equity": 1259030,
            "current_ratio": 570.23,
            "debt_ratio": 8.87,
            "inventory_turnover_ratio": 0.86,
            "account_receivable_turnover_ratio": 0.48,
            "reinvestment_rate": null,
            "research_to_sale_ratio": 1.61,
            "price_fair": 93.8,
            "eps_avg_yearly": 2.68,
            "eps_latest_yearly": 2.68,
            "eps_growth_yearly": 412.12
        },
        "20133": {
            "year_quarter": 20133,
            "year": 2013,
            "quarter": 3,
            "eps": -0.44,
            "eps_growth_year": null,
            "eps_4q": -3.21,
            "eps_4q_growth_year": null,
            "roe": -3.35,
            "roe_4q": -22.27,
            "gross_profit": -41532,
            "gross_margin": -92.52,
            "gross_margin_4q_avg": -60.67,
            "net_income": -41427,
            "revenue": 44892,
            "common_shares": 972819,
            "book_valuer_per_share": 12.86,
            "book_valuer_per_share_4q_avg": 13.47,
            "equity": 1214589,
            "current_ratio": 164.79,
            "debt_ratio": 18.12,
            "inventory_turnover_ratio": 0.74,
            "account_receivable_turnover_ratio": 0.47,
            "reinvestment_rate": null,
            "research_to_sale_ratio": 2.22,
            "price_fair": 93.8,
            "eps_avg_yearly": 2.68,
            "eps_latest_yearly": 2.68,
            "eps_growth_yearly": 412.12
        },
        "20134": {
            "year_quarter": 20134,
            "year": 2013,
            "quarter": 4,
            "eps": -0.3,
            "eps_growth_year": null,
            "eps_4q": -1.52,
            "eps_4q_growth_year": null,
            "roe": -2.38,
            "roe_4q": -11.38,
            "gross_profit": -15349,
            "gross_margin": -19.04,
            "gross_margin_4q_avg": -58.61,
            "net_income": -28611,
            "revenue": 80605,
            "common_shares": 972819,
            "book_valuer_per_share": 12.59,
            "book_valuer_per_share_4q_avg": 13.11,
            "equity": 1189238,
            "current_ratio": 160.88,
            "debt_ratio": 17.58,
            "inventory_turnover_ratio": 0.81,
            "account_receivable_turnover_ratio": 0.92,
            "reinvestment_rate": null,
            "research_to_sale_ratio": 1.17,
            "price_fair": 93.8,
            "eps_avg_yearly": 2.68,
            "eps_latest_yearly": 2.68,
            "eps_growth_yearly": 412.12
        },
        "20141": {
            "year_quarter": 20141,
            "year": 2014,
            "quarter": 1,
            "eps": -0.34,
            "eps_growth_year": null,
            "eps_4q": -1.4,
            "eps_4q_growth_year": null,
            "roe": -2.69,
            "roe_4q": -10.85,
            "gross_profit": -20567,
            "gross_margin": -36.36,
            "gross_margin_4q_avg": -55.63,
            "net_income": -31675,
            "revenue": 56560,
            "common_shares": 972819,
            "book_valuer_per_share": 12.32,
            "book_valuer_per_share_4q_avg": 12.78,
            "equity": 1163509,
            "current_ratio": 152.44,
            "debt_ratio": 17.9,
            "inventory_turnover_ratio": 0.72,
            "account_receivable_turnover_ratio": 0.7,
            "reinvestment_rate": null,
            "research_to_sale_ratio": 1.59,
            "price_fair": 93.8,
            "eps_avg_yearly": 2.68,
            "eps_latest_yearly": 2.68,
            "eps_growth_yearly": 412.12
        },
        "20142": {
            "year_quarter": 20142,
            "year": 2014,
            "quarter": 2,
            "eps": -0.27,
            "eps_growth_year": null,
            "eps_4q": -1.35,
            "eps_4q_growth_year": null,
            "roe": -2.28,
            "roe_4q": -10.7,
            "gross_profit": -15398,
            "gross_margin": -21.16,
            "gross_margin_4q_avg": -42.27,
            "net_income": -26222,
            "revenue": 72764,
            "common_shares": 972819,
            "book_valuer_per_share": 12.02,
            "book_valuer_per_share_4q_avg": 12.45,
            "equity": 1135632,
            "current_ratio": 148.22,
            "debt_ratio": 17.39,
            "inventory_turnover_ratio": 0.9,
            "account_receivable_turnover_ratio": 0.96,
            "reinvestment_rate": null,
            "research_to_sale_ratio": 1.27,
            "price_fair": 0,
            "eps_avg_yearly": 0,
            "eps_latest_yearly": 0,
            "eps_growth_yearly": 0
        },
        "20143": {
            "year_quarter": 20143,
            "year": 2014,
            "quarter": 3,
            "eps": -0.2,
            "eps_growth_year": null,
            "eps_4q": -1.09,
            "eps_4q_growth_year": null,
            "roe": -1.72,
            "roe_4q": -9.07,
            "gross_profit": -12455,
            "gross_margin": -19.5,
            "gross_margin_4q_avg": -24.02,
            "net_income": -19776,
            "revenue": 63884,
            "common_shares": 972819,
            "book_valuer_per_share": 11.96,
            "book_valuer_per_share_4q_avg": 12.22,
            "equity": 1163322,
            "current_ratio": 209.19,
            "debt_ratio": 13.63,
            "inventory_turnover_ratio": 0.76,
            "account_receivable_turnover_ratio": 0.91,
            "reinvestment_rate": null,
            "research_to_sale_ratio": 1.66,
            "price_fair": 0,
            "eps_avg_yearly": 0,
            "eps_latest_yearly": 0,
            "eps_growth_yearly": 0
        },
        "20144": {
            "year_quarter": 20144,
            "year": 2014,
            "quarter": 4,
            "eps": 0.45,
            "eps_growth_year": null,
            "eps_4q": -0.35,
            "eps_4q_growth_year": null,
            "roe": 3.7,
            "roe_4q": -2.9899999999999993,
            "gross_profit": -9872,
            "gross_margin": -20.92,
            "gross_margin_4q_avg": -24.49,
            "net_income": 43875,
            "revenue": 47193,
            "common_shares": 972819,
            "book_valuer_per_share": 12.4,
            "book_valuer_per_share_4q_avg": 12.18,
            "equity": 1206715,
            "current_ratio": 437.21,
            "debt_ratio": 10.75,
            "inventory_turnover_ratio": 0.62,
            "account_receivable_turnover_ratio": 0.79,
            "reinvestment_rate": null,
            "research_to_sale_ratio": 1.9,
            "price_fair": 0,
            "eps_avg_yearly": 0,
            "eps_latest_yearly": 0,
            "eps_growth_yearly": 0
        },
        "20151": {
            "year_quarter": 20151,
            "year": 2015,
            "quarter": 1,
            "eps": -0.24,
            "eps_growth_year": null,
            "eps_4q": -0.26,
            "eps_4q_growth_year": null,
            "roe": -1.97,
            "roe_4q": -2.2699999999999996,
            "gross_profit": -8262,
            "gross_margin": -19.24,
            "gross_margin_4q_avg": -20.21,
            "net_income": -23504,
            "revenue": 42940,
            "common_shares": 972819,
            "book_valuer_per_share": 12.16,
            "book_valuer_per_share_4q_avg": 12.14,
            "equity": 1183410,
            "current_ratio": 1024.89,
            "debt_ratio": 5.1,
            "inventory_turnover_ratio": 0.75,
            "account_receivable_turnover_ratio": 0.88,
            "reinvestment_rate": null,
            "research_to_sale_ratio": 1.89,
            "price_fair": 0,
            "eps_avg_yearly": 0,
            "eps_latest_yearly": 0,
            "eps_growth_yearly": 0
        },
        "20152": {
            "year_quarter": 20152,
            "year": 2015,
            "quarter": 2,
            "eps": -0.55,
            "eps_growth_year": null,
            "eps_4q": -0.54,
            "eps_4q_growth_year": null,
            "roe": -4.6,
            "roe_4q": -4.589999999999999,
            "gross_profit": -15591,
            "gross_margin": -63.88,
            "gross_margin_4q_avg": -30.89,
            "net_income": -53161,
            "revenue": 24405,
            "common_shares": 972819,
            "book_valuer_per_share": 11.61,
            "book_valuer_per_share_4q_avg": 12.03,
            "equity": 1129558,
            "current_ratio": 1353.85,
            "debt_ratio": 4.09,
            "inventory_turnover_ratio": 0.72,
            "account_receivable_turnover_ratio": 0.56,
            "reinvestment_rate": null,
            "research_to_sale_ratio": 2.56,
            "price_fair": 0,
            "eps_avg_yearly": 0,
            "eps_latest_yearly": 0,
            "eps_growth_yearly": 0
        },
        "20153": {
            "year_quarter": 20153,
            "year": 2015,
            "quarter": 3,
            "eps": -0.26,
            "eps_growth_year": null,
            "eps_4q": -0.6,
            "eps_4q_growth_year": null,
            "roe": -2.3,
            "roe_4q": -5.169999999999999,
            "gross_profit": -20776,
            "gross_margin": -271.72,
            "gross_margin_4q_avg": -93.94,
            "net_income": -25716,
            "revenue": 7646,
            "common_shares": 972819,
            "book_valuer_per_share": 11.38,
            "book_valuer_per_share_4q_avg": 11.89,
            "equity": 1107193,
            "current_ratio": 2607.09,
            "debt_ratio": 3.09,
            "inventory_turnover_ratio": 0.67,
            "account_receivable_turnover_ratio": 0.24,
            "reinvestment_rate": null,
            "research_to_sale_ratio": 1.91,
            "price_fair": 0,
            "eps_avg_yearly": 0,
            "eps_latest_yearly": 0,
            "eps_growth_yearly": 0
        },
        "20154": {
            "year_quarter": 20154,
            "year": 2015,
            "quarter": 4,
            "eps": -0.32,
            "eps_growth_year": -171.19,
            "eps_4q": -1.37,
            "eps_4q_growth_year": null,
            "roe": -2.86,
            "roe_4q": -11.73,
            "gross_profit": -32684,
            "gross_margin": -20427.5,
            "gross_margin_4q_avg": -5195.59,
            "net_income": -31235,
            "revenue": 160,
            "common_shares": 972819,
            "book_valuer_per_share": 11.05,
            "book_valuer_per_share_4q_avg": 11.55,
            "equity": 1074823,
            "current_ratio": 4378.59,
            "debt_ratio": 2.19,
            "inventory_turnover_ratio": 1.29,
            "account_receivable_turnover_ratio": 0.01,
            "reinvestment_rate": null,
            "research_to_sale_ratio": -3.75,
            "price_fair": 0,
            "eps_avg_yearly": 0,
            "eps_latest_yearly": 0,
            "eps_growth_yearly": 0
        },
        "20161": {
            "year_quarter": 20161,
            "year": 2016,
            "quarter": 1,
            "eps": 0.01,
            "eps_growth_year": null,
            "eps_4q": -1.12,
            "eps_4q_growth_year": null,
            "roe": 0.11,
            "roe_4q": -9.649999999999999,
            "gross_profit": -5903,
            "gross_margin": -116.87,
            "gross_margin_4q_avg": -5219.99,
            "net_income": 1181,
            "revenue": 5051,
            "common_shares": 972819,
            "book_valuer_per_share": 11.02,
            "book_valuer_per_share_4q_avg": 11.27,
            "equity": 1071567,
            "current_ratio": 6285.13,
            "debt_ratio": 1.92,
            "inventory_turnover_ratio": 0.88,
            "account_receivable_turnover_ratio": 1.11,
            "reinvestment_rate": null,
            "research_to_sale_ratio": 0,
            "price_fair": 0,
            "eps_avg_yearly": 0,
            "eps_latest_yearly": 0,
            "eps_growth_yearly": 0
        },
        "20162": {
            "year_quarter": 20162,
            "year": 2016,
            "quarter": 2,
            "eps": -0.07,
            "eps_growth_year": null,
            "eps_4q": -0.66,
            "eps_4q_growth_year": null,
            "roe": -0.68,
            "roe_4q": -5.7299999999999995,
            "gross_profit": -6912,
            "gross_margin": -63.3,
            "gross_margin_4q_avg": -5219.85,
            "net_income": -7127,
            "revenue": 10919,
            "common_shares": 972819,
            "book_valuer_per_share": 10.81,
            "book_valuer_per_share_4q_avg": 11.07,
            "equity": 1023357,
            "current_ratio": 2574.77,
            "debt_ratio": 2.3,
            "inventory_turnover_ratio": 2.89,
            "account_receivable_turnover_ratio": 3.41,
            "reinvestment_rate": null,
            "research_to_sale_ratio": 0,
            "price_fair": 0,
            "eps_avg_yearly": 0,
            "eps_latest_yearly": 0,
            "eps_growth_yearly": 0
        },
        "20163": {
            "year_quarter": 20163,
            "year": 2016,
            "quarter": 3,
            "eps": 0.12,
            "eps_growth_year": null,
            "eps_4q": -0.27,
            "eps_4q_growth_year": null,
            "roe": 1.11,
            "roe_4q": -2.32,
            "gross_profit": -7327,
            "gross_margin": -564.48,
            "gross_margin_4q_avg": -5293.04,
            "net_income": 11342,
            "revenue": 1298,
            "common_shares": 946939,
            "book_valuer_per_share": 10.86,
            "book_valuer_per_share_4q_avg": 10.94,
            "equity": 1028592,
            "current_ratio": 2913.18,
            "debt_ratio": 1.94,
            "inventory_turnover_ratio": 12.39,
            "account_receivable_turnover_ratio": 0.82,
            "reinvestment_rate": null,
            "research_to_sale_ratio": 0,
            "price_fair": 0,
            "eps_avg_yearly": 0,
            "eps_latest_yearly": 0,
            "eps_growth_yearly": 0
        },
        "20164": {
            "year_quarter": 20164,
            "year": 2016,
            "quarter": 4,
            "eps": 0.94,
            "eps_growth_year": null,
            "eps_4q": 1,
            "eps_4q_growth_year": null,
            "roe": 8.26,
            "roe_4q": 8.799999999999999,
            "gross_profit": -6944,
            "gross_margin": -2060.53,
            "gross_margin_4q_avg": -701.3,
            "net_income": 89047,
            "revenue": 337,
            "common_shares": 946939,
            "book_valuer_per_share": 11.91,
            "book_valuer_per_share_4q_avg": 11.15,
            "equity": 1127435,
            "current_ratio": 6597.4,
            "debt_ratio": 1.82,
            "inventory_turnover_ratio": null,
            "account_receivable_turnover_ratio": 3.4,
            "reinvestment_rate": null,
            "research_to_sale_ratio": 0,
            "price_fair": 131.6,
            "eps_avg_yearly": 3.76,
            "eps_latest_yearly": 3.76,
            "eps_growth_yearly": 2733.33
        },
        "20171": {
            "year_quarter": 20171,
            "year": 2017,
            "quarter": 1,
            "eps": 0.11,
            "eps_growth_year": 1000,
            "eps_4q": 1.09,
            "eps_4q_growth_year": null,
            "roe": 0.92,
            "roe_4q": 9.61,
            "gross_profit": -5800,
            "gross_margin": -1812.5,
            "gross_margin_4q_avg": -1125.2,
            "net_income": 10337,
            "revenue": 320,
            "common_shares": 946939,
            "book_valuer_per_share": 11.93,
            "book_valuer_per_share_4q_avg": 11.38,
            "equity": 1130093,
            "current_ratio": 6171.33,
            "debt_ratio": 1.8,
            "inventory_turnover_ratio": null,
            "account_receivable_turnover_ratio": 5.29,
            "reinvestment_rate": null,
            "research_to_sale_ratio": 0,
            "price_fair": 73.5,
            "eps_avg_yearly": 2.1,
            "eps_latest_yearly": 0.44,
            "eps_growth_yearly": 1190.07
        },
        "20172": {
            "year_quarter": 20172,
            "year": 2017,
            "quarter": 2,
            "eps": -0.19,
            "eps_growth_year": null,
            "eps_4q": 0.98,
            "eps_4q_growth_year": null,
            "roe": -1.56,
            "roe_4q": 8.73,
            "gross_profit": -4663,
            "gross_margin": -480.72,
            "gross_margin_4q_avg": -1229.56,
            "net_income": -17490,
            "revenue": 970,
            "common_shares": 946939,
            "book_valuer_per_share": 11.68,
            "book_valuer_per_share_4q_avg": 11.6,
            "equity": 1106239,
            "current_ratio": 3111.22,
            "debt_ratio": 2.54,
            "inventory_turnover_ratio": null,
            "account_receivable_turnover_ratio": null,
            "reinvestment_rate": null,
            "research_to_sale_ratio": 0,
            "price_fair": 73.5,
            "eps_avg_yearly": 2.1,
            "eps_latest_yearly": 0.44,
            "eps_growth_yearly": 1190.07
        },
        "20173": {
            "year_quarter": 20173,
            "year": 2017,
            "quarter": 3,
            "eps": -0.05,
            "eps_growth_year": -141.67,
            "eps_4q": 0.81,
            "eps_4q_growth_year": null,
            "roe": -0.46,
            "roe_4q": 7.16,
            "gross_profit": -4733,
            "gross_margin": -525.89,
            "gross_margin_4q_avg": -1219.91,
            "net_income": -5070,
            "revenue": 900,
            "common_shares": 946939,
            "book_valuer_per_share": 11.64,
            "book_valuer_per_share_4q_avg": 11.79,
            "equity": 1102650,
            "current_ratio": 3130.79,
            "debt_ratio": 2.51,
            "inventory_turnover_ratio": null,
            "account_receivable_turnover_ratio": 2.37,
            "reinvestment_rate": null,
            "research_to_sale_ratio": 0,
            "price_fair": 73.5,
            "eps_avg_yearly": 2.1,
            "eps_latest_yearly": 0.44,
            "eps_growth_yearly": 1190.07
        },
        "20174": {
            "year_quarter": 20174,
            "year": 2017,
            "quarter": 4,
            "eps": -0.39,
            "eps_growth_year": -141.76,
            "eps_4q": -0.52,
            "eps_4q_growth_year": -152.31,
            "roe": -3.43,
            "roe_4q": -4.53,
            "gross_profit": -154,
            "gross_margin": -2.09,
            "gross_margin_4q_avg": -705.3,
            "net_income": -37182,
            "revenue": 7377,
            "common_shares": 946939,
            "book_valuer_per_share": 11.25,
            "book_valuer_per_share_4q_avg": 11.63,
            "equity": 1065592,
            "current_ratio": 1867.15,
            "debt_ratio": 4.63,
            "inventory_turnover_ratio": null,
            "account_receivable_turnover_ratio": 2.56,
            "reinvestment_rate": null,
            "research_to_sale_ratio": 0,
            "price_fair": 73.5,
            "eps_avg_yearly": 2.1,
            "eps_latest_yearly": 0.44,
            "eps_growth_yearly": 1190.07
        },
        "20181": {
            "year_quarter": 20181,
            "year": 2018,
            "quarter": 1,
            "eps": -0.14,
            "eps_growth_year": -227.27,
            "eps_4q": -0.77,
            "eps_4q_growth_year": -170.16,
            "roe": -1.23,
            "roe_4q": -6.68,
            "gross_profit": 11435,
            "gross_margin": 68.23,
            "gross_margin_4q_avg": -235.12,
            "net_income": -12939,
            "revenue": 16759,
            "common_shares": 946939,
            "book_valuer_per_share": 10.94,
            "book_valuer_per_share_4q_avg": 11.38,
            "equity": 1036213,
            "current_ratio": 809.79,
            "debt_ratio": 8,
            "inventory_turnover_ratio": 1.38,
            "account_receivable_turnover_ratio": 3.46,
            "reinvestment_rate": null,
            "research_to_sale_ratio": 0,
            "price_fair": 73.5,
            "eps_avg_yearly": 2.1,
            "eps_latest_yearly": 0.44,
            "eps_growth_yearly": 1190.07
        },
        "20182": {
            "year_quarter": 20182,
            "year": 2018,
            "quarter": 2,
            "eps": 2.68,
            "eps_growth_year": null,
            "eps_4q": 2.11,
            "eps_4q_growth_year": 114.49,
            "roe": 21.89,
            "roe_4q": 16.77,
            "gross_profit": 9513,
            "gross_margin": 61.15,
            "gross_margin_4q_avg": -99.65,
            "net_income": 249145,
            "revenue": 15558,
            "common_shares": 946939,
            "book_valuer_per_share": 13.5,
            "book_valuer_per_share_4q_avg": 11.83,
            "equity": 1240046,
            "current_ratio": 1846.9,
            "debt_ratio": 3.46,
            "inventory_turnover_ratio": 0.81,
            "account_receivable_turnover_ratio": 2.79,
            "reinvestment_rate": -125.07,
            "research_to_sale_ratio": null,
            "price_fair": 73.5,
            "eps_avg_yearly": 2.1,
            "eps_latest_yearly": 0.44,
            "eps_growth_yearly": 1190.07
        },
        "20183": {
            "year_quarter": 20183,
            "year": 2018,
            "quarter": 3,
            "eps": 0.65,
            "eps_growth_year": null,
            "eps_4q": 2.82,
            "eps_4q_growth_year": 247.71,
            "roe": 4.73,
            "roe_4q": 21.96,
            "gross_profit": 17536,
            "gross_margin": 66.67,
            "gross_margin_4q_avg": 48.49,
            "net_income": 60051,
            "revenue": 26302,
            "common_shares": 946939,
            "book_valuer_per_share": 14.16,
            "book_valuer_per_share_4q_avg": 12.46,
            "equity": 1300097,
            "current_ratio": 2596.01,
            "debt_ratio": 2.66,
            "inventory_turnover_ratio": 1.06,
            "account_receivable_turnover_ratio": 3.36,
            "reinvestment_rate": -53.26,
            "research_to_sale_ratio": null,
            "price_fair": 79.33,
            "eps_avg_yearly": 2.27,
            "eps_latest_yearly": 2.6,
            "eps_growth_yearly": 692.39
        },
        "20184": {
            "year_quarter": 20184,
            "year": 2018,
            "quarter": 4,
            "eps": -0.46,
            "eps_growth_year": null,
            "eps_4q": 3.63,
            "eps_4q_growth_year": null,
            "roe": -2.8,
            "roe_4q": 22.59,
            "gross_profit": 13100,
            "gross_margin": 50.36,
            "gross_margin_4q_avg": 61.6,
            "net_income": -33199,
            "revenue": 26015,
            "common_shares": 746939,
            "book_valuer_per_share": 14.81,
            "book_valuer_per_share_4q_avg": 13.35,
            "equity": 1072926,
            "current_ratio": 1024.43,
            "debt_ratio": 5.01,
            "inventory_turnover_ratio": 1.4,
            "account_receivable_turnover_ratio": 2.76,
            "reinvestment_rate": -56.76,
            "research_to_sale_ratio": null,
            "price_fair": 79.33,
            "eps_avg_yearly": 2.27,
            "eps_latest_yearly": 2.6,
            "eps_growth_yearly": 692.39
        },
        "20191": {
            "year_quarter": 20191,
            "year": 2019,
            "quarter": 1,
            "eps": -0.06,
            "eps_growth_year": null,
            "eps_4q": 3.75,
            "eps_4q_growth_year": null,
            "roe": -0.38,
            "roe_4q": 23.44,
            "gross_profit": 11700,
            "gross_margin": 49.88,
            "gross_margin_4q_avg": 57.02,
            "net_income": -4032,
            "revenue": 23458,
            "common_shares": 746939,
            "book_valuer_per_share": 14.76,
            "book_valuer_per_share_4q_avg": 14.31,
            "equity": 1068894,
            "current_ratio": 193.41,
            "debt_ratio": 14.94,
            "inventory_turnover_ratio": 1.29,
            "account_receivable_turnover_ratio": 3.21,
            "reinvestment_rate": -50.08,
            "research_to_sale_ratio": null,
            "price_fair": 79.33,
            "eps_avg_yearly": 2.27,
            "eps_latest_yearly": 2.6,
            "eps_growth_yearly": 692.39
        },
        "20192": {
            "year_quarter": 20192,
            "year": 2019,
            "quarter": 2,
            "eps": -1.93,
            "eps_growth_year": -172.01,
            "eps_4q": -1.62,
            "eps_4q_growth_year": -176.66,
            "roe": -14.24,
            "roe_4q": -12.690000000000001,
            "gross_profit": 13249,
            "gross_margin": 54.41,
            "gross_margin_4q_avg": 55.33,
            "net_income": -140102,
            "revenue": 24350,
            "common_shares": 746939,
            "book_valuer_per_share": 12.41,
            "book_valuer_per_share_4q_avg": 14.04,
            "equity": 898915,
            "current_ratio": 137.84,
            "debt_ratio": 26.49,
            "inventory_turnover_ratio": 1.19,
            "account_receivable_turnover_ratio": 4.01,
            "reinvestment_rate": -203.77,
            "research_to_sale_ratio": null,
            "price_fair": 79.33,
            "eps_avg_yearly": 2.27,
            "eps_latest_yearly": 2.6,
            "eps_growth_yearly": 692.39
        },
        "20193": {
            "year_quarter": 20193,
            "year": 2019,
            "quarter": 3,
            "eps": -0.1,
            "eps_growth_year": -115.38,
            "eps_4q": -2.55,
            "eps_4q_growth_year": -190.26,
            "roe": -0.79,
            "roe_4q": -18.21,
            "gross_profit": 19235,
            "gross_margin": 56.44,
            "gross_margin_4q_avg": 52.77,
            "net_income": -7116,
            "revenue": 34078,
            "common_shares": 746939,
            "book_valuer_per_share": 12.31,
            "book_valuer_per_share_4q_avg": 13.57,
            "equity": 891799,
            "current_ratio": 142.46,
            "debt_ratio": 25.88,
            "inventory_turnover_ratio": 1.65,
            "account_receivable_turnover_ratio": 4.81,
            "reinvestment_rate": -173.88,
            "research_to_sale_ratio": null,
            "price_fair": 79.33,
            "eps_avg_yearly": 2.27,
            "eps_latest_yearly": 2.6,
            "eps_growth_yearly": 692.39
        },
        "20194": {
            "year_quarter": 20194,
            "year": 2019,
            "quarter": 4,
            "eps": -0.45,
            "eps_growth_year": null,
            "eps_4q": -2.53,
            "eps_4q_growth_year": -169.57,
            "roe": -3.69,
            "roe_4q": -19.099999999999998,
            "gross_profit": 10233,
            "gross_margin": 40.21,
            "gross_margin_4q_avg": 50.24,
            "net_income": -32406,
            "revenue": 25446,
            "common_shares": 746939,
            "book_valuer_per_share": 11.9,
            "book_valuer_per_share_4q_avg": 12.85,
            "equity": 864694,
            "current_ratio": 234.23,
            "debt_ratio": 25.61,
            "inventory_turnover_ratio": 1.6,
            "account_receivable_turnover_ratio": 4.49,
            "reinvestment_rate": -394.73,
            "research_to_sale_ratio": null,
            "price_fair": 79.33,
            "eps_avg_yearly": 2.27,
            "eps_latest_yearly": 2.6,
            "eps_growth_yearly": 692.39
        },
        "20201": {
            "year_quarter": 20201,
            "year": 2020,
            "quarter": 1,
            "eps": -0.2,
            "eps_growth_year": null,
            "eps_4q": -2.67,
            "eps_4q_growth_year": -171.07,
            "roe": -1.66,
            "roe_4q": -20.38,
            "gross_profit": 10483,
            "gross_margin": 44.83,
            "gross_margin_4q_avg": 48.97,
            "net_income": -14219,
            "revenue": 23386,
            "common_shares": 746939,
            "book_valuer_per_share": 11.7,
            "book_valuer_per_share_4q_avg": 12.08,
            "equity": 849980,
            "current_ratio": 190.94,
            "debt_ratio": 25.5,
            "inventory_turnover_ratio": 1.29,
            "account_receivable_turnover_ratio": 4.3,
            "reinvestment_rate": -441.07,
            "research_to_sale_ratio": null,
            "price_fair": 79.33,
            "eps_avg_yearly": 2.27,
            "eps_latest_yearly": 2.6,
            "eps_growth_yearly": 692.39
        },
        "20202": {
            "year_quarter": 20202,
            "year": 2020,
            "quarter": 2,
            "eps": 6.87,
            "eps_growth_year": null,
            "eps_4q": 6.15,
            "eps_4q_growth_year": null,
            "roe": 45.27,
            "roe_4q": 39.13000000000001,
            "gross_profit": 11359,
            "gross_margin": 52.01,
            "gross_margin_4q_avg": 48.37,
            "net_income": 492928,
            "revenue": 21842,
            "common_shares": 734029,
            "book_valuer_per_share": 18.59,
            "book_valuer_per_share_4q_avg": 13.63,
            "equity": 1327620,
            "current_ratio": 1467.51,
            "debt_ratio": 4.87,
            "inventory_turnover_ratio": 1.09,
            "account_receivable_turnover_ratio": 4.51,
            "reinvestment_rate": -86.17,
            "research_to_sale_ratio": null,
            "price_fair": 79.33,
            "eps_avg_yearly": 2.27,
            "eps_latest_yearly": 2.6,
            "eps_growth_yearly": 692.39
        },
        "20203": {
            "year_quarter": 20203,
            "year": 2020,
            "quarter": 3,
            "eps": -0.13,
            "eps_growth_year": null,
            "eps_4q": 6.12,
            "eps_4q_growth_year": null,
            "roe": -0.72,
            "roe_4q": 39.20000000000001,
            "gross_profit": 17018,
            "gross_margin": 53.24,
            "gross_margin_4q_avg": 47.57,
            "net_income": -9578,
            "revenue": 31963,
            "common_shares": 734029,
            "book_valuer_per_share": 18.46,
            "book_valuer_per_share_4q_avg": 15.16,
            "equity": 1318017,
            "current_ratio": 1416,
            "debt_ratio": 5.08,
            "inventory_turnover_ratio": 1.42,
            "account_receivable_turnover_ratio": 5.87,
            "reinvestment_rate": -111.85,
            "research_to_sale_ratio": null,
            "price_fair": 79.33,
            "eps_avg_yearly": 2.27,
            "eps_latest_yearly": 2.6,
            "eps_growth_yearly": 692.39
        },
        "20204": {
            "year_quarter": 20204,
            "year": 2020,
            "quarter": 4,
            "eps": -0.34,
            "eps_growth_year": null,
            "eps_4q": 6.23,
            "eps_4q_growth_year": null,
            "roe": -1.88,
            "roe_4q": 41.010000000000005,
            "gross_profit": 10980,
            "gross_margin": 46.64,
            "gross_margin_4q_avg": 49.18,
            "net_income": -24480,
            "revenue": 23543,
            "common_shares": 734029,
            "book_valuer_per_share": 18.11,
            "book_valuer_per_share_4q_avg": 16.72,
            "equity": 1293227,
            "current_ratio": 251.67,
            "debt_ratio": 24.34,
            "inventory_turnover_ratio": 1.06,
            "account_receivable_turnover_ratio": 3.52,
            "reinvestment_rate": -139.91,
            "research_to_sale_ratio": null,
            "price_fair": 4.56,
            "eps_avg_yearly": 1.52,
            "eps_latest_yearly": 2.6,
            "eps_growth_yearly": -328.09
        },
        "20211": {
            "year_quarter": 20211,
            "year": 2021,
            "quarter": 1,
            "eps": -0.09,
            "eps_growth_year": null,
            "eps_4q": 6.33,
            "eps_4q_growth_year": null,
            "roe": -0.53,
            "roe_4q": 42.14,
            "gross_profit": 13954,
            "gross_margin": 53.92,
            "gross_margin_4q_avg": 51.45,
            "net_income": -6871,
            "revenue": 25881,
            "common_shares": 734029,
            "book_valuer_per_share": 18.02,
            "book_valuer_per_share_4q_avg": 18.3,
            "equity": 1286364,
            "current_ratio": 327.69,
            "debt_ratio": 24.1,
            "inventory_turnover_ratio": 1,
            "account_receivable_turnover_ratio": 4.87,
            "reinvestment_rate": -141.91,
            "research_to_sale_ratio": null,
            "price_fair": 7.8,
            "eps_avg_yearly": 2.6,
            "eps_latest_yearly": 2.6,
            "eps_growth_yearly": -302.99
        },
        "20212": {
            "year_quarter": 20212,
            "year": 2021,
            "quarter": 2,
            "eps": 2.36,
            "eps_growth_year": -65.65,
            "eps_4q": 1.85,
            "eps_4q_growth_year": -69.91,
            "roe": 12.61,
            "roe_4q": 9.479999999999999,
            "gross_profit": 12593,
            "gross_margin": 55.19,
            "gross_margin_4q_avg": 52.25,
            "net_income": 173061,
            "revenue": 22818,
            "common_shares": 734029,
            "book_valuer_per_share": 20.44,
            "book_valuer_per_share_4q_avg": 18.76,
            "equity": 1459312,
            "current_ratio": 796.5,
            "debt_ratio": 23.48,
            "inventory_turnover_ratio": 0.88,
            "account_receivable_turnover_ratio": 5.2,
            "reinvestment_rate": -98.49,
            "research_to_sale_ratio": null,
            "price_fair": 7.8,
            "eps_avg_yearly": 2.6,
            "eps_latest_yearly": 2.6,
            "eps_growth_yearly": -302.99
        },
        "20213": {
            "year_quarter": 20213,
            "year": 2021,
            "quarter": 3,
            "eps": -0.36,
            "eps_growth_year": null,
            "eps_4q": 1.61,
            "eps_4q_growth_year": -73.68,
            "roe": -1.87,
            "roe_4q": 8.329999999999998,
            "gross_profit": 17191,
            "gross_margin": 55.54,
            "gross_margin_4q_avg": 52.82,
            "net_income": -26755,
            "revenue": 30951,
            "common_shares": 734029,
            "book_valuer_per_share": 19.66,
            "book_valuer_per_share_4q_avg": 19.06,
            "equity": 1404003,
            "current_ratio": 1215.1,
            "debt_ratio": 24.01,
            "inventory_turnover_ratio": 1.3,
            "account_receivable_turnover_ratio": 5,
            "reinvestment_rate": -102.83,
            "research_to_sale_ratio": null,
            "price_fair": 7.8,
            "eps_avg_yearly": 2.6,
            "eps_latest_yearly": 2.6,
            "eps_growth_yearly": -302.99
        },
        "20214": {
            "year_quarter": 20214,
            "year": 2021,
            "quarter": 4,
            "eps": -0.14,
            "eps_growth_year": null,
            "eps_4q": 1.81,
            "eps_4q_growth_year": -70.86,
            "roe": -0.7,
            "roe_4q": 9.51,
            "gross_profit": 12394,
            "gross_margin": 55.95,
            "gross_margin_4q_avg": 55.15,
            "net_income": -9849,
            "revenue": 22152,
            "common_shares": 734029,
            "book_valuer_per_share": 19.53,
            "book_valuer_per_share_4q_avg": 19.41,
            "equity": 1394258,
            "current_ratio": 1278.89,
            "debt_ratio": 23.22,
            "inventory_turnover_ratio": 0.99,
            "account_receivable_turnover_ratio": 2.98,
            "reinvestment_rate": -64.88,
            "research_to_sale_ratio": null,
            "price_fair": 7.8,
            "eps_avg_yearly": 2.6,
            "eps_latest_yearly": 2.6,
            "eps_growth_yearly": -302.99
        },
        "20221": {
            "year_quarter": 20221,
            "year": 2022,
            "quarter": 1,
            "eps": -0.16,
            "eps_growth_year": null,
            "eps_4q": 1.75,
            "eps_4q_growth_year": -72.4,
            "roe": -0.86,
            "roe_4q": 9.18,
            "gross_profit": 13707,
            "gross_margin": 59.02,
            "gross_margin_4q_avg": 56.43,
            "net_income": -11690,
            "revenue": 23224,
            "common_shares": 734029,
            "book_valuer_per_share": 18.77,
            "book_valuer_per_share_4q_avg": 19.6,
            "equity": 1339899,
            "current_ratio": 626.37,
            "debt_ratio": 26.41,
            "inventory_turnover_ratio": 0.98,
            "account_receivable_turnover_ratio": 3.43,
            "reinvestment_rate": -45.56,
            "research_to_sale_ratio": null,
            "price_fair": 7.8,
            "eps_avg_yearly": 2.6,
            "eps_latest_yearly": 2.6,
            "eps_growth_yearly": -302.99
        },
        "20222": {
            "year_quarter": 20222,
            "year": 2022,
            "quarter": 2,
            "eps": 0,
            "eps_growth_year": -100,
            "eps_4q": -0.68,
            "eps_4q_growth_year": -136.58,
            "roe": -0,
            "roe_4q": -3.43,
            "gross_profit": 11692,
            "gross_margin": 55.4,
            "gross_margin_4q_avg": 56.48,
            "net_income": -42,
            "revenue": 21104,
            "common_shares": 734029,
            "book_valuer_per_share": 18.76,
            "book_valuer_per_share_4q_avg": 19.18,
            "equity": 1339770,
            "current_ratio": 2000.15,
            "debt_ratio": 22.81,
            "inventory_turnover_ratio": 0.84,
            "account_receivable_turnover_ratio": 3.93,
            "reinvestment_rate": -86.06,
            "research_to_sale_ratio": null,
            "price_fair": 7.8,
            "eps_avg_yearly": 2.6,
            "eps_latest_yearly": 2.6,
            "eps_growth_yearly": -302.99
        },
        "20223": {
            "year_quarter": 20223,
            "year": 2022,
            "quarter": 3,
            "eps": 0.08,
            "eps_growth_year": null,
            "eps_4q": -0.24,
            "eps_4q_growth_year": -115.12,
            "roe": 0.38,
            "roe_4q": -1.18,
            "gross_profit": 14681,
            "gross_margin": 54.04,
            "gross_margin_4q_avg": 56.1,
            "net_income": 5054,
            "revenue": 27166,
            "common_shares": 734029,
            "book_valuer_per_share": 19.28,
            "book_valuer_per_share_4q_avg": 19.09,
            "equity": 1285631,
            "current_ratio": 1337.78,
            "debt_ratio": 24.02,
            "inventory_turnover_ratio": 0.87,
            "account_receivable_turnover_ratio": 5.51,
            "reinvestment_rate": -117.29,
            "research_to_sale_ratio": null,
            "price_fair": 0,
            "eps_avg_yearly": 0,
            "eps_latest_yearly": 0,
            "eps_growth_yearly": 0
        },
        "20224": {
            "year_quarter": 20224,
            "year": 2022,
            "quarter": 4,
            "eps": -0.05,
            "eps_growth_year": null,
            "eps_4q": -0.14,
            "eps_4q_growth_year": -107.92,
            "roe": -0.27,
            "roe_4q": -0.75,
            "gross_profit": 12117,
            "gross_margin": 55.94,
            "gross_margin_4q_avg": 56.1,
            "net_income": -3455,
            "revenue": 21659,
            "common_shares": 734029,
            "book_valuer_per_share": 19.23,
            "book_valuer_per_share_4q_avg": 19.01,
            "equity": 1282095,
            "current_ratio": 2386.58,
            "debt_ratio": 23.12,
            "inventory_turnover_ratio": 0.64,
            "account_receivable_turnover_ratio": 3.34,
            "reinvestment_rate": -75.31,
            "research_to_sale_ratio": null,
            "price_fair": 0,
            "eps_avg_yearly": 0,
            "eps_latest_yearly": 0,
            "eps_growth_yearly": 0
        },
        "20231": {
            "year_quarter": 20231,
            "year": 2023,
            "quarter": 1,
            "eps": -0.12,
            "eps_growth_year": null,
            "eps_4q": -0.09,
            "eps_4q_growth_year": -105.04,
            "roe": -0.66,
            "roe_4q": -0.55,
            "gross_profit": 13388,
            "gross_margin": 57.73,
            "gross_margin_4q_avg": 55.78,
            "net_income": -8478,
            "revenue": 23189,
            "common_shares": 734029,
            "book_valuer_per_share": 19.11,
            "book_valuer_per_share_4q_avg": 19.1,
            "equity": 1273625,
            "current_ratio": 2267.14,
            "debt_ratio": 23.24,
            "inventory_turnover_ratio": 0.69,
            "account_receivable_turnover_ratio": 3.49,
            "reinvestment_rate": -75.93,
            "research_to_sale_ratio": null,
            "price_fair": 0,
            "eps_avg_yearly": 0,
            "eps_latest_yearly": 0,
            "eps_growth_yearly": 0
        }
    },
    "months": {
        "2001-06": {
            "month": "2001-06",
            "price": "38.76",
            "revenue": 94170
        },
        "2001-07": {
            "month": "2001-07",
            "price": "30.15",
            "revenue": 92459
        },
        "2001-08": {
            "month": "2001-08",
            "price": "31.47",
            "revenue": 116274
        },
        "2001-09": {
            "month": "2001-09",
            "price": "24.96",
            "revenue": 123488
        },
        "2001-10": {
            "month": "2001-10",
            "price": "17.80",
            "revenue": 126700
        },
        "2001-11": {
            "month": "2001-11",
            "price": "20.63",
            "revenue": 100417
        },
        "2001-12": {
            "month": "2001-12",
            "price": "27.86",
            "revenue": 87586
        },
        "2002-01": {
            "month": "2002-01",
            "price": "28.30",
            "revenue": 100514
        },
        "2002-02": {
            "month": "2002-02",
            "price": "28.61",
            "revenue": 82334
        },
        "2002-03": {
            "month": "2002-03",
            "price": "29.14",
            "revenue": 94382
        },
        "2002-04": {
            "month": "2002-04",
            "price": "35.19",
            "revenue": 96123
        },
        "2002-05": {
            "month": "2002-05",
            "price": "31.36",
            "revenue": 89568
        },
        "2002-06": {
            "month": "2002-06",
            "price": "31.48",
            "revenue": 87679
        },
        "2002-07": {
            "month": "2002-07",
            "price": "23.13",
            "revenue": 83004
        },
        "2002-08": {
            "month": "2002-08",
            "price": "18.42",
            "revenue": 102349
        },
        "2002-09": {
            "month": "2002-09",
            "price": "17.84",
            "revenue": 109531
        },
        "2002-10": {
            "month": "2002-10",
            "price": "16.08",
            "revenue": 104458
        },
        "2002-11": {
            "month": "2002-11",
            "price": "15.60",
            "revenue": 87759
        },
        "2002-12": {
            "month": "2002-12",
            "price": "15.39",
            "revenue": 88917
        },
        "2003-01": {
            "month": "2003-01",
            "price": "15.65",
            "revenue": 94318
        },
        "2003-02": {
            "month": "2003-02",
            "price": "14.87",
            "revenue": 85217
        },
        "2003-03": {
            "month": "2003-03",
            "price": "13.87",
            "revenue": 101236
        },
        "2003-04": {
            "month": "2003-04",
            "price": "12.94",
            "revenue": 98535
        },
        "2003-05": {
            "month": "2003-05",
            "price": "11.22",
            "revenue": 82224
        },
        "2003-06": {
            "month": "2003-06",
            "price": "12.99",
            "revenue": 72620
        },
        "2003-07": {
            "month": "2003-07",
            "price": "19.48",
            "revenue": 93738
        },
        "2003-08": {
            "month": "2003-08",
            "price": "19.36",
            "revenue": 140808
        },
        "2003-09": {
            "month": "2003-09",
            "price": "16.49",
            "revenue": 168126
        },
        "2003-10": {
            "month": "2003-10",
            "price": "20.61",
            "revenue": 185642
        },
        "2003-11": {
            "month": "2003-11",
            "price": "25.36",
            "revenue": 148915
        },
        "2003-12": {
            "month": "2003-12",
            "price": "26.11",
            "revenue": 124854
        },
        "2004-01": {
            "month": "2004-01",
            "price": "25.62",
            "revenue": 112492
        },
        "2004-02": {
            "month": "2004-02",
            "price": "25.62",
            "revenue": 145684
        },
        "2004-03": {
            "month": "2004-03",
            "price": "29.97",
            "revenue": 152704
        },
        "2004-04": {
            "month": "2004-04",
            "price": "36.30",
            "revenue": 173503
        },
        "2004-05": {
            "month": "2004-05",
            "price": "39.40",
            "revenue": 191593
        },
        "2004-06": {
            "month": "2004-06",
            "price": "40.44",
            "revenue": 250341
        },
        "2004-07": {
            "month": "2004-07",
            "price": "33.80",
            "revenue": 227340
        },
        "2004-08": {
            "month": "2004-08",
            "price": "33.12",
            "revenue": 220365
        },
        "2004-09": {
            "month": "2004-09",
            "price": "37.05",
            "revenue": 211468
        },
        "2004-10": {
            "month": "2004-10",
            "price": "31.64",
            "revenue": 193085
        },
        "2004-11": {
            "month": "2004-11",
            "price": "28.55",
            "revenue": 164324
        },
        "2004-12": {
            "month": "2004-12",
            "price": "26.63",
            "revenue": 129076
        },
        "2005-01": {
            "month": "2005-01",
            "price": "22.65",
            "revenue": 138839
        },
        "2005-02": {
            "month": "2005-02",
            "price": "25.05",
            "revenue": 100136
        },
        "2005-03": {
            "month": "2005-03",
            "price": "26.07",
            "revenue": 151812
        },
        "2005-04": {
            "month": "2005-04",
            "price": "24.16",
            "revenue": 126166
        },
        "2005-05": {
            "month": "2005-05",
            "price": "21.83",
            "revenue": 103198
        },
        "2005-06": {
            "month": "2005-06",
            "price": "22.58",
            "revenue": 110575
        },
        "2005-07": {
            "month": "2005-07",
            "price": "22.93",
            "revenue": 144558
        },
        "2005-08": {
            "month": "2005-08",
            "price": "17.28",
            "revenue": 248873
        },
        "2005-09": {
            "month": "2005-09",
            "price": "15.35",
            "revenue": 267953
        },
        "2005-10": {
            "month": "2005-10",
            "price": "17.12",
            "revenue": 316596
        },
        "2005-11": {
            "month": "2005-11",
            "price": "17.22",
            "revenue": 358490
        },
        "2005-12": {
            "month": "2005-12",
            "price": "21.50",
            "revenue": 306089
        },
        "2006-01": {
            "month": "2006-01",
            "price": "28.52",
            "revenue": 260350
        },
        "2006-02": {
            "month": "2006-02",
            "price": "24.77",
            "revenue": 254835
        },
        "2006-03": {
            "month": "2006-03",
            "price": "24.77",
            "revenue": 295261
        },
        "2006-04": {
            "month": "2006-04",
            "price": "28.64",
            "revenue": 290287
        },
        "2006-05": {
            "month": "2006-05",
            "price": "36.71",
            "revenue": 308544
        },
        "2006-06": {
            "month": "2006-06",
            "price": "32.43",
            "revenue": 347199
        },
        "2006-07": {
            "month": "2006-07",
            "price": "31.12",
            "revenue": 370503
        },
        "2006-08": {
            "month": "2006-08",
            "price": "30.83",
            "revenue": 400853
        },
        "2006-09": {
            "month": "2006-09",
            "price": "30.85",
            "revenue": 348930
        },
        "2006-10": {
            "month": "2006-10",
            "price": "29.84",
            "revenue": 363737
        },
        "2006-11": {
            "month": "2006-11",
            "price": "29.85",
            "revenue": 265368
        },
        "2006-12": {
            "month": "2006-12",
            "price": "29.08",
            "revenue": 220569
        },
        "2007-01": {
            "month": "2007-01",
            "price": "28.63",
            "revenue": 203358
        },
        "2007-02": {
            "month": "2007-02",
            "price": "28.47",
            "revenue": 180234
        },
        "2007-03": {
            "month": "2007-03",
            "price": "27.21",
            "revenue": 262083
        },
        "2007-04": {
            "month": "2007-04",
            "price": "27.88",
            "revenue": 274156
        },
        "2007-05": {
            "month": "2007-05",
            "price": "25.73",
            "revenue": 292666
        },
        "2007-06": {
            "month": "2007-06",
            "price": "26.73",
            "revenue": 272245
        },
        "2007-07": {
            "month": "2007-07",
            "price": "27.65",
            "revenue": 357845
        },
        "2007-08": {
            "month": "2007-08",
            "price": "25.95",
            "revenue": 367595
        },
        "2007-09": {
            "month": "2007-09",
            "price": "22.52",
            "revenue": 334004
        },
        "2007-10": {
            "month": "2007-10",
            "price": "21.12",
            "revenue": 251756
        },
        "2007-11": {
            "month": "2007-11",
            "price": "17.98",
            "revenue": 195035
        },
        "2007-12": {
            "month": "2007-12",
            "price": "15.67",
            "revenue": 137148
        },
        "2008-01": {
            "month": "2008-01",
            "price": "14.58",
            "revenue": 175443
        },
        "2008-02": {
            "month": "2008-02",
            "price": "14.78",
            "revenue": 157851
        },
        "2008-03": {
            "month": "2008-03",
            "price": "14.82",
            "revenue": 194706
        },
        "2008-04": {
            "month": "2008-04",
            "price": "15.10",
            "revenue": 190824
        },
        "2008-05": {
            "month": "2008-05",
            "price": "14.32",
            "revenue": 134892
        },
        "2008-06": {
            "month": "2008-06",
            "price": "12.64",
            "revenue": 125395
        },
        "2008-07": {
            "month": "2008-07",
            "price": "10.86",
            "revenue": 187572
        },
        "2008-08": {
            "month": "2008-08",
            "price": "10.85",
            "revenue": 204411
        },
        "2008-09": {
            "month": "2008-09",
            "price": "9.75",
            "revenue": 216353
        },
        "2008-10": {
            "month": "2008-10",
            "price": "8.37",
            "revenue": 164610
        },
        "2008-11": {
            "month": "2008-11",
            "price": "6.61",
            "revenue": 75520
        },
        "2008-12": {
            "month": "2008-12",
            "price": "5.98",
            "revenue": 68770
        },
        "2009-01": {
            "month": "2009-01",
            "price": "5.88",
            "revenue": 68382
        },
        "2009-02": {
            "month": "2009-02",
            "price": "6.28",
            "revenue": 140110
        },
        "2009-03": {
            "month": "2009-03",
            "price": "7.68",
            "revenue": 181232
        },
        "2009-04": {
            "month": "2009-04",
            "price": "9.49",
            "revenue": 127448
        },
        "2009-05": {
            "month": "2009-05",
            "price": "9.62",
            "revenue": 101970
        },
        "2009-06": {
            "month": "2009-06",
            "price": "8.60",
            "revenue": 110249
        },
        "2009-07": {
            "month": "2009-07",
            "price": "9.41",
            "revenue": 123179
        },
        "2009-08": {
            "month": "2009-08",
            "price": "9.66",
            "revenue": 163937
        },
        "2009-09": {
            "month": "2009-09",
            "price": "11.91",
            "revenue": 201898
        },
        "2009-10": {
            "month": "2009-10",
            "price": "14.98",
            "revenue": 140851
        },
        "2009-11": {
            "month": "2009-11",
            "price": "14.30",
            "revenue": 104087
        },
        "2009-12": {
            "month": "2009-12",
            "price": "14.86",
            "revenue": 129945
        },
        "2010-01": {
            "month": "2010-01",
            "price": "14.32",
            "revenue": 175700
        },
        "2010-02": {
            "month": "2010-02",
            "price": "13.04",
            "revenue": 157424
        },
        "2010-03": {
            "month": "2010-03",
            "price": "15.15",
            "revenue": 248529
        },
        "2010-04": {
            "month": "2010-04",
            "price": "17.13",
            "revenue": 272221
        },
        "2010-05": {
            "month": "2010-05",
            "price": "16.58",
            "revenue": 231291
        },
        "2010-06": {
            "month": "2010-06",
            "price": "14.78",
            "revenue": 187180
        },
        "2010-07": {
            "month": "2010-07",
            "price": "15.07",
            "revenue": 149161
        },
        "2010-08": {
            "month": "2010-08",
            "price": "16.08",
            "revenue": 159330
        },
        "2010-09": {
            "month": "2010-09",
            "price": "16.14",
            "revenue": 119795
        },
        "2010-10": {
            "month": "2010-10",
            "price": "14.36",
            "revenue": 104090
        },
        "2010-11": {
            "month": "2010-11",
            "price": "11.90",
            "revenue": 86562
        },
        "2010-12": {
            "month": "2010-12",
            "price": "13.45",
            "revenue": 124983
        },
        "2011-01": {
            "month": "2011-01",
            "price": "13.86",
            "revenue": 120672
        },
        "2011-02": {
            "month": "2011-02",
            "price": "14.81",
            "revenue": 133610
        },
        "2011-03": {
            "month": "2011-03",
            "price": "14.26",
            "revenue": 134993
        },
        "2011-04": {
            "month": "2011-04",
            "price": "14.76",
            "revenue": 102310
        },
        "2011-05": {
            "month": "2011-05",
            "price": "15.22",
            "revenue": 65270
        },
        "2011-06": {
            "month": "2011-06",
            "price": "14.90",
            "revenue": 64140
        },
        "2011-07": {
            "month": "2011-07",
            "price": "13.30",
            "revenue": 80157
        },
        "2011-08": {
            "month": "2011-08",
            "price": "11.75",
            "revenue": 81502
        },
        "2011-09": {
            "month": "2011-09",
            "price": "11.21",
            "revenue": 49602
        },
        "2011-10": {
            "month": "2011-10",
            "price": "11.74",
            "revenue": 54742
        },
        "2011-11": {
            "month": "2011-11",
            "price": "9.83",
            "revenue": 46178
        },
        "2011-12": {
            "month": "2011-12",
            "price": "8.49",
            "revenue": 57278
        },
        "2012-01": {
            "month": "2012-01",
            "price": "8.27",
            "revenue": 27194
        },
        "2012-02": {
            "month": "2012-02",
            "price": "9.96",
            "revenue": 83971
        },
        "2012-03": {
            "month": "2012-03",
            "price": "10.36",
            "revenue": 100020
        },
        "2012-04": {
            "month": "2012-04",
            "price": "10.27",
            "revenue": 68698
        },
        "2012-05": {
            "month": "2012-05",
            "price": "10.21",
            "revenue": 88440
        },
        "2012-06": {
            "month": "2012-06",
            "price": "10.23",
            "revenue": 74120
        },
        "2012-07": {
            "month": "2012-07",
            "price": "10.12",
            "revenue": 89715
        },
        "2012-08": {
            "month": "2012-08",
            "price": "10.17",
            "revenue": 79014
        },
        "2012-09": {
            "month": "2012-09",
            "price": "9.59",
            "revenue": 72404
        },
        "2012-10": {
            "month": "2012-10",
            "price": "8.66",
            "revenue": 41145
        },
        "2012-11": {
            "month": "2012-11",
            "price": "7.54",
            "revenue": 33704
        },
        "2012-12": {
            "month": "2012-12",
            "price": "7.28",
            "revenue": 27362
        },
        "2013-01": {
            "month": "2013-01",
            "price": "7.39",
            "revenue": 27037
        },
        "2013-02": {
            "month": "2013-02",
            "price": "7.36",
            "revenue": 20901
        },
        "2013-03": {
            "month": "2013-03",
            "price": "7.35",
            "revenue": 22319
        },
        "2013-04": {
            "month": "2013-04",
            "price": "7.76",
            "revenue": 17844
        },
        "2013-05": {
            "month": "2013-05",
            "price": "7.81",
            "revenue": 21357
        },
        "2013-06": {
            "month": "2013-06",
            "price": "7.96",
            "revenue": 20031
        },
        "2013-07": {
            "month": "2013-07",
            "price": "7.99",
            "revenue": 19326
        },
        "2013-08": {
            "month": "2013-08",
            "price": "8.26",
            "revenue": 16983
        },
        "2013-09": {
            "month": "2013-09",
            "price": "9.02",
            "revenue": 13355
        },
        "2013-10": {
            "month": "2013-10",
            "price": "8.50",
            "revenue": 17479
        },
        "2013-11": {
            "month": "2013-11",
            "price": "8.51",
            "revenue": 25726
        },
        "2013-12": {
            "month": "2013-12",
            "price": "8.60",
            "revenue": 30563
        },
        "2014-01": {
            "month": "2014-01",
            "price": "8.94",
            "revenue": 17561
        },
        "2014-02": {
            "month": "2014-02",
            "price": "9.33",
            "revenue": 20156
        },
        "2014-03": {
            "month": "2014-03",
            "price": "9.02",
            "revenue": 18843
        },
        "2014-04": {
            "month": "2014-04",
            "price": "8.90",
            "revenue": 24695
        },
        "2014-05": {
            "month": "2014-05",
            "price": "10.77",
            "revenue": 26990
        },
        "2014-06": {
            "month": "2014-06",
            "price": "11.96",
            "revenue": 21080
        },
        "2014-07": {
            "month": "2014-07",
            "price": "15.79",
            "revenue": 21819
        },
        "2014-08": {
            "month": "2014-08",
            "price": "18.38",
            "revenue": 22925
        },
        "2014-09": {
            "month": "2014-09",
            "price": "19.90",
            "revenue": 19140
        },
        "2014-10": {
            "month": "2014-10",
            "price": "18.45",
            "revenue": 17502
        },
        "2014-11": {
            "month": "2014-11",
            "price": "18.61",
            "revenue": 12729
        },
        "2014-12": {
            "month": "2014-12",
            "price": "19.49",
            "revenue": 16963
        },
        "2015-01": {
            "month": "2015-01",
            "price": "20.78",
            "revenue": 16848
        },
        "2015-02": {
            "month": "2015-02",
            "price": "20.05",
            "revenue": 11243
        },
        "2015-03": {
            "month": "2015-03",
            "price": "18.52",
            "revenue": 14849
        },
        "2015-04": {
            "month": "2015-04",
            "price": "18.72",
            "revenue": 9908
        },
        "2015-05": {
            "month": "2015-05",
            "price": "18.15",
            "revenue": 7796
        },
        "2015-06": {
            "month": "2015-06",
            "price": "16.17",
            "revenue": 6703
        },
        "2015-07": {
            "month": "2015-07",
            "price": "16.72",
            "revenue": 6111
        },
        "2015-08": {
            "month": "2015-08",
            "price": "15.96",
            "revenue": 1152
        },
        "2015-09": {
            "month": "2015-09",
            "price": "16.51",
            "revenue": 383
        },
        "2015-10": {
            "month": "2015-10",
            "price": "16.65",
            "revenue": 136
        },
        "2015-11": {
            "month": "2015-11",
            "price": "14.93",
            "revenue": 10
        },
        "2015-12": {
            "month": "2015-12",
            "price": "16.01",
            "revenue": 15
        },
        "2016-01": {
            "month": "2016-01",
            "price": "16.04",
            "revenue": -196
        },
        "2016-02": {
            "month": "2016-02",
            "price": "15.50",
            "revenue": 866
        },
        "2016-03": {
            "month": "2016-03",
            "price": "14.69",
            "revenue": 4382
        },
        "2016-04": {
            "month": "2016-04",
            "price": "15.55",
            "revenue": 6445
        },
        "2016-05": {
            "month": "2016-05",
            "price": "15.98",
            "revenue": 1982
        },
        "2016-06": {
            "month": "2016-06",
            "price": "15.70",
            "revenue": 2492
        },
        "2016-07": {
            "month": "2016-07",
            "price": "15.47",
            "revenue": 996
        },
        "2016-08": {
            "month": "2016-08",
            "price": "15.45",
            "revenue": 229
        },
        "2016-09": {
            "month": "2016-09",
            "price": "16.06",
            "revenue": 73
        },
        "2016-10": {
            "month": "2016-10",
            "price": "17.38",
            "revenue": 114
        },
        "2016-11": {
            "month": "2016-11",
            "price": "16.91",
            "revenue": 107
        },
        "2016-12": {
            "month": "2016-12",
            "price": "17.14",
            "revenue": 115
        },
        "2017-01": {
            "month": "2017-01",
            "price": "16.70",
            "revenue": 113
        },
        "2017-02": {
            "month": "2017-02",
            "price": "17.00",
            "revenue": 105
        },
        "2017-03": {
            "month": "2017-03",
            "price": "18.13",
            "revenue": 102
        },
        "2017-04": {
            "month": "2017-04",
            "price": "18.00",
            "revenue": 390
        },
        "2017-05": {
            "month": "2017-05",
            "price": "17.07",
            "revenue": 290
        },
        "2017-06": {
            "month": "2017-06",
            "price": "16.37",
            "revenue": 290
        },
        "2017-07": {
            "month": "2017-07",
            "price": "16.41",
            "revenue": 290
        },
        "2017-08": {
            "month": "2017-08",
            "price": "16.79",
            "revenue": 320
        },
        "2017-09": {
            "month": "2017-09",
            "price": "17.60",
            "revenue": 290
        },
        "2017-10": {
            "month": "2017-10",
            "price": "19.58",
            "revenue": 290
        },
        "2017-11": {
            "month": "2017-11",
            "price": "22.67",
            "revenue": 290
        },
        "2017-12": {
            "month": "2017-12",
            "price": "23.97",
            "revenue": 6828
        },
        "2018-01": {
            "month": "2018-01",
            "price": "36.76",
            "revenue": 6085
        },
        "2018-02": {
            "month": "2018-02",
            "price": "35.63",
            "revenue": 5035
        },
        "2018-03": {
            "month": "2018-03",
            "price": "38.35",
            "revenue": 5639
        },
        "2018-04": {
            "month": "2018-04",
            "price": "31.40",
            "revenue": 5084
        },
        "2018-05": {
            "month": "2018-05",
            "price": "21.54",
            "revenue": 5094
        },
        "2018-06": {
            "month": "2018-06",
            "price": "21.24",
            "revenue": 5379
        },
        "2018-07": {
            "month": "2018-07",
            "price": "18.36",
            "revenue": 6674
        },
        "2018-08": {
            "month": "2018-08",
            "price": "17.48",
            "revenue": 9544
        },
        "2018-09": {
            "month": "2018-09",
            "price": "15.43",
            "revenue": 10084
        },
        "2018-10": {
            "month": "2018-10",
            "price": "14.89",
            "revenue": 7461
        },
        "2018-11": {
            "month": "2018-11",
            "price": "15.62",
            "revenue": 8223
        },
        "2018-12": {
            "month": "2018-12",
            "price": "18.53",
            "revenue": 10331
        },
        "2019-01": {
            "month": "2019-01",
            "price": "20.13",
            "revenue": 8284
        },
        "2019-02": {
            "month": "2019-02",
            "price": "20.27",
            "revenue": 6959
        },
        "2019-03": {
            "month": "2019-03",
            "price": "19.21",
            "revenue": 8215
        },
        "2019-04": {
            "month": "2019-04",
            "price": "20.10",
            "revenue": 8272
        },
        "2019-05": {
            "month": "2019-05",
            "price": "20.89",
            "revenue": 8392
        },
        "2019-06": {
            "month": "2019-06",
            "price": "18.57",
            "revenue": 7686
        },
        "2019-07": {
            "month": "2019-07",
            "price": "18.78",
            "revenue": 9957
        },
        "2019-08": {
            "month": "2019-08",
            "price": "17.10",
            "revenue": 12326
        },
        "2019-09": {
            "month": "2019-09",
            "price": "16.78",
            "revenue": 11795
        },
        "2019-10": {
            "month": "2019-10",
            "price": "15.46",
            "revenue": 8061
        },
        "2019-11": {
            "month": "2019-11",
            "price": "15.46",
            "revenue": 9371
        },
        "2019-12": {
            "month": "2019-12",
            "price": "14.92",
            "revenue": 8823
        },
        "2020-01": {
            "month": "2020-01",
            "price": "15.21",
            "revenue": 6936
        },
        "2020-02": {
            "month": "2020-02",
            "price": "14.17",
            "revenue": 7786
        },
        "2020-03": {
            "month": "2020-03",
            "price": "12.00",
            "revenue": 8664
        },
        "2020-04": {
            "month": "2020-04",
            "price": "11.77",
            "revenue": 7368
        },
        "2020-05": {
            "month": "2020-05",
            "price": "12.56",
            "revenue": 8085
        },
        "2020-06": {
            "month": "2020-06",
            "price": "12.64",
            "revenue": 6389
        },
        "2020-07": {
            "month": "2020-07",
            "price": "13.67",
            "revenue": 10104
        },
        "2020-08": {
            "month": "2020-08",
            "price": "14.66",
            "revenue": 10913
        },
        "2020-09": {
            "month": "2020-09",
            "price": "15.89",
            "revenue": 10946
        },
        "2020-10": {
            "month": "2020-10",
            "price": "15.25",
            "revenue": 7193
        },
        "2020-11": {
            "month": "2020-11",
            "price": "16.09",
            "revenue": 7549
        },
        "2020-12": {
            "month": "2020-12",
            "price": "15.15",
            "revenue": 8801
        },
        "2021-01": {
            "month": "2021-01",
            "price": "14.10",
            "revenue": 9385
        },
        "2021-02": {
            "month": "2021-02",
            "price": "13.53",
            "revenue": 7959
        },
        "2021-03": {
            "month": "2021-03",
            "price": "14.12",
            "revenue": 8532
        },
        "2021-04": {
            "month": "2021-04",
            "price": "13.99",
            "revenue": 7701
        },
        "2021-05": {
            "month": "2021-05",
            "price": "12.87",
            "revenue": 7720
        },
        "2021-06": {
            "month": "2021-06",
            "price": "13.31",
            "revenue": 7341
        },
        "2021-07": {
            "month": "2021-07",
            "price": "12.86",
            "revenue": 9809
        },
        "2021-08": {
            "month": "2021-08",
            "price": "12.38",
            "revenue": 11907
        },
        "2021-09": {
            "month": "2021-09",
            "price": "13.14",
            "revenue": 8825
        },
        "2021-10": {
            "month": "2021-10",
            "price": "13.00",
            "revenue": 7024
        },
        "2021-11": {
            "month": "2021-11",
            "price": "13.10",
            "revenue": 7148
        },
        "2021-12": {
            "month": "2021-12",
            "price": "13.13",
            "revenue": 7113
        },
        "2022-01": {
            "month": "2022-01",
            "price": "13.23",
            "revenue": 7550
        },
        "2022-02": {
            "month": "2022-02",
            "price": "13.19",
            "revenue": 7259
        },
        "2022-03": {
            "month": "2022-03",
            "price": "13.06",
            "revenue": 7719
        },
        "2022-04": {
            "month": "2022-04",
            "price": "13.16",
            "revenue": 6992
        },
        "2022-05": {
            "month": "2022-05",
            "price": "12.68",
            "revenue": 7005
        },
        "2022-06": {
            "month": "2022-06",
            "price": "12.24",
            "revenue": 6931
        },
        "2022-07": {
            "month": "2022-07",
            "price": "11.48",
            "revenue": 8649
        },
        "2022-08": {
            "month": "2022-08",
            "price": "12.37",
            "revenue": 10892
        },
        "2022-09": {
            "month": "2022-09",
            "price": "13.15",
            "revenue": 8457
        },
        "2022-10": {
            "month": "2022-10",
            "price": "12.53",
            "revenue": 6992
        },
        "2022-11": {
            "month": "2022-11",
            "price": "12.45",
            "revenue": 7227
        },
        "2022-12": {
            "month": "2022-12",
            "price": "12.41",
            "revenue": 7480
        },
        "2023-01": {
            "month": "2023-01",
            "price": "12.22",
            "revenue": 7065
        },
        "2023-02": {
            "month": "2023-02",
            "price": "12.38",
            "revenue": 8133
        },
        "2023-03": {
            "month": "2023-03",
            "price": "12.57",
            "revenue": 7990
        },
        "2023-04": {
            "month": "2023-04",
            "price": "12.67",
            "revenue": 6928
        },
        "2023-05": {
            "month": "2023-05",
            "price": "12.90",
            "revenue": 7121
        }
    }
}
