{
    "summary": {
        "stock_name": "中美晶",
        "stock_id": "5483",
        "category": "半導體",
        "main_business": "太陽能晶錠 太陽能晶圓 太陽能電池 太陽能模組 太陽能發電系統",
        "website_url": "http://www.saswafer.com",
        "ceo": "陳振乾",
        "pe_ratio": 11,
        "report_year_from": 2001,
        "report_year_to": 2023,
        "age": 23,
        "eps_negative_percentage": 9,
        "eps_growth_avg": {
            "last_all": 19,
            "last_2y": 7.55,
            "last_4y": 27.32,
            "last_8y": 8.64,
            "last_12y": -1.54,
            "last_16y": 4.22,
            "last_20y": 18.18,
            "at_2006_last_3y": 70.54,
            "at_2007_last_3y": 62.91,
            "at_2008_last_3y": 37.99,
            "at_2009_last_3y": 20.04,
            "at_2010_last_3y": 20.04,
            "at_2011_last_3y": -18.82,
            "at_2012_last_3y": -41.07,
            "at_2013_last_3y": -28.66,
            "at_2014_last_3y": -28.66,
            "at_2015_last_3y": -18.94,
            "at_2016_last_3y": -18.94,
            "at_2017_last_3y": -18.94,
            "at_2018_last_3y": -22.49,
            "at_2019_last_3y": 1.09,
            "at_2020_last_3y": 67.76,
            "at_2021_last_3y": 52.67,
            "at_2022_last_3y": 37.36,
            "at_2023_last_3y": 30.66,
            "at_2024_last_3y": 30.66,
            "at_2006_last_all": 63.36,
            "at_2007_last_all": 64.38,
            "at_2008_last_all": 53.61,
            "at_2009_last_all": 37.12,
            "at_2010_last_all": 44.11,
            "at_2011_last_all": 31.1,
            "at_2012_last_all": 19.18,
            "at_2013_last_all": 19.18,
            "at_2014_last_all": 25.91,
            "at_2015_last_all": 19.55,
            "at_2016_last_all": 11.01,
            "at_2017_last_all": 11.01,
            "at_2018_last_all": 16.23,
            "at_2019_last_all": 16.09,
            "at_2020_last_all": 21.03,
            "at_2021_last_all": 20.27,
            "at_2022_last_all": 20.68,
            "at_2023_last_all": 19,
            "at_2024_last_all": 19
        },
        "latest_eps": 17.28,
        "latest_price": 196,
        "latest_roe": 28.17,
        "latest_gross_margin": 33.46,
        "latest_equity": 77936246,
        "latest_revenue": 19601385,
        "latest_gross_profit": 6558441,
        "latest_net_income": 5453863,
        "latest_debt_ratio": 62.66,
        "latest_current_ratio": 137.68,
        "latest_account_receivable_turnover_ratio": 1.74,
        "latest_inventory_turnover_ratio": 1.2,
        "latest_reinvestment_rate": 153.07,
        "latest_research_to_sale_ratio": 3.69
    },
    "eps_dividends": {
        "2000": {
            "cash": 1,
            "stock": 1,
            "eps": 0
        },
        "2001": {
            "cash": 0,
            "stock": 1.5,
            "eps": 0.26
        },
        "2002": {
            "cash": 0,
            "stock": 0.4,
            "eps": 0.35
        },
        "2003": {
            "cash": 0,
            "stock": 0.4,
            "eps": 1.06
        },
        "2004": {
            "cash": 0.4,
            "stock": 0.4,
            "eps": 2
        },
        "2005": {
            "cash": 0.85,
            "stock": 0.6,
            "eps": 1.87
        },
        "2006": {
            "cash": 1,
            "stock": 0.5,
            "eps": 5.47
        },
        "2007": {
            "cash": 3.19,
            "stock": 0.5,
            "eps": 9.27
        },
        "2008": {
            "cash": 5.99,
            "stock": 0.5,
            "eps": 8.25
        },
        "2009": {
            "cash": 2.5,
            "stock": 2,
            "eps": 1.79
        },
        "2010": {
            "cash": 1,
            "stock": 0.7,
            "eps": 9.92
        },
        "2011": {
            "cash": 5,
            "stock": 0.5,
            "eps": 1.39
        },
        "2012": {
            "cash": 1,
            "stock": 0,
            "eps": -4.78
        },
        "2013": {
            "cash": 0,
            "stock": 0,
            "eps": 0.56
        },
        "2014": {
            "cash": 1,
            "stock": 0,
            "eps": 2.13
        },
        "2015": {
            "cash": 1.8,
            "stock": 0,
            "eps": 0.92
        },
        "2016": {
            "cash": 1.5,
            "stock": 0,
            "eps": -2.77
        },
        "2017": {
            "cash": 1.5,
            "stock": 0,
            "eps": 1.78
        },
        "2018": {
            "cash": 3,
            "stock": 0,
            "eps": 3.37
        },
        "2019": {
            "cash": 3,
            "stock": 0,
            "eps": 3.84
        },
        "2020": {
            "cash": 5,
            "stock": 0,
            "eps": 10.81
        },
        "2021": {
            "cash": 9,
            "stock": 0,
            "eps": 11.61
        },
        "2022": {
            "cash": 8,
            "stock": 0,
            "eps": 14.87
        },
        "2023": {
            "cash": 9,
            "stock": 0,
            "eps": 12.96
        },
        "2024": {
            "cash": 3.5,
            "stock": 0,
            "eps": 0
        }
    },
    "dividends": {
        "2000-05-23": {
            "cash": 1,
            "stock": 1
        },
        "2001-05-21": {
            "cash": 0,
            "stock": 1.5
        },
        "2002-06-21": {
            "cash": 0,
            "stock": 0.4
        },
        "2003-06-13": {
            "cash": 0,
            "stock": 0.4
        },
        "2004-03-15": {
            "cash": 0.4,
            "stock": 0.4
        },
        "2005-03-31": {
            "cash": 0.85,
            "stock": 0.6
        },
        "2006-04-17": {
            "cash": 1,
            "stock": 0.5
        },
        "2007-04-02": {
            "cash": 3.19,
            "stock": 0.5
        },
        "2008-03-21": {
            "cash": 5.99,
            "stock": 0.5
        },
        "2009-04-21": {
            "cash": 2.5,
            "stock": 2
        },
        "2010-03-25": {
            "cash": 1,
            "stock": 0.7
        },
        "2011-04-14": {
            "cash": 5,
            "stock": 0.5
        },
        "2012-06-27": {
            "cash": 1,
            "stock": 0
        },
        "2014-06-26": {
            "cash": 1,
            "stock": 0
        },
        "2015-08-12": {
            "cash": 1.8,
            "stock": 0
        },
        "2016-08-10": {
            "cash": 1.5,
            "stock": 0
        },
        "2017-08-16": {
            "cash": 1.5,
            "stock": 0
        },
        "2018-08-16": {
            "cash": 3,
            "stock": 0
        },
        "2019-08-16": {
            "cash": 3,
            "stock": 0
        },
        "2020-08-14": {
            "cash": 5,
            "stock": 0
        },
        "2021-02-26": {
            "cash": 3.5,
            "stock": 0
        },
        "2021-08-13": {
            "cash": 5.5,
            "stock": 0
        },
        "2022-02-18": {
            "cash": 3.5,
            "stock": 0
        },
        "2022-08-12": {
            "cash": 4.5,
            "stock": 0
        },
        "2023-02-17": {
            "cash": 3.2,
            "stock": 0
        },
        "2023-08-18": {
            "cash": 5.8,
            "stock": 0
        },
        "2024-03-01": {
            "cash": 3.5,
            "stock": 0
        }
    },
    "prices": {
        "200101": "無",
        "200102": "無",
        "200103": "21.11",
        "200104": "19.30",
        "200105": "14.68",
        "200106": "14.77",
        "200107": "11.16",
        "200108": "8.67",
        "200109": "6.26",
        "200110": "5.33",
        "200111": "6.89",
        "200112": "10.35",
        "200201": "13.79",
        "200202": "13.32",
        "200203": "14.36",
        "200204": "17.78",
        "200205": "20.67",
        "200206": "17.82",
        "200207": "15.67",
        "200208": "13.42",
        "200209": "11.28",
        "200210": "10.25",
        "200211": "10.54",
        "200212": "11.00",
        "200301": "10.45",
        "200302": "10.10",
        "200303": "11.39",
        "200304": "12.02",
        "200305": "12.71",
        "200306": "15.05",
        "200307": "16.00",
        "200308": "14.94",
        "200309": "12.89",
        "200310": "12.72",
        "200311": "13.52",
        "200312": "13.88",
        "200401": "15.08",
        "200402": "18.71",
        "200403": "24.11",
        "200404": "25.89",
        "200405": "21.37",
        "200406": "21.46",
        "200407": "18.90",
        "200408": "16.37",
        "200409": "17.81",
        "200410": "21.52",
        "200411": "20.85",
        "200412": "20.97",
        "200501": "21.78",
        "200502": "25.15",
        "200503": "26.97",
        "200504": "31.89",
        "200505": "34.20",
        "200506": "37.12",
        "200507": "54.10",
        "200508": "73.20",
        "200509": "60.16",
        "200510": "50.16",
        "200511": "48.74",
        "200512": "63.59",
        "200601": "73.97",
        "200602": "73.51",
        "200603": "78.09",
        "200604": "93.18",
        "200605": "83.37",
        "200606": "69.82",
        "200607": "75.56",
        "200608": "88.27",
        "200609": "80.74",
        "200610": "82.92",
        "200611": "86.54",
        "200612": "85.66",
        "200701": "93.05",
        "200702": "112.84",
        "200703": "143.30",
        "200704": "162.02",
        "200705": "165.84",
        "200706": "196.58",
        "200707": "270.95",
        "200708": "282.46",
        "200709": "294.89",
        "200710": "320.23",
        "200711": "239.89",
        "200712": "237.31",
        "200801": "211.52",
        "200802": "183.32",
        "200803": "203.98",
        "200804": "211.81",
        "200805": "210.07",
        "200806": "167.83",
        "200807": "145.07",
        "200808": "137.83",
        "200809": "115.35",
        "200810": "88.40",
        "200811": "59.56",
        "200812": "58.84",
        "200901": "68.39",
        "200902": "68.15",
        "200903": "67.47",
        "200904": "80.66",
        "200905": "85.09",
        "200906": "86.95",
        "200907": "82.83",
        "200908": "74.10",
        "200909": "73.50",
        "200910": "77.10",
        "200911": "76.99",
        "200912": "85.55",
        "201001": "81.83",
        "201002": "72.84",
        "201003": "77.38",
        "201004": "80.79",
        "201005": "69.66",
        "201006": "68.10",
        "201007": "80.05",
        "201008": "96.65",
        "201009": "102.88",
        "201010": "91.75",
        "201011": "97.21",
        "201012": "96.75",
        "201101": "105.20",
        "201102": "128.89",
        "201103": "128.70",
        "201104": "119.32",
        "201105": "92.00",
        "201106": "88.63",
        "201107": "88.77",
        "201108": "67.55",
        "201109": "58.00",
        "201110": "52.08",
        "201111": "44.51",
        "201112": "42.34",
        "201201": "51.04",
        "201202": "63.56",
        "201203": "57.03",
        "201204": "52.39",
        "201205": "51.90",
        "201206": "48.24",
        "201207": "40.96",
        "201208": "35.54",
        "201209": "38.82",
        "201210": "35.09",
        "201211": "31.26",
        "201212": "34.14",
        "201301": "39.76",
        "201302": "40.13",
        "201303": "40.99",
        "201304": "38.89",
        "201305": "42.33",
        "201306": "39.41",
        "201307": "37.52",
        "201308": "34.92",
        "201309": "38.40",
        "201310": "40.52",
        "201311": "42.63",
        "201312": "46.11",
        "201401": "58.01",
        "201402": "54.95",
        "201403": "56.51",
        "201404": "51.59",
        "201405": "53.51",
        "201406": "57.42",
        "201407": "54.05",
        "201408": "48.42",
        "201409": "45.90",
        "201410": "46.32",
        "201411": "47.86",
        "201412": "52.00",
        "201501": "50.82",
        "201502": "49.97",
        "201503": "49.73",
        "201504": "46.11",
        "201505": "41.24",
        "201506": "36.97",
        "201507": "38.42",
        "201508": "30.60",
        "201509": "32.75",
        "201510": "38.24",
        "201511": "41.73",
        "201512": "46.08",
        "201601": "43.20",
        "201602": "41.73",
        "201603": "38.61",
        "201604": "34.31",
        "201605": "33.86",
        "201606": "35.31",
        "201607": "35.81",
        "201608": "34.05",
        "201609": "33.10",
        "201610": "33.79",
        "201611": "29.94",
        "201612": "31.82",
        "201701": "35.18",
        "201702": "45.89",
        "201703": "45.41",
        "201704": "46.54",
        "201705": "44.24",
        "201706": "46.48",
        "201707": "50.79",
        "201708": "59.03",
        "201709": "63.10",
        "201710": "78.74",
        "201711": "82.68",
        "201712": "75.83",
        "201801": "87.69",
        "201802": "94.08",
        "201803": "99.00",
        "201804": "124.44",
        "201805": "137.70",
        "201806": "126.58",
        "201807": "112.48",
        "201808": "91.06",
        "201809": "76.22",
        "201810": "63.64",
        "201811": "71.55",
        "201812": "68.50",
        "201901": "63.38",
        "201902": "70.75",
        "201903": "67.16",
        "201904": "69.20",
        "201905": "75.48",
        "201906": "80.29",
        "201907": "87.25",
        "201908": "78.87",
        "201909": "77.96",
        "201910": "89.60",
        "201911": "89.01",
        "201912": "96.35",
        "202001": "99.57",
        "202002": "107.22",
        "202003": "89.75",
        "202004": "85.32",
        "202005": "88.72",
        "202006": "92.84",
        "202007": "100.28",
        "202008": "99.72",
        "202009": "99.61",
        "202010": "100.67",
        "202011": "115.30",
        "202012": "164.59",
        "202101": "166.32",
        "202102": "163.31",
        "202103": "163.34",
        "202104": "180.18",
        "202105": "162.36",
        "202106": "181.43",
        "202107": "202.20",
        "202108": "183.23",
        "202109": "188.70",
        "202110": "179.80",
        "202111": "198.16",
        "202112": "221.68",
        "202201": "225.19",
        "202202": "194.03",
        "202203": "177.28",
        "202204": "158.42",
        "202205": "159.33",
        "202206": "156.74",
        "202207": "140.60",
        "202208": "158.33",
        "202209": "156.07",
        "202210": "124.52",
        "202211": "149.80",
        "202212": "150.70",
        "202301": "154.42",
        "202302": "162.53",
        "202303": "156.76",
        "202304": "151.41",
        "202305": "152.05",
        "202306": "158.85",
        "202307": "171.71",
        "202308": "157.43",
        "202309": "160.00",
        "202310": "162.78",
        "202311": "175.82",
        "202312": "192.76"
    },
    "quarters": {
        "20011": {
            "year_quarter": 20011,
            "year": 2001,
            "quarter": 1,
            "eps": 0,
            "eps_growth_year": -100,
            "eps_4q": 0.73,
            "eps_4q_growth_year": null,
            "roe": 0.01,
            "roe_4q": 0.01,
            "gross_profit": 26110,
            "gross_margin": 10.4,
            "gross_margin_4q_avg": 10.4,
            "net_income": 63,
            "net_income_4q": null,
            "revenue": 251090,
            "revenue_4q": null,
            "common_shares": 864210,
            "book_valuer_per_share": 13.67,
            "book_valuer_per_share_4q_avg": 13.67,
            "equity": 1180990,
            "current_ratio": 290.32,
            "debt_ratio": 21.37,
            "inventory_turnover_ratio": 0.91,
            "account_receivable_turnover_ratio": null,
            "reinvestment_rate": null,
            "research_to_sale_ratio": null,
            "price_fair": 0,
            "eps_avg_yearly": 0,
            "eps_latest_yearly": 0,
            "eps_growth_yearly": 0
        },
        "20012": {
            "year_quarter": 20012,
            "year": 2001,
            "quarter": 2,
            "eps": 0.02,
            "eps_growth_year": -88.24,
            "eps_4q": 0.41,
            "eps_4q_growth_year": null,
            "roe": 0.21,
            "roe_4q": 0.22,
            "gross_profit": 28184,
            "gross_margin": 11.25,
            "gross_margin_4q_avg": 10.83,
            "net_income": 2460,
            "net_income_4q": null,
            "revenue": 250497,
            "revenue_4q": null,
            "common_shares": 1008573,
            "book_valuer_per_share": 11.74,
            "book_valuer_per_share_4q_avg": 12.71,
            "equity": 1183897,
            "current_ratio": 320.61,
            "debt_ratio": 18.94,
            "inventory_turnover_ratio": 0.93,
            "account_receivable_turnover_ratio": null,
            "reinvestment_rate": null,
            "research_to_sale_ratio": null,
            "price_fair": 0,
            "eps_avg_yearly": 0,
            "eps_latest_yearly": 0,
            "eps_growth_yearly": 0
        },
        "20013": {
            "year_quarter": 20013,
            "year": 2001,
            "quarter": 3,
            "eps": 0,
            "eps_growth_year": -100,
            "eps_4q": 0.06,
            "eps_4q_growth_year": null,
            "roe": -0,
            "roe_4q": 0.22,
            "gross_profit": 34040,
            "gross_margin": 12.62,
            "gross_margin_4q_avg": 11.42,
            "net_income": -17,
            "net_income_4q": null,
            "revenue": 269724,
            "revenue_4q": null,
            "common_shares": 1008573,
            "book_valuer_per_share": 11.74,
            "book_valuer_per_share_4q_avg": 12.38,
            "equity": 1184478,
            "current_ratio": 318.18,
            "debt_ratio": 19,
            "inventory_turnover_ratio": 0.99,
            "account_receivable_turnover_ratio": null,
            "reinvestment_rate": null,
            "research_to_sale_ratio": null,
            "price_fair": 0,
            "eps_avg_yearly": 0,
            "eps_latest_yearly": 0,
            "eps_growth_yearly": 0
        },
        "20014": {
            "year_quarter": 20014,
            "year": 2001,
            "quarter": 4,
            "eps": 0.24,
            "eps_growth_year": 500,
            "eps_4q": 0.26,
            "eps_4q_growth_year": -86.87,
            "roe": 2.03,
            "roe_4q": 2.2499999999999996,
            "gross_profit": 31634,
            "gross_margin": 12.29,
            "gross_margin_4q_avg": 11.64,
            "net_income": 24349,
            "net_income_4q": null,
            "revenue": 257440,
            "revenue_4q": null,
            "common_shares": 1008573,
            "book_valuer_per_share": 12.03,
            "book_valuer_per_share_4q_avg": 12.3,
            "equity": 1212977,
            "current_ratio": 233.06,
            "debt_ratio": 20.1,
            "inventory_turnover_ratio": 0.85,
            "account_receivable_turnover_ratio": null,
            "reinvestment_rate": null,
            "research_to_sale_ratio": null,
            "price_fair": 0,
            "eps_avg_yearly": 0,
            "eps_latest_yearly": 0,
            "eps_growth_yearly": 0
        },
        "20021": {
            "year_quarter": 20021,
            "year": 2002,
            "quarter": 1,
            "eps": 0.28,
            "eps_growth_year": null,
            "eps_4q": 0.55,
            "eps_4q_growth_year": -24.39,
            "roe": 2.28,
            "roe_4q": 4.52,
            "gross_profit": 34907,
            "gross_margin": 13.97,
            "gross_margin_4q_avg": 12.53,
            "net_income": 27912,
            "net_income_4q": null,
            "revenue": 249916,
            "revenue_4q": null,
            "common_shares": 1008573,
            "book_valuer_per_share": 12.28,
            "book_valuer_per_share_4q_avg": 11.95,
            "equity": 1238243,
            "current_ratio": 295.9,
            "debt_ratio": 17.24,
            "inventory_turnover_ratio": 0.78,
            "account_receivable_turnover_ratio": null,
            "reinvestment_rate": null,
            "research_to_sale_ratio": null,
            "price_fair": 39.2,
            "eps_avg_yearly": 1.12,
            "eps_latest_yearly": 1.12,
            "eps_growth_yearly": 66.67
        },
        "20022": {
            "year_quarter": 20022,
            "year": 2002,
            "quarter": 2,
            "eps": -0.07,
            "eps_growth_year": -450,
            "eps_4q": 0.45,
            "eps_4q_growth_year": 8.28,
            "roe": -0.58,
            "roe_4q": 3.7299999999999995,
            "gross_profit": 46378,
            "gross_margin": 15.03,
            "gross_margin_4q_avg": 13.48,
            "net_income": -7177,
            "net_income_4q": null,
            "revenue": 308575,
            "revenue_4q": null,
            "common_shares": 1008573,
            "book_valuer_per_share": 12.11,
            "book_valuer_per_share_4q_avg": 12.04,
            "equity": 1220994,
            "current_ratio": 256.11,
            "debt_ratio": 20.93,
            "inventory_turnover_ratio": 0.95,
            "account_receivable_turnover_ratio": null,
            "reinvestment_rate": null,
            "research_to_sale_ratio": null,
            "price_fair": 39.2,
            "eps_avg_yearly": 1.12,
            "eps_latest_yearly": 1.12,
            "eps_growth_yearly": 66.67
        },
        "20023": {
            "year_quarter": 20023,
            "year": 2002,
            "quarter": 3,
            "eps": 0.18,
            "eps_growth_year": null,
            "eps_4q": 0.62,
            "eps_4q_growth_year": 972.3,
            "roe": 1.51,
            "roe_4q": 5.24,
            "gross_profit": 37281,
            "gross_margin": 12.67,
            "gross_margin_4q_avg": 13.49,
            "net_income": 18644,
            "net_income_4q": null,
            "revenue": 294266,
            "revenue_4q": null,
            "common_shares": 1053500,
            "book_valuer_per_share": 11.85,
            "book_valuer_per_share_4q_avg": 12.07,
            "equity": 1248577,
            "current_ratio": 255.68,
            "debt_ratio": 21.61,
            "inventory_turnover_ratio": 0.93,
            "account_receivable_turnover_ratio": null,
            "reinvestment_rate": null,
            "research_to_sale_ratio": null,
            "price_fair": 39.2,
            "eps_avg_yearly": 1.12,
            "eps_latest_yearly": 1.12,
            "eps_growth_yearly": 66.67
        },
        "20024": {
            "year_quarter": 20024,
            "year": 2002,
            "quarter": 4,
            "eps": -0.04,
            "eps_growth_year": -116.67,
            "eps_4q": 0.33,
            "eps_4q_growth_year": 24.67,
            "roe": -0.37,
            "roe_4q": 2.84,
            "gross_profit": 42521,
            "gross_margin": 15.64,
            "gross_margin_4q_avg": 14.33,
            "net_income": -4571,
            "net_income_4q": null,
            "revenue": 271920,
            "revenue_4q": null,
            "common_shares": 1053500,
            "book_valuer_per_share": 11.75,
            "book_valuer_per_share_4q_avg": 12,
            "equity": 1237849,
            "current_ratio": 178.35,
            "debt_ratio": 25.47,
            "inventory_turnover_ratio": 0.85,
            "account_receivable_turnover_ratio": null,
            "reinvestment_rate": null,
            "research_to_sale_ratio": null,
            "price_fair": 39.2,
            "eps_avg_yearly": 1.12,
            "eps_latest_yearly": 1.12,
            "eps_growth_yearly": 66.67
        },
        "20031": {
            "year_quarter": 20031,
            "year": 2003,
            "quarter": 1,
            "eps": 0.2,
            "eps_growth_year": -28.57,
            "eps_4q": 0.26,
            "eps_4q_growth_year": -51.77,
            "roe": 1.73,
            "roe_4q": 2.29,
            "gross_profit": 45149,
            "gross_margin": 13.95,
            "gross_margin_4q_avg": 14.32,
            "net_income": 21326,
            "net_income_4q": null,
            "revenue": 323609,
            "revenue_4q": null,
            "common_shares": 1053500,
            "book_valuer_per_share": 11.71,
            "book_valuer_per_share_4q_avg": 11.86,
            "equity": 1233769,
            "current_ratio": 195.68,
            "debt_ratio": 23.86,
            "inventory_turnover_ratio": 1.07,
            "account_receivable_turnover_ratio": null,
            "reinvestment_rate": null,
            "research_to_sale_ratio": null,
            "price_fair": 39.2,
            "eps_avg_yearly": 1.12,
            "eps_latest_yearly": 1.12,
            "eps_growth_yearly": 66.67
        },
        "20032": {
            "year_quarter": 20032,
            "year": 2003,
            "quarter": 2,
            "eps": 0.29,
            "eps_growth_year": null,
            "eps_4q": 0.62,
            "eps_4q_growth_year": 37.79,
            "roe": 2.54,
            "roe_4q": 5.409999999999999,
            "gross_profit": 54689,
            "gross_margin": 15.28,
            "gross_margin_4q_avg": 14.39,
            "net_income": 31520,
            "net_income_4q": null,
            "revenue": 357972,
            "revenue_4q": null,
            "common_shares": 1053500,
            "book_valuer_per_share": 11.88,
            "book_valuer_per_share_4q_avg": 11.8,
            "equity": 1251418,
            "current_ratio": 183.53,
            "debt_ratio": 26.44,
            "inventory_turnover_ratio": 1.26,
            "account_receivable_turnover_ratio": null,
            "reinvestment_rate": null,
            "research_to_sale_ratio": null,
            "price_fair": 39.9,
            "eps_avg_yearly": 1.14,
            "eps_latest_yearly": 1.16,
            "eps_growth_yearly": 123.33
        },
        "20033": {
            "year_quarter": 20033,
            "year": 2003,
            "quarter": 3,
            "eps": 0.16,
            "eps_growth_year": -11.11,
            "eps_4q": 0.62,
            "eps_4q_growth_year": 0.82,
            "roe": 1.32,
            "roe_4q": 5.22,
            "gross_profit": 52594,
            "gross_margin": 14.2,
            "gross_margin_4q_avg": 14.77,
            "net_income": 16779,
            "net_income_4q": null,
            "revenue": 370252,
            "revenue_4q": null,
            "common_shares": 1097061,
            "book_valuer_per_share": 11.81,
            "book_valuer_per_share_4q_avg": 11.79,
            "equity": 1295102,
            "current_ratio": 199.02,
            "debt_ratio": 24.12,
            "inventory_turnover_ratio": 1.4,
            "account_receivable_turnover_ratio": null,
            "reinvestment_rate": null,
            "research_to_sale_ratio": null,
            "price_fair": 31.59,
            "eps_avg_yearly": 0.97,
            "eps_latest_yearly": 0.64,
            "eps_growth_yearly": 22.45
        },
        "20034": {
            "year_quarter": 20034,
            "year": 2003,
            "quarter": 4,
            "eps": 0.41,
            "eps_growth_year": null,
            "eps_4q": 1.06,
            "eps_4q_growth_year": 220.06,
            "roe": 3.34,
            "roe_4q": 8.93,
            "gross_profit": 76361,
            "gross_margin": 21.69,
            "gross_margin_4q_avg": 16.28,
            "net_income": 44176,
            "net_income_4q": null,
            "revenue": 352069,
            "revenue_4q": null,
            "common_shares": 1097061,
            "book_valuer_per_share": 12.28,
            "book_valuer_per_share_4q_avg": 11.92,
            "equity": 1347003,
            "current_ratio": 205.98,
            "debt_ratio": 26.18,
            "inventory_turnover_ratio": 1.17,
            "account_receivable_turnover_ratio": null,
            "reinvestment_rate": 26,
            "research_to_sale_ratio": null,
            "price_fair": 39.9,
            "eps_avg_yearly": 1.14,
            "eps_latest_yearly": 1.64,
            "eps_growth_yearly": 173.09
        },
        "20041": {
            "year_quarter": 20041,
            "year": 2004,
            "quarter": 1,
            "eps": 0.64,
            "eps_growth_year": 220,
            "eps_4q": 1.51,
            "eps_4q_growth_year": 470.1,
            "roe": 4.9,
            "roe_4q": 12.100000000000001,
            "gross_profit": 61812,
            "gross_margin": 16.18,
            "gross_margin_4q_avg": 16.84,
            "net_income": 68114,
            "net_income_4q": null,
            "revenue": 382121,
            "revenue_4q": null,
            "common_shares": 1097061,
            "book_valuer_per_share": 13.08,
            "book_valuer_per_share_4q_avg": 12.26,
            "equity": 1434711,
            "current_ratio": 261.85,
            "debt_ratio": 19.31,
            "inventory_turnover_ratio": 1.39,
            "account_receivable_turnover_ratio": null,
            "reinvestment_rate": -17.52,
            "research_to_sale_ratio": null,
            "price_fair": 49.84,
            "eps_avg_yearly": 1.42,
            "eps_latest_yearly": 2.56,
            "eps_growth_yearly": 183.35
        },
        "20042": {
            "year_quarter": 20042,
            "year": 2004,
            "quarter": 2,
            "eps": 0.5,
            "eps_growth_year": 72.41,
            "eps_4q": 1.64,
            "eps_4q_growth_year": 166.07,
            "roe": 3.94,
            "roe_4q": 13.5,
            "gross_profit": 87324,
            "gross_margin": 21.13,
            "gross_margin_4q_avg": 18.3,
            "net_income": 56701,
            "net_income_4q": null,
            "revenue": 413202,
            "revenue_4q": null,
            "common_shares": 1097061,
            "book_valuer_per_share": 13.14,
            "book_valuer_per_share_4q_avg": 12.58,
            "equity": 1442008,
            "current_ratio": 227.93,
            "debt_ratio": 22.03,
            "inventory_turnover_ratio": 1.47,
            "account_receivable_turnover_ratio": null,
            "reinvestment_rate": -15.06,
            "research_to_sale_ratio": null,
            "price_fair": 53.2,
            "eps_avg_yearly": 1.52,
            "eps_latest_yearly": 2,
            "eps_growth_yearly": 138.21
        },
        "20043": {
            "year_quarter": 20043,
            "year": 2004,
            "quarter": 3,
            "eps": 0.58,
            "eps_growth_year": 262.5,
            "eps_4q": 2.07,
            "eps_4q_growth_year": 234.34,
            "roe": 4.46,
            "roe_4q": 16.64,
            "gross_profit": 109229,
            "gross_margin": 22.92,
            "gross_margin_4q_avg": 20.48,
            "net_income": 65604,
            "net_income_4q": null,
            "revenue": 476616,
            "revenue_4q": null,
            "common_shares": 1145930,
            "book_valuer_per_share": 13.11,
            "book_valuer_per_share_4q_avg": 12.9,
            "equity": 1502493,
            "current_ratio": 211.42,
            "debt_ratio": 23.66,
            "inventory_turnover_ratio": 1.52,
            "account_receivable_turnover_ratio": null,
            "reinvestment_rate": -27.88,
            "research_to_sale_ratio": null,
            "price_fair": 57.2,
            "eps_avg_yearly": 1.63,
            "eps_latest_yearly": 2.32,
            "eps_growth_yearly": 127.61
        },
        "20044": {
            "year_quarter": 20044,
            "year": 2004,
            "quarter": 4,
            "eps": 0.28,
            "eps_growth_year": -31.71,
            "eps_4q": 1.94,
            "eps_4q_growth_year": 83.99,
            "roe": 2.12,
            "roe_4q": 15.42,
            "gross_profit": 73454,
            "gross_margin": 19.42,
            "gross_margin_4q_avg": 19.91,
            "net_income": 32055,
            "net_income_4q": null,
            "revenue": 378191,
            "revenue_4q": null,
            "common_shares": 1145930,
            "book_valuer_per_share": 13.24,
            "book_valuer_per_share_4q_avg": 13.14,
            "equity": 1517746,
            "current_ratio": 164.5,
            "debt_ratio": 28.89,
            "inventory_turnover_ratio": 0.98,
            "account_receivable_turnover_ratio": null,
            "reinvestment_rate": 71.25,
            "research_to_sale_ratio": null,
            "price_fair": 54.95,
            "eps_avg_yearly": 1.57,
            "eps_latest_yearly": 1.12,
            "eps_growth_yearly": 85.79
        },
        "20051": {
            "year_quarter": 20051,
            "year": 2005,
            "quarter": 1,
            "eps": 0.55,
            "eps_growth_year": -14.06,
            "eps_4q": 1.91,
            "eps_4q_growth_year": 26.32,
            "roe": 4.05,
            "roe_4q": 14.569999999999999,
            "gross_profit": 79217,
            "gross_margin": 22.05,
            "gross_margin_4q_avg": 21.38,
            "net_income": 62608,
            "net_income_4q": null,
            "revenue": 359293,
            "revenue_4q": null,
            "common_shares": 1145930,
            "book_valuer_per_share": 13.76,
            "book_valuer_per_share_4q_avg": 13.31,
            "equity": 1576369,
            "current_ratio": 222.19,
            "debt_ratio": 19.33,
            "inventory_turnover_ratio": 0.85,
            "account_receivable_turnover_ratio": null,
            "reinvestment_rate": -11.12,
            "research_to_sale_ratio": null,
            "price_fair": 57.4,
            "eps_avg_yearly": 1.64,
            "eps_latest_yearly": 2.2,
            "eps_growth_yearly": 119.12
        },
        "20052": {
            "year_quarter": 20052,
            "year": 2005,
            "quarter": 2,
            "eps": 0.31,
            "eps_growth_year": -38,
            "eps_4q": 1.61,
            "eps_4q_growth_year": -1.83,
            "roe": 2.49,
            "roe_4q": 13.120000000000001,
            "gross_profit": 92734,
            "gross_margin": 20.19,
            "gross_margin_4q_avg": 21.15,
            "net_income": 38273,
            "net_income_4q": null,
            "revenue": 459286,
            "revenue_4q": null,
            "common_shares": 1145930,
            "book_valuer_per_share": 13.11,
            "book_valuer_per_share_4q_avg": 13.31,
            "equity": 1501776,
            "current_ratio": 168.98,
            "debt_ratio": 27.42,
            "inventory_turnover_ratio": 1.24,
            "account_receivable_turnover_ratio": null,
            "reinvestment_rate": -16.85,
            "research_to_sale_ratio": null,
            "price_fair": 56,
            "eps_avg_yearly": 1.6,
            "eps_latest_yearly": 1.24,
            "eps_growth_yearly": 89.75
        },
        "20053": {
            "year_quarter": 20053,
            "year": 2005,
            "quarter": 3,
            "eps": 0.35,
            "eps_growth_year": -39.66,
            "eps_4q": 1.42,
            "eps_4q_growth_year": -31.49,
            "roe": 2.17,
            "roe_4q": 10.830000000000002,
            "gross_profit": 90728,
            "gross_margin": 18.45,
            "gross_margin_4q_avg": 20.03,
            "net_income": 43447,
            "net_income_4q": null,
            "revenue": 491857,
            "revenue_4q": null,
            "common_shares": 1523000,
            "book_valuer_per_share": 16.49,
            "book_valuer_per_share_4q_avg": 14.15,
            "equity": 2511403,
            "current_ratio": 313.32,
            "debt_ratio": 19.45,
            "inventory_turnover_ratio": 1.34,
            "account_receivable_turnover_ratio": null,
            "reinvestment_rate": 15.68,
            "research_to_sale_ratio": null,
            "price_fair": 55.36,
            "eps_avg_yearly": 1.58,
            "eps_latest_yearly": 1.4,
            "eps_growth_yearly": 86.28
        },
        "20054": {
            "year_quarter": 20054,
            "year": 2005,
            "quarter": 4,
            "eps": 0.66,
            "eps_growth_year": 135.71,
            "eps_4q": 1.77,
            "eps_4q_growth_year": -8.84,
            "roe": 3.31,
            "roe_4q": 12.02,
            "gross_profit": 139312,
            "gross_margin": 20.43,
            "gross_margin_4q_avg": 20.28,
            "net_income": 85697,
            "net_income_4q": null,
            "revenue": 681859,
            "revenue_4q": null,
            "common_shares": 1523000,
            "book_valuer_per_share": 17.08,
            "book_valuer_per_share_4q_avg": 15.11,
            "equity": 2665619,
            "current_ratio": 118.68,
            "debt_ratio": 37.85,
            "inventory_turnover_ratio": 1.31,
            "account_receivable_turnover_ratio": null,
            "reinvestment_rate": 219.58,
            "research_to_sale_ratio": null,
            "price_fair": 58.45,
            "eps_avg_yearly": 1.67,
            "eps_latest_yearly": 2.64,
            "eps_growth_yearly": 108.62
        },
        "20061": {
            "year_quarter": 20061,
            "year": 2006,
            "quarter": 1,
            "eps": 0.66,
            "eps_growth_year": 20,
            "eps_4q": 1.75,
            "eps_4q_growth_year": -7.93,
            "roe": 3.76,
            "roe_4q": 11.73,
            "gross_profit": 162068,
            "gross_margin": 20.7,
            "gross_margin_4q_avg": 19.94,
            "net_income": 100919,
            "net_income_4q": null,
            "revenue": 782882,
            "revenue_4q": null,
            "common_shares": 1523000,
            "book_valuer_per_share": 17.73,
            "book_valuer_per_share_4q_avg": 16.1,
            "equity": 2700266,
            "current_ratio": 110.63,
            "debt_ratio": 34.45,
            "inventory_turnover_ratio": 1.32,
            "account_receivable_turnover_ratio": null,
            "reinvestment_rate": 156.26,
            "research_to_sale_ratio": null,
            "price_fair": 62.88,
            "eps_avg_yearly": 1.8,
            "eps_latest_yearly": 2.64,
            "eps_growth_yearly": 103.06
        },
        "20062": {
            "year_quarter": 20062,
            "year": 2006,
            "quarter": 2,
            "eps": 1.32,
            "eps_growth_year": 325.81,
            "eps_4q": 2.75,
            "eps_4q_growth_year": 70.71,
            "roe": 7.22,
            "roe_4q": 16.46,
            "gross_profit": 260706,
            "gross_margin": 25.85,
            "gross_margin_4q_avg": 21.36,
            "net_income": 213078,
            "net_income_4q": null,
            "revenue": 1008629,
            "revenue_4q": null,
            "common_shares": 1523000,
            "book_valuer_per_share": 21,
            "book_valuer_per_share_4q_avg": 18.08,
            "equity": 3198291,
            "current_ratio": 101.42,
            "debt_ratio": 32.34,
            "inventory_turnover_ratio": 1.67,
            "account_receivable_turnover_ratio": null,
            "reinvestment_rate": 137.32,
            "research_to_sale_ratio": null,
            "price_fair": 72.26,
            "eps_avg_yearly": 2.06,
            "eps_latest_yearly": 5.28,
            "eps_growth_yearly": 125.9
        },
        "20063": {
            "year_quarter": 20063,
            "year": 2006,
            "quarter": 3,
            "eps": 1.64,
            "eps_growth_year": 368.57,
            "eps_4q": 4.1,
            "eps_4q_growth_year": 188.71,
            "roe": 6.86,
            "roe_4q": 21.15,
            "gross_profit": 334078,
            "gross_margin": 28.46,
            "gross_margin_4q_avg": 23.86,
            "net_income": 266215,
            "net_income_4q": null,
            "revenue": 1173846,
            "revenue_4q": null,
            "common_shares": 1832890,
            "book_valuer_per_share": 24.87,
            "book_valuer_per_share_4q_avg": 20.17,
            "equity": 4557485,
            "current_ratio": 150.16,
            "debt_ratio": 27.69,
            "inventory_turnover_ratio": 1.69,
            "account_receivable_turnover_ratio": null,
            "reinvestment_rate": 137.23,
            "research_to_sale_ratio": null,
            "price_fair": 83.5,
            "eps_avg_yearly": 2.39,
            "eps_latest_yearly": 6.56,
            "eps_growth_yearly": 123.84
        },
        "20064": {
            "year_quarter": 20064,
            "year": 2006,
            "quarter": 4,
            "eps": 1.85,
            "eps_growth_year": 180.3,
            "eps_4q": 5.32,
            "eps_4q_growth_year": 200.12,
            "roe": 6.5,
            "roe_4q": 24.339999999999996,
            "gross_profit": 398107,
            "gross_margin": 31.07,
            "gross_margin_4q_avg": 26.52,
            "net_income": 309615,
            "net_income_4q": null,
            "revenue": 1281345,
            "revenue_4q": null,
            "common_shares": 1832890,
            "book_valuer_per_share": 27.08,
            "book_valuer_per_share_4q_avg": 22.67,
            "equity": 4963524,
            "current_ratio": 155.53,
            "debt_ratio": 28.09,
            "inventory_turnover_ratio": 1.17,
            "account_receivable_turnover_ratio": null,
            "reinvestment_rate": 162.33,
            "research_to_sale_ratio": null,
            "price_fair": 95.2,
            "eps_avg_yearly": 2.72,
            "eps_latest_yearly": 7.4,
            "eps_growth_yearly": 119
        },
        "20071": {
            "year_quarter": 20071,
            "year": 2007,
            "quarter": 1,
            "eps": 1.62,
            "eps_growth_year": 145.45,
            "eps_4q": 5.88,
            "eps_4q_growth_year": 235.24,
            "roe": 5.68,
            "roe_4q": 26.259999999999998,
            "gross_profit": 406593,
            "gross_margin": 29.66,
            "gross_margin_4q_avg": 28.76,
            "net_income": 299794,
            "net_income_4q": null,
            "revenue": 1370969,
            "revenue_4q": null,
            "common_shares": 1836920,
            "book_valuer_per_share": 30.47,
            "book_valuer_per_share_4q_avg": 25.86,
            "equity": 5597337,
            "current_ratio": 194.54,
            "debt_ratio": 27.78,
            "inventory_turnover_ratio": 1.1,
            "account_receivable_turnover_ratio": null,
            "reinvestment_rate": 117.34,
            "research_to_sale_ratio": null,
            "price_fair": 103.43,
            "eps_avg_yearly": 2.96,
            "eps_latest_yearly": 6.48,
            "eps_growth_yearly": 108.45
        },
        "20072": {
            "year_quarter": 20072,
            "year": 2007,
            "quarter": 2,
            "eps": 2.39,
            "eps_growth_year": 81.06,
            "eps_4q": 6.85,
            "eps_4q_growth_year": 149.61,
            "roe": 8.34,
            "roe_4q": 27.38,
            "gross_profit": 502617,
            "gross_margin": 32.8,
            "gross_margin_4q_avg": 30.5,
            "net_income": 468964,
            "net_income_4q": null,
            "revenue": 1532447,
            "revenue_4q": null,
            "common_shares": 1865060,
            "book_valuer_per_share": 30.26,
            "book_valuer_per_share_4q_avg": 28.17,
            "equity": 5644261,
            "current_ratio": 171.85,
            "debt_ratio": 38.86,
            "inventory_turnover_ratio": 1.21,
            "account_receivable_turnover_ratio": null,
            "reinvestment_rate": 96.96,
            "research_to_sale_ratio": null,
            "price_fair": 121.8,
            "eps_avg_yearly": 3.48,
            "eps_latest_yearly": 9.56,
            "eps_growth_yearly": 109.08
        },
        "20073": {
            "year_quarter": 20073,
            "year": 2007,
            "quarter": 3,
            "eps": 2.56,
            "eps_growth_year": 56.1,
            "eps_4q": 8.03,
            "eps_4q_growth_year": 95.83,
            "roe": 8.79,
            "roe_4q": 29.31,
            "gross_profit": 562429,
            "gross_margin": 31.27,
            "gross_margin_4q_avg": 31.2,
            "net_income": 504378,
            "net_income_4q": null,
            "revenue": 1798777,
            "revenue_4q": null,
            "common_shares": 1972413,
            "book_valuer_per_share": 29.59,
            "book_valuer_per_share_4q_avg": 29.35,
            "equity": 5835773,
            "current_ratio": 157,
            "debt_ratio": 42.46,
            "inventory_turnover_ratio": 1.35,
            "account_receivable_turnover_ratio": null,
            "reinvestment_rate": 92.58,
            "research_to_sale_ratio": null,
            "price_fair": 142.8,
            "eps_avg_yearly": 4.08,
            "eps_latest_yearly": 10.24,
            "eps_growth_yearly": 122.07
        },
        "20074": {
            "year_quarter": 20074,
            "year": 2007,
            "quarter": 4,
            "eps": 2.7,
            "eps_growth_year": 45.95,
            "eps_4q": 9.15,
            "eps_4q_growth_year": 72.18,
            "roe": 8.91,
            "roe_4q": 31.72,
            "gross_profit": 609434,
            "gross_margin": 30.23,
            "gross_margin_4q_avg": 30.99,
            "net_income": 532585,
            "net_income_4q": null,
            "revenue": 2016155,
            "revenue_4q": null,
            "common_shares": 1983663,
            "book_valuer_per_share": 30.88,
            "book_valuer_per_share_4q_avg": 30.3,
            "equity": 6125154,
            "current_ratio": 134.11,
            "debt_ratio": 45.06,
            "inventory_turnover_ratio": 1.24,
            "account_receivable_turnover_ratio": null,
            "reinvestment_rate": 110.23,
            "research_to_sale_ratio": null,
            "price_fair": 162.84,
            "eps_avg_yearly": 4.65,
            "eps_latest_yearly": 10.8,
            "eps_growth_yearly": 84.37
        },
        "20081": {
            "year_quarter": 20081,
            "year": 2008,
            "quarter": 1,
            "eps": 1.94,
            "eps_growth_year": 19.75,
            "eps_4q": 9.51,
            "eps_4q_growth_year": 61.66,
            "roe": 6.09,
            "roe_4q": 32.129999999999995,
            "gross_profit": 676574,
            "gross_margin": 29.54,
            "gross_margin_4q_avg": 30.96,
            "net_income": 385895,
            "net_income_4q": null,
            "revenue": 2290039,
            "revenue_4q": null,
            "common_shares": 1983863,
            "book_valuer_per_share": 32.97,
            "book_valuer_per_share_4q_avg": 30.93,
            "equity": 6540548,
            "current_ratio": 193.78,
            "debt_ratio": 50.57,
            "inventory_turnover_ratio": 1.22,
            "account_receivable_turnover_ratio": null,
            "reinvestment_rate": 107.93,
            "research_to_sale_ratio": null,
            "price_fair": 174.21,
            "eps_avg_yearly": 4.98,
            "eps_latest_yearly": 7.76,
            "eps_growth_yearly": 63.31
        },
        "20082": {
            "year_quarter": 20082,
            "year": 2008,
            "quarter": 2,
            "eps": 2.64,
            "eps_growth_year": 10.46,
            "eps_4q": 9.4,
            "eps_4q_growth_year": 37.12,
            "roe": 9.26,
            "roe_4q": 33.05,
            "gross_profit": 769549,
            "gross_margin": 26.38,
            "gross_margin_4q_avg": 29.36,
            "net_income": 555969,
            "net_income_4q": null,
            "revenue": 2917248,
            "revenue_4q": null,
            "common_shares": 1991077,
            "book_valuer_per_share": 27.48,
            "book_valuer_per_share_4q_avg": 30.23,
            "equity": 5470550,
            "current_ratio": 93.99,
            "debt_ratio": 63.38,
            "inventory_turnover_ratio": 1.58,
            "account_receivable_turnover_ratio": null,
            "reinvestment_rate": 131.69,
            "research_to_sale_ratio": null,
            "price_fair": 192.94,
            "eps_avg_yearly": 5.51,
            "eps_latest_yearly": 10.56,
            "eps_growth_yearly": 77.8
        },
        "20083": {
            "year_quarter": 20083,
            "year": 2008,
            "quarter": 3,
            "eps": 2.48,
            "eps_growth_year": -3.12,
            "eps_4q": 9.43,
            "eps_4q_growth_year": 17.4,
            "roe": 8.32,
            "roe_4q": 32.58,
            "gross_profit": 763701,
            "gross_margin": 28.25,
            "gross_margin_4q_avg": 28.6,
            "net_income": 526069,
            "net_income_4q": null,
            "revenue": 2703591,
            "revenue_4q": null,
            "common_shares": 2204267,
            "book_valuer_per_share": 32.54,
            "book_valuer_per_share_4q_avg": 30.97,
            "equity": 7171815,
            "current_ratio": 143.88,
            "debt_ratio": 60.06,
            "inventory_turnover_ratio": 1.31,
            "account_receivable_turnover_ratio": null,
            "reinvestment_rate": 117.23,
            "research_to_sale_ratio": null,
            "price_fair": 209.56,
            "eps_avg_yearly": 5.99,
            "eps_latest_yearly": 9.92,
            "eps_growth_yearly": 72.29
        },
        "20084": {
            "year_quarter": 20084,
            "year": 2008,
            "quarter": 4,
            "eps": 1.19,
            "eps_growth_year": -55.93,
            "eps_4q": 8.05,
            "eps_4q_growth_year": -12.06,
            "roe": 3.5,
            "roe_4q": 27.169999999999998,
            "gross_profit": 326019,
            "gross_margin": 11.41,
            "gross_margin_4q_avg": 23.9,
            "net_income": 254646,
            "net_income_4q": null,
            "revenue": 2858121,
            "revenue_4q": null,
            "common_shares": 2211777,
            "book_valuer_per_share": 33.34,
            "book_valuer_per_share_4q_avg": 31.58,
            "equity": 7374085,
            "current_ratio": 116.44,
            "debt_ratio": 60.3,
            "inventory_turnover_ratio": 1.57,
            "account_receivable_turnover_ratio": 3.56,
            "reinvestment_rate": 125.14,
            "research_to_sale_ratio": null,
            "price_fair": 217.53,
            "eps_avg_yearly": 6.22,
            "eps_latest_yearly": 4.76,
            "eps_growth_yearly": 72.21
        },
        "20091": {
            "year_quarter": 20091,
            "year": 2009,
            "quarter": 1,
            "eps": 0.42,
            "eps_growth_year": -78.35,
            "eps_4q": 6.5,
            "eps_4q_growth_year": -31.64,
            "roe": 1.23,
            "roe_4q": 22.310000000000002,
            "gross_profit": 236464,
            "gross_margin": 9.57,
            "gross_margin_4q_avg": 18.9,
            "net_income": 92312,
            "net_income_4q": null,
            "revenue": 2471786,
            "revenue_4q": null,
            "common_shares": 2212337,
            "book_valuer_per_share": 34.63,
            "book_valuer_per_share_4q_avg": 32,
            "equity": 7661399,
            "current_ratio": 111.59,
            "debt_ratio": 60.27,
            "inventory_turnover_ratio": 1.45,
            "account_receivable_turnover_ratio": 1.74,
            "reinvestment_rate": 144.55,
            "research_to_sale_ratio": null,
            "price_fair": 216.39,
            "eps_avg_yearly": 6.18,
            "eps_latest_yearly": 1.68,
            "eps_growth_yearly": 31.93
        },
        "20092": {
            "year_quarter": 20092,
            "year": 2009,
            "quarter": 2,
            "eps": 0.16,
            "eps_growth_year": -93.94,
            "eps_4q": 3.41,
            "eps_4q_growth_year": -63.69,
            "roe": 0.58,
            "roe_4q": 13.63,
            "gross_profit": 226219,
            "gross_margin": 8.41,
            "gross_margin_4q_avg": 14.41,
            "net_income": 42955,
            "net_income_4q": null,
            "revenue": 2690985,
            "revenue_4q": null,
            "common_shares": 2219231,
            "book_valuer_per_share": 32.56,
            "book_valuer_per_share_4q_avg": 33.27,
            "equity": 7226819,
            "current_ratio": 94.64,
            "debt_ratio": 63.66,
            "inventory_turnover_ratio": 1.92,
            "account_receivable_turnover_ratio": 1.97,
            "reinvestment_rate": 147.32,
            "research_to_sale_ratio": null,
            "price_fair": 215.08,
            "eps_avg_yearly": 6.15,
            "eps_latest_yearly": 0.64,
            "eps_growth_yearly": 27.36
        },
        "20093": {
            "year_quarter": 20093,
            "year": 2009,
            "quarter": 3,
            "eps": 0.2,
            "eps_growth_year": -91.94,
            "eps_4q": 1.6,
            "eps_4q_growth_year": -83.06,
            "roe": 0.66,
            "roe_4q": 5.97,
            "gross_profit": 224838,
            "gross_margin": 7.34,
            "gross_margin_4q_avg": 9.18,
            "net_income": 55807,
            "net_income_4q": null,
            "revenue": 3064259,
            "revenue_4q": null,
            "common_shares": 2993173,
            "book_valuer_per_share": 32.24,
            "book_valuer_per_share_4q_avg": 33.19,
            "equity": 9649333,
            "current_ratio": 123.2,
            "debt_ratio": 53.95,
            "inventory_turnover_ratio": 2.59,
            "account_receivable_turnover_ratio": 1.89,
            "reinvestment_rate": 155.91,
            "research_to_sale_ratio": null,
            "price_fair": 213.76,
            "eps_avg_yearly": 6.11,
            "eps_latest_yearly": 0.8,
            "eps_growth_yearly": 30.39
        },
        "20094": {
            "year_quarter": 20094,
            "year": 2009,
            "quarter": 4,
            "eps": 1.01,
            "eps_growth_year": -15.13,
            "eps_4q": 1.59,
            "eps_4q_growth_year": -80.27,
            "roe": 2.91,
            "roe_4q": 5.380000000000001,
            "gross_profit": 534641,
            "gross_margin": 14.55,
            "gross_margin_4q_avg": 9.97,
            "net_income": 284486,
            "net_income_4q": null,
            "revenue": 3674980,
            "revenue_4q": null,
            "common_shares": 2994413,
            "book_valuer_per_share": 33,
            "book_valuer_per_share_4q_avg": 33.11,
            "equity": 9882056,
            "current_ratio": 135.11,
            "debt_ratio": 53.29,
            "inventory_turnover_ratio": 2.72,
            "account_receivable_turnover_ratio": 3.18,
            "reinvestment_rate": 168.23,
            "research_to_sale_ratio": null,
            "price_fair": 216.83,
            "eps_avg_yearly": 6.2,
            "eps_latest_yearly": 4.04,
            "eps_growth_yearly": 109.49
        },
        "20101": {
            "year_quarter": 20101,
            "year": 2010,
            "quarter": 1,
            "eps": 1,
            "eps_growth_year": 138.1,
            "eps_4q": 2.28,
            "eps_4q_growth_year": -65,
            "roe": 2.98,
            "roe_4q": 7.130000000000001,
            "gross_profit": 606556,
            "gross_margin": 13.94,
            "gross_margin_4q_avg": 11.06,
            "net_income": 298777,
            "net_income_4q": null,
            "revenue": 4351510,
            "revenue_4q": null,
            "common_shares": 2994793,
            "book_valuer_per_share": 34.03,
            "book_valuer_per_share_4q_avg": 32.96,
            "equity": 10196868,
            "current_ratio": 135.15,
            "debt_ratio": 53.68,
            "inventory_turnover_ratio": 2.74,
            "account_receivable_turnover_ratio": 1.79,
            "reinvestment_rate": 177.51,
            "research_to_sale_ratio": 3.34,
            "price_fair": 219.8,
            "eps_avg_yearly": 6.28,
            "eps_latest_yearly": 4,
            "eps_growth_yearly": 109.25
        },
        "20102": {
            "year_quarter": 20102,
            "year": 2010,
            "quarter": 2,
            "eps": 2.28,
            "eps_growth_year": 1324.82,
            "eps_4q": 4.27,
            "eps_4q_growth_year": 25.16,
            "roe": 7.03,
            "roe_4q": 13.58,
            "gross_profit": 1103040,
            "gross_margin": 21.33,
            "gross_margin_4q_avg": 14.29,
            "net_income": 731846,
            "net_income_4q": null,
            "revenue": 5172332,
            "revenue_4q": null,
            "common_shares": 2996263,
            "book_valuer_per_share": 35.49,
            "book_valuer_per_share_4q_avg": 33.69,
            "equity": 10633490,
            "current_ratio": 126.6,
            "debt_ratio": 55.03,
            "inventory_turnover_ratio": 2.35,
            "account_receivable_turnover_ratio": 2,
            "reinvestment_rate": 169.41,
            "research_to_sale_ratio": 2.81,
            "price_fair": 228.2,
            "eps_avg_yearly": 6.52,
            "eps_latest_yearly": 9.12,
            "eps_growth_yearly": 116.25
        },
        "20103": {
            "year_quarter": 20103,
            "year": 2010,
            "quarter": 3,
            "eps": 3.4,
            "eps_growth_year": 1602.1,
            "eps_4q": 6.85,
            "eps_4q_growth_year": 328.62,
            "roe": 9.26,
            "roe_4q": 22.18,
            "gross_profit": 1812466,
            "gross_margin": 28.95,
            "gross_margin_4q_avg": 19.69,
            "net_income": 1300490,
            "net_income_4q": null,
            "revenue": 6259821,
            "revenue_4q": null,
            "common_shares": 3820256,
            "book_valuer_per_share": 45.71,
            "book_valuer_per_share_4q_avg": 37.06,
            "equity": 17462162,
            "current_ratio": 204.63,
            "debt_ratio": 42.01,
            "inventory_turnover_ratio": 2.33,
            "account_receivable_turnover_ratio": 2.24,
            "reinvestment_rate": 161.98,
            "research_to_sale_ratio": 2.43,
            "price_fair": 243.6,
            "eps_avg_yearly": 6.96,
            "eps_latest_yearly": 13.6,
            "eps_growth_yearly": 122.47
        },
        "20104": {
            "year_quarter": 20104,
            "year": 2010,
            "quarter": 4,
            "eps": 3.24,
            "eps_growth_year": 220.72,
            "eps_4q": 9.34,
            "eps_4q_growth_year": 488.28,
            "roe": 6.9,
            "roe_4q": 26.17,
            "gross_profit": 2008751,
            "gross_margin": 29.78,
            "gross_margin_4q_avg": 23.5,
            "net_income": 1237496,
            "net_income_4q": null,
            "revenue": 6745039,
            "revenue_4q": null,
            "common_shares": 3820256,
            "book_valuer_per_share": 48.24,
            "book_valuer_per_share_4q_avg": 40.87,
            "equity": 18427284,
            "current_ratio": 219.19,
            "debt_ratio": 40.42,
            "inventory_turnover_ratio": 2.53,
            "account_receivable_turnover_ratio": 2.36,
            "reinvestment_rate": 132.04,
            "research_to_sale_ratio": 2.62,
            "price_fair": 255.76,
            "eps_avg_yearly": 7.31,
            "eps_latest_yearly": 12.96,
            "eps_growth_yearly": 118.09
        },
        "20111": {
            "year_quarter": 20111,
            "year": 2011,
            "quarter": 1,
            "eps": 2.93,
            "eps_growth_year": 193,
            "eps_4q": 11.49,
            "eps_4q_growth_year": 405.03,
            "roe": 5.9,
            "roe_4q": 29.090000000000003,
            "gross_profit": 1518493,
            "gross_margin": 23.49,
            "gross_margin_4q_avg": 25.89,
            "net_income": 1120921,
            "net_income_4q": null,
            "revenue": 6463220,
            "revenue_4q": null,
            "common_shares": 3820256,
            "book_valuer_per_share": 51.23,
            "book_valuer_per_share_4q_avg": 45.17,
            "equity": 19572930,
            "current_ratio": 204.52,
            "debt_ratio": 39.47,
            "inventory_turnover_ratio": 2.52,
            "account_receivable_turnover_ratio": 2.24,
            "reinvestment_rate": 139.81,
            "research_to_sale_ratio": 1.67,
            "price_fair": 267.23,
            "eps_avg_yearly": 7.64,
            "eps_latest_yearly": 11.72,
            "eps_growth_yearly": 118.8
        },
        "20112": {
            "year_quarter": 20112,
            "year": 2011,
            "quarter": 2,
            "eps": 0.31,
            "eps_growth_year": -86.53,
            "eps_4q": 8.95,
            "eps_4q_growth_year": 109.69,
            "roe": 0.67,
            "roe_4q": 22.73,
            "gross_profit": 512483,
            "gross_margin": 10.91,
            "gross_margin_4q_avg": 23.28,
            "net_income": 129938,
            "net_income_4q": null,
            "revenue": 4698395,
            "revenue_4q": null,
            "common_shares": 4021322,
            "book_valuer_per_share": 48.06,
            "book_valuer_per_share_4q_avg": 48.31,
            "equity": 19327430,
            "current_ratio": 164.85,
            "debt_ratio": 40.49,
            "inventory_turnover_ratio": 2.12,
            "account_receivable_turnover_ratio": 1.86,
            "reinvestment_rate": 177.73,
            "research_to_sale_ratio": 3.43,
            "price_fair": 249.03,
            "eps_avg_yearly": 7.12,
            "eps_latest_yearly": 1.24,
            "eps_growth_yearly": 84.57
        },
        "20113": {
            "year_quarter": 20113,
            "year": 2011,
            "quarter": 3,
            "eps": 0.05,
            "eps_growth_year": -98.66,
            "eps_4q": 5.79,
            "eps_4q_growth_year": -15.38,
            "roe": 0.1,
            "roe_4q": 13.57,
            "gross_profit": 158992,
            "gross_margin": 3.88,
            "gross_margin_4q_avg": 17.02,
            "net_income": 19704,
            "net_income_4q": null,
            "revenue": 4096042,
            "revenue_4q": null,
            "common_shares": 4231191,
            "book_valuer_per_share": 44.48,
            "book_valuer_per_share_4q_avg": 48,
            "equity": 18896934,
            "current_ratio": 195.16,
            "debt_ratio": 36.23,
            "inventory_turnover_ratio": 2.27,
            "account_receivable_turnover_ratio": 2.05,
            "reinvestment_rate": 178.12,
            "research_to_sale_ratio": 3.73,
            "price_fair": 227.06,
            "eps_avg_yearly": 6.49,
            "eps_latest_yearly": 0.2,
            "eps_growth_yearly": 61.82
        },
        "20114": {
            "year_quarter": 20114,
            "year": 2011,
            "quarter": 4,
            "eps": -1.9,
            "eps_growth_year": -158.65,
            "eps_4q": 0.97,
            "eps_4q_growth_year": -89.64,
            "roe": -4.44,
            "roe_4q": 2.2299999999999995,
            "gross_profit": -454669,
            "gross_margin": -19.84,
            "gross_margin_4q_avg": 4.61,
            "net_income": -841857,
            "net_income_4q": null,
            "revenue": 2291406,
            "revenue_4q": null,
            "common_shares": 4431191,
            "book_valuer_per_share": 42.86,
            "book_valuer_per_share_4q_avg": 46.66,
            "equity": 18992808,
            "current_ratio": 158.37,
            "debt_ratio": 35.46,
            "inventory_turnover_ratio": 1.96,
            "account_receivable_turnover_ratio": 1.4,
            "reinvestment_rate": 191.05,
            "research_to_sale_ratio": 5.61,
            "price_fair": 217,
            "eps_avg_yearly": 6.2,
            "eps_latest_yearly": 0.2,
            "eps_growth_yearly": 64.48
        },
        "20121": {
            "year_quarter": 20121,
            "year": 2012,
            "quarter": 1,
            "eps": -1.4,
            "eps_growth_year": -147.78,
            "eps_4q": -2.97,
            "eps_4q_growth_year": -125.81,
            "roe": -3.33,
            "roe_4q": -7.000000000000001,
            "gross_profit": -289345,
            "gross_margin": -13.73,
            "gross_margin_4q_avg": -4.7,
            "net_income": -622144,
            "net_income_4q": null,
            "revenue": 2106660,
            "revenue_4q": null,
            "common_shares": 4431191,
            "book_valuer_per_share": 41.08,
            "book_valuer_per_share_4q_avg": 44.12,
            "equity": 18382404,
            "current_ratio": 114.44,
            "debt_ratio": 53.83,
            "inventory_turnover_ratio": 1.88,
            "account_receivable_turnover_ratio": 1.5,
            "reinvestment_rate": 220.71,
            "research_to_sale_ratio": 5.84,
            "price_fair": 213.1,
            "eps_avg_yearly": 6.09,
            "eps_latest_yearly": 0.2,
            "eps_growth_yearly": 77.13
        },
        "20122": {
            "year_quarter": 20122,
            "year": 2012,
            "quarter": 2,
            "eps": -0.25,
            "eps_growth_year": -180.27,
            "eps_4q": -3.01,
            "eps_4q_growth_year": -133.59,
            "roe": -0.61,
            "roe_4q": -8.280000000000001,
            "gross_profit": 607316,
            "gross_margin": 9.51,
            "gross_margin_4q_avg": -5.05,
            "net_income": -122946,
            "net_income_4q": null,
            "revenue": 6383539,
            "revenue_4q": null,
            "common_shares": 5231191,
            "book_valuer_per_share": 40.96,
            "book_valuer_per_share_4q_avg": 42.35,
            "equity": 21692622,
            "current_ratio": 130.54,
            "debt_ratio": 57.48,
            "inventory_turnover_ratio": 2.37,
            "account_receivable_turnover_ratio": 2.03,
            "reinvestment_rate": 428.11,
            "research_to_sale_ratio": 3.83,
            "price_fair": 201.06,
            "eps_avg_yearly": 5.74,
            "eps_latest_yearly": 0.2,
            "eps_growth_yearly": 71.96
        },
        "20123": {
            "year_quarter": 20123,
            "year": 2012,
            "quarter": 3,
            "eps": -0.61,
            "eps_growth_year": -1435.65,
            "eps_4q": -3.65,
            "eps_4q_growth_year": -163.06,
            "roe": -1.49,
            "roe_4q": -9.870000000000001,
            "gross_profit": 485749,
            "gross_margin": 8.85,
            "gross_margin_4q_avg": -3.8,
            "net_income": -318599,
            "net_income_4q": null,
            "revenue": 5489055,
            "revenue_4q": null,
            "common_shares": 5231191,
            "book_valuer_per_share": 39.63,
            "book_valuer_per_share_4q_avg": 41.13,
            "equity": 20992107,
            "current_ratio": 143.56,
            "debt_ratio": 52.42,
            "inventory_turnover_ratio": 1.39,
            "account_receivable_turnover_ratio": 1.26,
            "reinvestment_rate": 495.23,
            "research_to_sale_ratio": 4.36,
            "price_fair": 188.88,
            "eps_avg_yearly": 5.4,
            "eps_latest_yearly": 0.2,
            "eps_growth_yearly": 79.98
        },
        "20124": {
            "year_quarter": 20124,
            "year": 2012,
            "quarter": 4,
            "eps": -2.52,
            "eps_growth_year": null,
            "eps_4q": -4.59,
            "eps_4q_growth_year": -574.77,
            "roe": -6.53,
            "roe_4q": -11.959999999999999,
            "gross_profit": 97388,
            "gross_margin": 1.91,
            "gross_margin_4q_avg": 1.64,
            "net_income": -1296782,
            "net_income_4q": null,
            "revenue": 5110076,
            "revenue_4q": null,
            "common_shares": 5231191,
            "book_valuer_per_share": 35.89,
            "book_valuer_per_share_4q_avg": 39.39,
            "equity": 18754978,
            "current_ratio": 108.85,
            "debt_ratio": 51.08,
            "inventory_turnover_ratio": 1.42,
            "account_receivable_turnover_ratio": 1.39,
            "reinvestment_rate": 708.52,
            "research_to_sale_ratio": 3.78,
            "price_fair": 190.91,
            "eps_avg_yearly": 5.45,
            "eps_latest_yearly": 0.2,
            "eps_growth_yearly": 106.17
        },
        "20131": {
            "year_quarter": 20131,
            "year": 2013,
            "quarter": 1,
            "eps": 0.41,
            "eps_growth_year": null,
            "eps_4q": -2.93,
            "eps_4q_growth_year": null,
            "roe": 1.18,
            "roe_4q": -7.450000000000001,
            "gross_profit": 398810,
            "gross_margin": 8.12,
            "gross_margin_4q_avg": 7.1,
            "net_income": 219857,
            "net_income_4q": null,
            "revenue": 4911883,
            "revenue_4q": null,
            "common_shares": 5231191,
            "book_valuer_per_share": 35.23,
            "book_valuer_per_share_4q_avg": 37.93,
            "equity": 18607943,
            "current_ratio": 91.89,
            "debt_ratio": 51.21,
            "inventory_turnover_ratio": 1.3,
            "account_receivable_turnover_ratio": 1.34,
            "reinvestment_rate": 626.94,
            "research_to_sale_ratio": 3.59,
            "price_fair": 204.12,
            "eps_avg_yearly": 5.83,
            "eps_latest_yearly": 0.2,
            "eps_growth_yearly": 142.67
        },
        "20132": {
            "year_quarter": 20132,
            "year": 2013,
            "quarter": 2,
            "eps": 0.19,
            "eps_growth_year": null,
            "eps_4q": -2.49,
            "eps_4q_growth_year": null,
            "roe": 0.57,
            "roe_4q": -6.2700000000000005,
            "gross_profit": 654501,
            "gross_margin": 12.23,
            "gross_margin_4q_avg": 7.78,
            "net_income": 106386,
            "net_income_4q": null,
            "revenue": 5352568,
            "revenue_4q": null,
            "common_shares": 5231191,
            "book_valuer_per_share": 35.32,
            "book_valuer_per_share_4q_avg": 36.52,
            "equity": 18644825,
            "current_ratio": 136.75,
            "debt_ratio": 50.87,
            "inventory_turnover_ratio": 1.35,
            "account_receivable_turnover_ratio": 1.35,
            "reinvestment_rate": 574.99,
            "research_to_sale_ratio": 2.48,
            "price_fair": 204.54,
            "eps_avg_yearly": 5.84,
            "eps_latest_yearly": 0.76,
            "eps_growth_yearly": 145.96
        },
        "20133": {
            "year_quarter": 20133,
            "year": 2013,
            "quarter": 3,
            "eps": 0.1,
            "eps_growth_year": null,
            "eps_4q": -1.78,
            "eps_4q_growth_year": null,
            "roe": 0.29,
            "roe_4q": -4.49,
            "gross_profit": 840505,
            "gross_margin": 13.79,
            "gross_margin_4q_avg": 9.01,
            "net_income": 57917,
            "net_income_4q": null,
            "revenue": 6096048,
            "revenue_4q": null,
            "common_shares": 5231191,
            "book_valuer_per_share": 35.23,
            "book_valuer_per_share_4q_avg": 35.42,
            "equity": 20694164,
            "current_ratio": 128.53,
            "debt_ratio": 50.35,
            "inventory_turnover_ratio": 1.31,
            "account_receivable_turnover_ratio": 1.48,
            "reinvestment_rate": 552.71,
            "research_to_sale_ratio": 3.15,
            "price_fair": 203.14,
            "eps_avg_yearly": 5.8,
            "eps_latest_yearly": 0.4,
            "eps_growth_yearly": 117.02
        },
        "20134": {
            "year_quarter": 20134,
            "year": 2013,
            "quarter": 4,
            "eps": -0.14,
            "eps_growth_year": null,
            "eps_4q": 0.56,
            "eps_4q_growth_year": null,
            "roe": -0.21,
            "roe_4q": 1.8299999999999998,
            "gross_profit": 545608,
            "gross_margin": 9.32,
            "gross_margin_4q_avg": 10.87,
            "net_income": -44318,
            "net_income_4q": null,
            "revenue": 5854868,
            "revenue_4q": null,
            "common_shares": 5231191,
            "book_valuer_per_share": 34.98,
            "book_valuer_per_share_4q_avg": 35.19,
            "equity": 20585891,
            "current_ratio": 152.25,
            "debt_ratio": 48.11,
            "inventory_turnover_ratio": 1.19,
            "account_receivable_turnover_ratio": 1.42,
            "reinvestment_rate": 504.29,
            "research_to_sale_ratio": 3.32,
            "price_fair": 18,
            "eps_avg_yearly": 6,
            "eps_latest_yearly": 0.4,
            "eps_growth_yearly": -49.98
        },
        "20141": {
            "year_quarter": 20141,
            "year": 2014,
            "quarter": 1,
            "eps": 0.86,
            "eps_growth_year": 109.76,
            "eps_4q": 1.02,
            "eps_4q_growth_year": null,
            "roe": 2.43,
            "roe_4q": 3.08,
            "gross_profit": 1006657,
            "gross_margin": 15.86,
            "gross_margin_4q_avg": 12.8,
            "net_income": 509371,
            "net_income_4q": null,
            "revenue": 6348330,
            "revenue_4q": null,
            "common_shares": 5231191,
            "book_valuer_per_share": 36.2,
            "book_valuer_per_share_4q_avg": 35.43,
            "equity": 21286978,
            "current_ratio": 156.12,
            "debt_ratio": 48.2,
            "inventory_turnover_ratio": 1.1,
            "account_receivable_turnover_ratio": 1.48,
            "reinvestment_rate": 466.22,
            "research_to_sale_ratio": 2.89,
            "price_fair": 18.75,
            "eps_avg_yearly": 6.25,
            "eps_latest_yearly": 0.4,
            "eps_growth_yearly": -55.73
        },
        "20142": {
            "year_quarter": 20142,
            "year": 2014,
            "quarter": 2,
            "eps": 0.74,
            "eps_growth_year": 289.47,
            "eps_4q": 1.57,
            "eps_4q_growth_year": null,
            "roe": 2.11,
            "roe_4q": 4.62,
            "gross_profit": 872079,
            "gross_margin": 12.09,
            "gross_margin_4q_avg": 12.77,
            "net_income": 449083,
            "net_income_4q": null,
            "revenue": 7214316,
            "revenue_4q": null,
            "common_shares": 5231431,
            "book_valuer_per_share": 35.79,
            "book_valuer_per_share_4q_avg": 35.55,
            "equity": 21255099,
            "current_ratio": 149.54,
            "debt_ratio": 50.8,
            "inventory_turnover_ratio": 1.23,
            "account_receivable_turnover_ratio": 1.59,
            "reinvestment_rate": 510.32,
            "research_to_sale_ratio": 2.89,
            "price_fair": 16.44,
            "eps_avg_yearly": 5.48,
            "eps_latest_yearly": 2.96,
            "eps_growth_yearly": -126.71
        },
        "20143": {
            "year_quarter": 20143,
            "year": 2014,
            "quarter": 3,
            "eps": 0.85,
            "eps_growth_year": 750,
            "eps_4q": 2.14,
            "eps_4q_growth_year": null,
            "roe": 2.41,
            "roe_4q": 6.739999999999999,
            "gross_profit": 925546,
            "gross_margin": 13.22,
            "gross_margin_4q_avg": 12.62,
            "net_income": 514833,
            "net_income_4q": null,
            "revenue": 7000649,
            "revenue_4q": null,
            "common_shares": 5800312,
            "book_valuer_per_share": 36.44,
            "book_valuer_per_share_4q_avg": 35.85,
            "equity": 21541582,
            "current_ratio": 171.74,
            "debt_ratio": 48.13,
            "inventory_turnover_ratio": 1.2,
            "account_receivable_turnover_ratio": 1.54,
            "reinvestment_rate": 768.39,
            "research_to_sale_ratio": 3.1,
            "price_fair": 12.62,
            "eps_avg_yearly": 4.21,
            "eps_latest_yearly": 3.4,
            "eps_growth_yearly": -143.84
        },
        "20144": {
            "year_quarter": 20144,
            "year": 2014,
            "quarter": 4,
            "eps": -0.32,
            "eps_growth_year": null,
            "eps_4q": 1.95,
            "eps_4q_growth_year": 244.85,
            "roe": -0.81,
            "roe_4q": 6.140000000000001,
            "gross_profit": 693594,
            "gross_margin": 9.56,
            "gross_margin_4q_avg": 12.68,
            "net_income": -174020,
            "net_income_4q": null,
            "revenue": 7258161,
            "revenue_4q": null,
            "common_shares": 5800312,
            "book_valuer_per_share": 36.03,
            "book_valuer_per_share_4q_avg": 36.12,
            "equity": 21583138,
            "current_ratio": 171.69,
            "debt_ratio": 47.21,
            "inventory_turnover_ratio": 1.36,
            "account_receivable_turnover_ratio": 1.52,
            "reinvestment_rate": null,
            "research_to_sale_ratio": 2.94,
            "price_fair": 8.86,
            "eps_avg_yearly": 2.95,
            "eps_latest_yearly": 3.4,
            "eps_growth_yearly": -161.7
        },
        "20151": {
            "year_quarter": 20151,
            "year": 2015,
            "quarter": 1,
            "eps": 0.35,
            "eps_growth_year": -59.3,
            "eps_4q": 1.52,
            "eps_4q_growth_year": 49.84,
            "roe": 1.2,
            "roe_4q": 4.91,
            "gross_profit": 1064345,
            "gross_margin": 15.66,
            "gross_margin_4q_avg": 12.63,
            "net_income": 273117,
            "net_income_4q": null,
            "revenue": 6795306,
            "revenue_4q": null,
            "common_shares": 5800312,
            "book_valuer_per_share": 37.35,
            "book_valuer_per_share_4q_avg": 36.4,
            "equity": 23979156,
            "current_ratio": 202.15,
            "debt_ratio": 43.1,
            "inventory_turnover_ratio": 1.21,
            "account_receivable_turnover_ratio": 1.3,
            "reinvestment_rate": null,
            "research_to_sale_ratio": 2.56,
            "price_fair": 4.48,
            "eps_avg_yearly": 1.49,
            "eps_latest_yearly": 3.4,
            "eps_growth_yearly": -182.27
        },
        "20152": {
            "year_quarter": 20152,
            "year": 2015,
            "quarter": 2,
            "eps": 0,
            "eps_growth_year": -100,
            "eps_4q": 0.85,
            "eps_4q_growth_year": -45.64,
            "roe": 0.5,
            "roe_4q": 3.3,
            "gross_profit": 918985,
            "gross_margin": 12.9,
            "gross_margin_4q_avg": 12.84,
            "net_income": 124831,
            "net_income_4q": null,
            "revenue": 7123194,
            "revenue_4q": null,
            "common_shares": 5800312,
            "book_valuer_per_share": 37.89,
            "book_valuer_per_share_4q_avg": 36.93,
            "equity": 25971434,
            "current_ratio": 183.04,
            "debt_ratio": 38.63,
            "inventory_turnover_ratio": 1.29,
            "account_receivable_turnover_ratio": 1.2,
            "reinvestment_rate": null,
            "research_to_sale_ratio": 2.86,
            "price_fair": 4.63,
            "eps_avg_yearly": 1.54,
            "eps_latest_yearly": 3.4,
            "eps_growth_yearly": -147.19
        },
        "20153": {
            "year_quarter": 20153,
            "year": 2015,
            "quarter": 3,
            "eps": 0.5,
            "eps_growth_year": -41.18,
            "eps_4q": 0.53,
            "eps_4q_growth_year": -75.07,
            "roe": 1.71,
            "roe_4q": 2.6,
            "gross_profit": 1269778,
            "gross_margin": 17.27,
            "gross_margin_4q_avg": 13.85,
            "net_income": 462900,
            "net_income_4q": null,
            "revenue": 7351942,
            "revenue_4q": null,
            "common_shares": 5800312,
            "book_valuer_per_share": 39.81,
            "book_valuer_per_share_4q_avg": 37.77,
            "equity": 28258749,
            "current_ratio": 204.71,
            "debt_ratio": 36.36,
            "inventory_turnover_ratio": 1.23,
            "account_receivable_turnover_ratio": 1.15,
            "reinvestment_rate": null,
            "research_to_sale_ratio": 2.73,
            "price_fair": 5.64,
            "eps_avg_yearly": 1.88,
            "eps_latest_yearly": 3.4,
            "eps_growth_yearly": -100.12
        },
        "20154": {
            "year_quarter": 20154,
            "year": 2015,
            "quarter": 4,
            "eps": 0.07,
            "eps_growth_year": null,
            "eps_4q": 0.93,
            "eps_4q_growth_year": -52.15,
            "roe": 0.69,
            "roe_4q": 4.1,
            "gross_profit": 1018123,
            "gross_margin": 14.55,
            "gross_margin_4q_avg": 15.1,
            "net_income": 195554,
            "net_income_4q": null,
            "revenue": 6998915,
            "revenue_4q": null,
            "common_shares": 5800312,
            "book_valuer_per_share": 40.01,
            "book_valuer_per_share_4q_avg": 38.77,
            "equity": 28569576,
            "current_ratio": 191.47,
            "debt_ratio": 38.14,
            "inventory_turnover_ratio": 1.1,
            "account_receivable_turnover_ratio": 1.11,
            "reinvestment_rate": null,
            "research_to_sale_ratio": 3.02,
            "price_fair": 4.68,
            "eps_avg_yearly": 1.56,
            "eps_latest_yearly": 0.28,
            "eps_growth_yearly": -148.89
        },
        "20161": {
            "year_quarter": 20161,
            "year": 2016,
            "quarter": 1,
            "eps": 0.36,
            "eps_growth_year": 2.86,
            "eps_4q": 0.93,
            "eps_4q_growth_year": -38.67,
            "roe": 1.16,
            "roe_4q": 4.06,
            "gross_profit": 1122587,
            "gross_margin": 15.83,
            "gross_margin_4q_avg": 15.14,
            "net_income": 335758,
            "net_income_4q": null,
            "revenue": 7090560,
            "revenue_4q": null,
            "common_shares": 5800312,
            "book_valuer_per_share": 40.58,
            "book_valuer_per_share_4q_avg": 39.57,
            "equity": 29093992,
            "current_ratio": 180.24,
            "debt_ratio": 38.02,
            "inventory_turnover_ratio": 0.99,
            "account_receivable_turnover_ratio": 1.19,
            "reinvestment_rate": 1937.35,
            "research_to_sale_ratio": 2.88,
            "price_fair": 53.9,
            "eps_avg_yearly": 1.54,
            "eps_latest_yearly": 1.44,
            "eps_growth_yearly": 152.11
        },
        "20162": {
            "year_quarter": 20162,
            "year": 2016,
            "quarter": 2,
            "eps": 0.51,
            "eps_growth_year": null,
            "eps_4q": 1.45,
            "eps_4q_growth_year": 70.02,
            "roe": 1.54,
            "roe_4q": 5.1,
            "gross_profit": 1363284,
            "gross_margin": 18.06,
            "gross_margin_4q_avg": 16.43,
            "net_income": 444178,
            "net_income_4q": null,
            "revenue": 7549770,
            "revenue_4q": null,
            "common_shares": 5800312,
            "book_valuer_per_share": 40.4,
            "book_valuer_per_share_4q_avg": 40.2,
            "equity": 28772794,
            "current_ratio": 156.64,
            "debt_ratio": 40.61,
            "inventory_turnover_ratio": 0.89,
            "account_receivable_turnover_ratio": 1.28,
            "reinvestment_rate": -79.3,
            "research_to_sale_ratio": 3.06,
            "price_fair": 56.4,
            "eps_avg_yearly": 1.61,
            "eps_latest_yearly": 2.04,
            "eps_growth_yearly": 154.19
        },
        "20163": {
            "year_quarter": 20163,
            "year": 2016,
            "quarter": 3,
            "eps": -2.27,
            "eps_growth_year": -554,
            "eps_4q": -1.33,
            "eps_4q_growth_year": -349.37,
            "roe": -4.14,
            "roe_4q": -0.7499999999999998,
            "gross_profit": 220365,
            "gross_margin": 3.07,
            "gross_margin_4q_avg": 12.88,
            "net_income": -1162249,
            "net_income_4q": null,
            "revenue": 7183416,
            "revenue_4q": null,
            "common_shares": 5800312,
            "book_valuer_per_share": 37.8,
            "book_valuer_per_share_4q_avg": 39.7,
            "equity": 27406764,
            "current_ratio": 151.63,
            "debt_ratio": 42.91,
            "inventory_turnover_ratio": 0.92,
            "account_receivable_turnover_ratio": 1.22,
            "reinvestment_rate": null,
            "research_to_sale_ratio": 2.93,
            "price_fair": 56.4,
            "eps_avg_yearly": 1.61,
            "eps_latest_yearly": 2.04,
            "eps_growth_yearly": 154.19
        },
        "20164": {
            "year_quarter": 20164,
            "year": 2016,
            "quarter": 4,
            "eps": -1.37,
            "eps_growth_year": -2102.25,
            "eps_4q": -2.77,
            "eps_4q_growth_year": -397.14,
            "roe": -3.32,
            "roe_4q": -4.759999999999999,
            "gross_profit": 728777,
            "gross_margin": 7.46,
            "gross_margin_4q_avg": 11.11,
            "net_income": -906693,
            "net_income_4q": null,
            "revenue": 9775294,
            "revenue_4q": null,
            "common_shares": 5800312,
            "book_valuer_per_share": 36.38,
            "book_valuer_per_share_4q_avg": 38.79,
            "equity": 27227087,
            "current_ratio": 94.49,
            "debt_ratio": 67.2,
            "inventory_turnover_ratio": 1.06,
            "account_receivable_turnover_ratio": 1.37,
            "reinvestment_rate": 6156.51,
            "research_to_sale_ratio": 3.38,
            "price_fair": 56.4,
            "eps_avg_yearly": 1.61,
            "eps_latest_yearly": 2.04,
            "eps_growth_yearly": 154.19
        },
        "20171": {
            "year_quarter": 20171,
            "year": 2017,
            "quarter": 1,
            "eps": -0.7,
            "eps_growth_year": -294.44,
            "eps_4q": -3.83,
            "eps_4q_growth_year": -510.42,
            "roe": -1.06,
            "roe_4q": -6.9799999999999995,
            "gross_profit": 1847004,
            "gross_margin": 13.6,
            "gross_margin_4q_avg": 10.55,
            "net_income": -284937,
            "net_income_4q": null,
            "revenue": 13577050,
            "revenue_4q": null,
            "common_shares": 5800312,
            "book_valuer_per_share": 34.96,
            "book_valuer_per_share_4q_avg": 37.39,
            "equity": 26296781,
            "current_ratio": 80.17,
            "debt_ratio": 66.59,
            "inventory_turnover_ratio": 1.25,
            "account_receivable_turnover_ratio": 1.55,
            "reinvestment_rate": null,
            "research_to_sale_ratio": 2.78,
            "price_fair": 56.4,
            "eps_avg_yearly": 1.61,
            "eps_latest_yearly": 2.04,
            "eps_growth_yearly": 154.19
        },
        "20172": {
            "year_quarter": 20172,
            "year": 2017,
            "quarter": 2,
            "eps": 0.22,
            "eps_growth_year": -56.86,
            "eps_4q": -4.12,
            "eps_4q_growth_year": -384.58,
            "roe": 2.24,
            "roe_4q": -6.279999999999999,
            "gross_profit": 2504381,
            "gross_margin": 17.87,
            "gross_margin_4q_avg": 10.5,
            "net_income": 742732,
            "net_income_4q": null,
            "revenue": 14014891,
            "revenue_4q": null,
            "common_shares": 5800312,
            "book_valuer_per_share": 43.83,
            "book_valuer_per_share_4q_avg": 38.24,
            "equity": 39978694,
            "current_ratio": 136.85,
            "debt_ratio": 49.55,
            "inventory_turnover_ratio": 1.27,
            "account_receivable_turnover_ratio": 1.55,
            "reinvestment_rate": null,
            "research_to_sale_ratio": 2.64,
            "price_fair": 61.37,
            "eps_avg_yearly": 1.75,
            "eps_latest_yearly": 2.04,
            "eps_growth_yearly": 215.66
        },
        "20173": {
            "year_quarter": 20173,
            "year": 2017,
            "quarter": 3,
            "eps": 1.34,
            "eps_growth_year": null,
            "eps_4q": -0.48,
            "eps_4q_growth_year": null,
            "roe": 3.83,
            "roe_4q": 1.69,
            "gross_profit": 3312939,
            "gross_margin": 21.01,
            "gross_margin_4q_avg": 14.99,
            "net_income": 1564234,
            "net_income_4q": null,
            "revenue": 15771921,
            "revenue_4q": null,
            "common_shares": 5800312,
            "book_valuer_per_share": 45.18,
            "book_valuer_per_share_4q_avg": 40.09,
            "equity": 41782950,
            "current_ratio": 150.24,
            "debt_ratio": 50.21,
            "inventory_turnover_ratio": 1.35,
            "account_receivable_turnover_ratio": 1.72,
            "reinvestment_rate": 4245.7,
            "research_to_sale_ratio": 2.69,
            "price_fair": 90.3,
            "eps_avg_yearly": 2.58,
            "eps_latest_yearly": 5.36,
            "eps_growth_yearly": 586.64
        },
        "20174": {
            "year_quarter": 20174,
            "year": 2017,
            "quarter": 4,
            "eps": 0.92,
            "eps_growth_year": null,
            "eps_4q": 1.77,
            "eps_4q_growth_year": null,
            "roe": 3.5,
            "roe_4q": 8.51,
            "gross_profit": 3738912,
            "gross_margin": 23.36,
            "gross_margin_4q_avg": 18.96,
            "net_income": 1496599,
            "net_income_4q": null,
            "revenue": 16007336,
            "revenue_4q": null,
            "common_shares": 5920587,
            "book_valuer_per_share": 46.28,
            "book_valuer_per_share_4q_avg": 42.56,
            "equity": 43776911,
            "current_ratio": 145.22,
            "debt_ratio": 51,
            "inventory_turnover_ratio": 1.27,
            "account_receivable_turnover_ratio": 1.78,
            "reinvestment_rate": 1900.54,
            "research_to_sale_ratio": 3.13,
            "price_fair": 95.8,
            "eps_avg_yearly": 2.74,
            "eps_latest_yearly": 3.68,
            "eps_growth_yearly": 484.92
        },
        "20181": {
            "year_quarter": 20181,
            "year": 2018,
            "quarter": 1,
            "eps": 1.23,
            "eps_growth_year": null,
            "eps_4q": 3.67,
            "eps_4q_growth_year": null,
            "roe": 4.57,
            "roe_4q": 14.14,
            "gross_profit": 4641073,
            "gross_margin": 27.48,
            "gross_margin_4q_avg": 22.43,
            "net_income": 2055179,
            "net_income_4q": null,
            "revenue": 16891389,
            "revenue_4q": null,
            "common_shares": 5920587,
            "book_valuer_per_share": 47.67,
            "book_valuer_per_share_4q_avg": 45.74,
            "equity": 46091528,
            "current_ratio": 177.01,
            "debt_ratio": 52.18,
            "inventory_turnover_ratio": 1.26,
            "account_receivable_turnover_ratio": 1.88,
            "reinvestment_rate": 1368.44,
            "research_to_sale_ratio": 2.69,
            "price_fair": 105.35,
            "eps_avg_yearly": 3.01,
            "eps_latest_yearly": 4.92,
            "eps_growth_yearly": 441.15
        },
        "20182": {
            "year_quarter": 20182,
            "year": 2018,
            "quarter": 2,
            "eps": 1.7,
            "eps_growth_year": 672.73,
            "eps_4q": 5.14,
            "eps_4q_growth_year": null,
            "roe": 5.92,
            "roe_4q": 17.82,
            "gross_profit": 4860665,
            "gross_margin": 28.08,
            "gross_margin_4q_avg": 24.98,
            "net_income": 2705523,
            "net_income_4q": null,
            "revenue": 17308112,
            "revenue_4q": null,
            "common_shares": 5920587,
            "book_valuer_per_share": 46.58,
            "book_valuer_per_share_4q_avg": 46.43,
            "equity": 45241567,
            "current_ratio": 163.71,
            "debt_ratio": 53.84,
            "inventory_turnover_ratio": 1.35,
            "account_receivable_turnover_ratio": 1.81,
            "reinvestment_rate": 1045.96,
            "research_to_sale_ratio": 2.64,
            "price_fair": 122.15,
            "eps_avg_yearly": 3.49,
            "eps_latest_yearly": 6.8,
            "eps_growth_yearly": 467.24
        },
        "20183": {
            "year_quarter": 20183,
            "year": 2018,
            "quarter": 3,
            "eps": 1.42,
            "eps_growth_year": 5.97,
            "eps_4q": 5.23,
            "eps_4q_growth_year": null,
            "roe": 5.61,
            "roe_4q": 19.6,
            "gross_profit": 5205744,
            "gross_margin": 30.14,
            "gross_margin_4q_avg": 27.27,
            "net_income": 2593845,
            "net_income_4q": null,
            "revenue": 17274672,
            "revenue_4q": null,
            "common_shares": 5865037,
            "book_valuer_per_share": 47.39,
            "book_valuer_per_share_4q_avg": 46.98,
            "equity": 47261151,
            "current_ratio": 198.22,
            "debt_ratio": 54.73,
            "inventory_turnover_ratio": 1.38,
            "account_receivable_turnover_ratio": 1.73,
            "reinvestment_rate": 888.06,
            "research_to_sale_ratio": 2.7,
            "price_fair": 132.13,
            "eps_avg_yearly": 3.78,
            "eps_latest_yearly": 5.68,
            "eps_growth_yearly": 451.57
        },
        "20184": {
            "year_quarter": 20184,
            "year": 2018,
            "quarter": 4,
            "eps": -0.98,
            "eps_growth_year": -206.7,
            "eps_4q": 3.33,
            "eps_4q_growth_year": 88.43,
            "roe": 2.69,
            "roe_4q": 18.79,
            "gross_profit": 3934371,
            "gross_margin": 22.15,
            "gross_margin_4q_avg": 26.96,
            "net_income": 1280933,
            "net_income_4q": null,
            "revenue": 17764772,
            "revenue_4q": null,
            "common_shares": 5863207,
            "book_valuer_per_share": 45.85,
            "book_valuer_per_share_4q_avg": 46.87,
            "equity": 47913865,
            "current_ratio": 189.9,
            "debt_ratio": 53.92,
            "inventory_turnover_ratio": 1.71,
            "account_receivable_turnover_ratio": 1.79,
            "reinvestment_rate": 1033.83,
            "research_to_sale_ratio": 2.66,
            "price_fair": 132.13,
            "eps_avg_yearly": 3.78,
            "eps_latest_yearly": 5.68,
            "eps_growth_yearly": 451.57
        },
        "20191": {
            "year_quarter": 20191,
            "year": 2019,
            "quarter": 1,
            "eps": 3.15,
            "eps_growth_year": 156.1,
            "eps_4q": 5.25,
            "eps_4q_growth_year": 42.86,
            "roe": 7.46,
            "roe_4q": 21.68,
            "gross_profit": 6496525,
            "gross_margin": 37.11,
            "gross_margin_4q_avg": 29.37,
            "net_income": 3715928,
            "net_income_4q": null,
            "revenue": 17504776,
            "revenue_4q": null,
            "common_shares": 5862877,
            "book_valuer_per_share": 49.21,
            "book_valuer_per_share_4q_avg": 47.26,
            "equity": 51737818,
            "current_ratio": 205.82,
            "debt_ratio": 52.62,
            "inventory_turnover_ratio": 1.41,
            "account_receivable_turnover_ratio": 1.74,
            "reinvestment_rate": 561.94,
            "research_to_sale_ratio": 2.57,
            "price_fair": 132.13,
            "eps_avg_yearly": 3.78,
            "eps_latest_yearly": 5.68,
            "eps_growth_yearly": 451.57
        },
        "20192": {
            "year_quarter": 20192,
            "year": 2019,
            "quarter": 2,
            "eps": -3.92,
            "eps_growth_year": -330.59,
            "eps_4q": -0.33,
            "eps_4q_growth_year": -106.45,
            "roe": -1.14,
            "roe_4q": 14.620000000000001,
            "gross_profit": 1880503,
            "gross_margin": 11.29,
            "gross_margin_4q_avg": 25.17,
            "net_income": -551884,
            "net_income_4q": null,
            "revenue": 16656149,
            "revenue_4q": null,
            "common_shares": 5862877,
            "book_valuer_per_share": 42.85,
            "book_valuer_per_share_4q_avg": 46.33,
            "equity": 44751733,
            "current_ratio": 187.88,
            "debt_ratio": 58.95,
            "inventory_turnover_ratio": 1.82,
            "account_receivable_turnover_ratio": 1.67,
            "reinvestment_rate": 1658.12,
            "research_to_sale_ratio": 2.67,
            "price_fair": 132.13,
            "eps_avg_yearly": 3.78,
            "eps_latest_yearly": 5.68,
            "eps_growth_yearly": 451.57
        },
        "20193": {
            "year_quarter": 20193,
            "year": 2019,
            "quarter": 3,
            "eps": 2.76,
            "eps_growth_year": 94.37,
            "eps_4q": 1,
            "eps_4q_growth_year": -80.88,
            "roe": 7,
            "roe_4q": 16.01,
            "gross_profit": 5546399,
            "gross_margin": 34.44,
            "gross_margin_4q_avg": 26.25,
            "net_income": 3230431,
            "net_income_4q": null,
            "revenue": 16106704,
            "revenue_4q": null,
            "common_shares": 5862367,
            "book_valuer_per_share": 45.21,
            "book_valuer_per_share_4q_avg": 45.78,
            "equity": 47491553,
            "current_ratio": 186.72,
            "debt_ratio": 56.88,
            "inventory_turnover_ratio": 1.29,
            "account_receivable_turnover_ratio": 1.64,
            "reinvestment_rate": 803.3,
            "research_to_sale_ratio": 3.01,
            "price_fair": 132.13,
            "eps_avg_yearly": 3.78,
            "eps_latest_yearly": 5.68,
            "eps_growth_yearly": 451.57
        },
        "20194": {
            "year_quarter": 20194,
            "year": 2019,
            "quarter": 4,
            "eps": 1.85,
            "eps_growth_year": null,
            "eps_4q": 3.84,
            "eps_4q_growth_year": 15.29,
            "roe": 5.2,
            "roe_4q": 18.52,
            "gross_profit": 5344112,
            "gross_margin": 35.06,
            "gross_margin_4q_avg": 29.48,
            "net_income": 2500870,
            "net_income_4q": null,
            "revenue": 15242596,
            "revenue_4q": null,
            "common_shares": 5862367,
            "book_valuer_per_share": 45.5,
            "book_valuer_per_share_4q_avg": 45.69,
            "equity": 48616041,
            "current_ratio": 182.91,
            "debt_ratio": 55.55,
            "inventory_turnover_ratio": 1.29,
            "account_receivable_turnover_ratio": 1.65,
            "reinvestment_rate": 558.88,
            "research_to_sale_ratio": 3.05,
            "price_fair": 163.28,
            "eps_avg_yearly": 4.67,
            "eps_latest_yearly": 7.4,
            "eps_growth_yearly": 478.08
        },
        "20201": {
            "year_quarter": 20201,
            "year": 2020,
            "quarter": 1,
            "eps": 2.37,
            "eps_growth_year": -24.76,
            "eps_4q": 3.06,
            "eps_4q_growth_year": -41.65,
            "roe": 6.12,
            "roe_4q": 17.18,
            "gross_profit": 5049695,
            "gross_margin": 33.05,
            "gross_margin_4q_avg": 28.46,
            "net_income": 2787167,
            "net_income_4q": null,
            "revenue": 15277626,
            "revenue_4q": null,
            "common_shares": 5862217,
            "book_valuer_per_share": 41.96,
            "book_valuer_per_share_4q_avg": 43.88,
            "equity": 42413840,
            "current_ratio": 132.82,
            "debt_ratio": 61.17,
            "inventory_turnover_ratio": 1.4,
            "account_receivable_turnover_ratio": 1.73,
            "reinvestment_rate": 427.45,
            "research_to_sale_ratio": 2.68,
            "price_fair": 198.45,
            "eps_avg_yearly": 5.67,
            "eps_latest_yearly": 9.48,
            "eps_growth_yearly": 284.99
        },
        "20202": {
            "year_quarter": 20202,
            "year": 2020,
            "quarter": 2,
            "eps": 2.59,
            "eps_growth_year": null,
            "eps_4q": 9.54,
            "eps_4q_growth_year": null,
            "roe": 7.23,
            "roe_4q": 25.55,
            "gross_profit": 5295090,
            "gross_margin": 35.21,
            "gross_margin_4q_avg": 34.44,
            "net_income": 3171933,
            "net_income_4q": null,
            "revenue": 15037720,
            "revenue_4q": null,
            "common_shares": 5862217,
            "book_valuer_per_share": 44.37,
            "book_valuer_per_share_4q_avg": 44.26,
            "equity": 45349140,
            "current_ratio": 164.93,
            "debt_ratio": 57.63,
            "inventory_turnover_ratio": 1.31,
            "account_receivable_turnover_ratio": 1.68,
            "reinvestment_rate": 355.69,
            "research_to_sale_ratio": 2.55,
            "price_fair": 234.85,
            "eps_avg_yearly": 6.71,
            "eps_latest_yearly": 10.36,
            "eps_growth_yearly": 268.8
        },
        "20203": {
            "year_quarter": 20203,
            "year": 2020,
            "quarter": 3,
            "eps": 2.86,
            "eps_growth_year": 3.62,
            "eps_4q": 9.65,
            "eps_4q_growth_year": 864.47,
            "roe": 7.07,
            "roe_4q": 25.62,
            "gross_profit": 5368570,
            "gross_margin": 34.91,
            "gross_margin_4q_avg": 34.56,
            "net_income": 3322767,
            "net_income_4q": null,
            "revenue": 15379346,
            "revenue_4q": null,
            "common_shares": 5862217,
            "book_valuer_per_share": 47.23,
            "book_valuer_per_share_4q_avg": 44.77,
            "equity": 48673553,
            "current_ratio": 160.51,
            "debt_ratio": 55.54,
            "inventory_turnover_ratio": 1.26,
            "account_receivable_turnover_ratio": 1.76,
            "reinvestment_rate": 272.2,
            "research_to_sale_ratio": 2.95,
            "price_fair": 253.24,
            "eps_avg_yearly": 7.24,
            "eps_latest_yearly": 11.44,
            "eps_growth_yearly": 243.57
        },
        "20204": {
            "year_quarter": 20204,
            "year": 2020,
            "quarter": 4,
            "eps": 2.99,
            "eps_growth_year": 61.7,
            "eps_4q": 10.79,
            "eps_4q_growth_year": 181.37,
            "roe": 6.97,
            "roe_4q": 27.39,
            "gross_profit": 5400244,
            "gross_margin": 34.39,
            "gross_margin_4q_avg": 34.39,
            "net_income": 3429195,
            "net_income_4q": null,
            "revenue": 15702607,
            "revenue_4q": null,
            "common_shares": 5862217,
            "book_valuer_per_share": 48.04,
            "book_valuer_per_share_4q_avg": 45.4,
            "equity": 49669482,
            "current_ratio": 161.84,
            "debt_ratio": 54.83,
            "inventory_turnover_ratio": 1.28,
            "account_receivable_turnover_ratio": 1.83,
            "reinvestment_rate": 45.86,
            "research_to_sale_ratio": 3.16,
            "price_fair": 269.78,
            "eps_avg_yearly": 7.71,
            "eps_latest_yearly": 11.96,
            "eps_growth_yearly": 221.03
        },
        "20211": {
            "year_quarter": 20211,
            "year": 2021,
            "quarter": 1,
            "eps": 2.49,
            "eps_growth_year": 5.06,
            "eps_4q": 10.92,
            "eps_4q_growth_year": 256.85,
            "roe": 5.54,
            "roe_4q": 26.81,
            "gross_profit": 5404637,
            "gross_margin": 33.67,
            "gross_margin_4q_avg": 34.55,
            "net_income": 2768959,
            "net_income_4q": null,
            "revenue": 16052078,
            "revenue_4q": null,
            "common_shares": 5862217,
            "book_valuer_per_share": 48.53,
            "book_valuer_per_share_4q_avg": 47.04,
            "equity": 50235728,
            "current_ratio": 105.67,
            "debt_ratio": 54.99,
            "inventory_turnover_ratio": 1.36,
            "account_receivable_turnover_ratio": 1.76,
            "reinvestment_rate": 174.95,
            "research_to_sale_ratio": 3.24,
            "price_fair": 276.95,
            "eps_avg_yearly": 7.91,
            "eps_latest_yearly": 9.96,
            "eps_growth_yearly": 194.86
        },
        "20212": {
            "year_quarter": 20212,
            "year": 2021,
            "quarter": 2,
            "eps": 3.61,
            "eps_growth_year": 39.38,
            "eps_4q": 11.95,
            "eps_4q_growth_year": 25.26,
            "roe": 8.08,
            "roe_4q": 27.66,
            "gross_profit": 5848709,
            "gross_margin": 34.04,
            "gross_margin_4q_avg": 34.25,
            "net_income": 4051844,
            "net_income_4q": null,
            "revenue": 17183148,
            "revenue_4q": null,
            "common_shares": 5862217,
            "book_valuer_per_share": 47.6,
            "book_valuer_per_share_4q_avg": 47.85,
            "equity": 50063530,
            "current_ratio": 194.94,
            "debt_ratio": 66.04,
            "inventory_turnover_ratio": 1.44,
            "account_receivable_turnover_ratio": 1.74,
            "reinvestment_rate": 155.64,
            "research_to_sale_ratio": 2.89,
            "price_fair": 295.98,
            "eps_avg_yearly": 8.46,
            "eps_latest_yearly": 14.44,
            "eps_growth_yearly": 193.61
        },
        "20213": {
            "year_quarter": 20213,
            "year": 2021,
            "quarter": 3,
            "eps": 3.12,
            "eps_growth_year": 9.09,
            "eps_4q": 12.22,
            "eps_4q_growth_year": 26.59,
            "roe": 6.48,
            "roe_4q": 27.07,
            "gross_profit": 6402667,
            "gross_margin": 36.54,
            "gross_margin_4q_avg": 34.66,
            "net_income": 3352489,
            "net_income_4q": null,
            "revenue": 17521713,
            "revenue_4q": null,
            "common_shares": 5862217,
            "book_valuer_per_share": 49.42,
            "book_valuer_per_share_4q_avg": 48.4,
            "equity": 53474907,
            "current_ratio": 294.84,
            "debt_ratio": 65.72,
            "inventory_turnover_ratio": 1.39,
            "account_receivable_turnover_ratio": 1.76,
            "reinvestment_rate": 138.99,
            "research_to_sale_ratio": 3.23,
            "price_fair": 265.97,
            "eps_avg_yearly": 9.05,
            "eps_latest_yearly": 12.48,
            "eps_growth_yearly": 19.39
        },
        "20214": {
            "year_quarter": 20214,
            "year": 2021,
            "quarter": 4,
            "eps": 2.39,
            "eps_growth_year": -19.99,
            "eps_4q": 11.62,
            "eps_4q_growth_year": 7.66,
            "roe": 4.62,
            "roe_4q": 24.72,
            "gross_profit": 6870631,
            "gross_margin": 37.99,
            "gross_margin_4q_avg": 35.56,
            "net_income": 2442098,
            "net_income_4q": null,
            "revenue": 18084311,
            "revenue_4q": null,
            "common_shares": 5862217,
            "book_valuer_per_share": 48.68,
            "book_valuer_per_share_4q_avg": 48.56,
            "equity": 52162938,
            "current_ratio": 258.98,
            "debt_ratio": 68.81,
            "inventory_turnover_ratio": 1.34,
            "account_receivable_turnover_ratio": 1.82,
            "reinvestment_rate": 142.64,
            "research_to_sale_ratio": 3.22,
            "price_fair": 305.64,
            "eps_avg_yearly": 9.54,
            "eps_latest_yearly": 9.56,
            "eps_growth_yearly": 22.04
        },
        "20221": {
            "year_quarter": 20221,
            "year": 2022,
            "quarter": 1,
            "eps": 2.16,
            "eps_growth_year": -13.25,
            "eps_4q": 11.28,
            "eps_4q_growth_year": 3.31,
            "roe": 4.05,
            "roe_4q": 23.23,
            "gross_profit": 7462178,
            "gross_margin": 39.76,
            "gross_margin_4q_avg": 37.08,
            "net_income": 2148747,
            "net_income_4q": null,
            "revenue": 18769419,
            "revenue_4q": null,
            "common_shares": 5862217,
            "book_valuer_per_share": 50.22,
            "book_valuer_per_share_4q_avg": 48.98,
            "equity": 53899910,
            "current_ratio": 300.36,
            "debt_ratio": 67.76,
            "inventory_turnover_ratio": 1.27,
            "account_receivable_turnover_ratio": 1.82,
            "reinvestment_rate": 119.82,
            "research_to_sale_ratio": 2.72,
            "price_fair": 173.34,
            "eps_avg_yearly": 9.85,
            "eps_latest_yearly": 8.64,
            "eps_growth_yearly": 7.6
        },
        "20222": {
            "year_quarter": 20222,
            "year": 2022,
            "quarter": 2,
            "eps": 3.11,
            "eps_growth_year": -13.85,
            "eps_4q": 10.78,
            "eps_4q_growth_year": -9.82,
            "roe": 5.67,
            "roe_4q": 20.82,
            "gross_profit": 8264745,
            "gross_margin": 40.77,
            "gross_margin_4q_avg": 38.77,
            "net_income": 3202011,
            "net_income_4q": null,
            "revenue": 20270574,
            "revenue_4q": null,
            "common_shares": 5862217,
            "book_valuer_per_share": 46.36,
            "book_valuer_per_share_4q_avg": 48.67,
            "equity": 59014923,
            "current_ratio": 271.74,
            "debt_ratio": 67.7,
            "inventory_turnover_ratio": 1.27,
            "account_receivable_turnover_ratio": 1.75,
            "reinvestment_rate": 91.91,
            "research_to_sale_ratio": 2.52,
            "price_fair": 201.46,
            "eps_avg_yearly": 10.32,
            "eps_latest_yearly": 12.44,
            "eps_growth_yearly": 9.52
        },
        "20223": {
            "year_quarter": 20223,
            "year": 2022,
            "quarter": 3,
            "eps": 5.28,
            "eps_growth_year": 69.23,
            "eps_4q": 12.94,
            "eps_4q_growth_year": 5.9,
            "roe": 9.01,
            "roe_4q": 23.35,
            "gross_profit": 8534274,
            "gross_margin": 39.46,
            "gross_margin_4q_avg": 39.5,
            "net_income": 5584795,
            "net_income_4q": null,
            "revenue": 21626382,
            "revenue_4q": null,
            "common_shares": 5862217,
            "book_valuer_per_share": 52.18,
            "book_valuer_per_share_4q_avg": 49.36,
            "equity": 64917378,
            "current_ratio": 306.71,
            "debt_ratio": 65.01,
            "inventory_turnover_ratio": 1.32,
            "account_receivable_turnover_ratio": 1.78,
            "reinvestment_rate": 79.55,
            "research_to_sale_ratio": 3.15,
            "price_fair": 406.23,
            "eps_avg_yearly": 11.61,
            "eps_latest_yearly": 21.12,
            "eps_growth_yearly": 38.27
        },
        "20224": {
            "year_quarter": 20224,
            "year": 2022,
            "quarter": 4,
            "eps": 4.32,
            "eps_growth_year": 80.66,
            "eps_4q": 14.87,
            "eps_4q_growth_year": 27.97,
            "roe": 7.85,
            "roe_4q": 26.580000000000002,
            "gross_profit": 7668065,
            "gross_margin": 36.16,
            "gross_margin_4q_avg": 39.04,
            "net_income": 5224944,
            "net_income_4q": null,
            "revenue": 21205121,
            "revenue_4q": null,
            "common_shares": 5862217,
            "book_valuer_per_share": 54.37,
            "book_valuer_per_share_4q_avg": 50.78,
            "equity": 68131544,
            "current_ratio": 266.16,
            "debt_ratio": 65.35,
            "inventory_turnover_ratio": 1.3,
            "account_receivable_turnover_ratio": 1.83,
            "reinvestment_rate": 100.51,
            "research_to_sale_ratio": 3.04,
            "price_fair": 421.51,
            "eps_avg_yearly": 12.04,
            "eps_latest_yearly": 17.28,
            "eps_growth_yearly": 29.73
        },
        "20231": {
            "year_quarter": 20231,
            "year": 2023,
            "quarter": 1,
            "eps": 4.21,
            "eps_growth_year": 94.91,
            "eps_4q": 16.92,
            "eps_4q_growth_year": 49.96,
            "roe": 6.74,
            "roe_4q": 29.270000000000003,
            "gross_profit": 7592429,
            "gross_margin": 36.32,
            "gross_margin_4q_avg": 38.18,
            "net_income": 4714481,
            "net_income_4q": null,
            "revenue": 20903549,
            "revenue_4q": null,
            "common_shares": 5862217,
            "book_valuer_per_share": 57.72,
            "book_valuer_per_share_4q_avg": 52.66,
            "equity": 71780805,
            "current_ratio": 266.29,
            "debt_ratio": 64.58,
            "inventory_turnover_ratio": 1.22,
            "account_receivable_turnover_ratio": 1.85,
            "reinvestment_rate": 114.34,
            "research_to_sale_ratio": 2.95,
            "price_fair": 433.5,
            "eps_avg_yearly": 12.39,
            "eps_latest_yearly": 16.84,
            "eps_growth_yearly": 26.88
        },
        "20232": {
            "year_quarter": 20232,
            "year": 2023,
            "quarter": 2,
            "eps": 4.15,
            "eps_growth_year": 33.44,
            "eps_4q": 17.96,
            "eps_4q_growth_year": 66.7,
            "roe": 6.6,
            "roe_4q": 30.199999999999996,
            "gross_profit": 6972140,
            "gross_margin": 34.31,
            "gross_margin_4q_avg": 36.56,
            "net_income": 4727876,
            "net_income_4q": null,
            "revenue": 20318305,
            "revenue_4q": null,
            "common_shares": 5862217,
            "book_valuer_per_share": 56.58,
            "book_valuer_per_share_4q_avg": 55.21,
            "equity": 71431589,
            "current_ratio": 165.88,
            "debt_ratio": 64.24,
            "inventory_turnover_ratio": 1.22,
            "account_receivable_turnover_ratio": 1.78,
            "reinvestment_rate": 116.39,
            "research_to_sale_ratio": 3.41,
            "price_fair": 439.64,
            "eps_avg_yearly": 12.67,
            "eps_latest_yearly": 16.6,
            "eps_growth_yearly": 24.71
        },
        "20233": {
            "year_quarter": 20233,
            "year": 2023,
            "quarter": 3,
            "eps": 4.6,
            "eps_growth_year": -12.88,
            "eps_4q": 17.28,
            "eps_4q_growth_year": 33.58,
            "roe": 7.3,
            "roe_4q": 28.490000000000002,
            "gross_profit": 6558441,
            "gross_margin": 33.46,
            "gross_margin_4q_avg": 35.06,
            "net_income": 5453863,
            "net_income_4q": null,
            "revenue": 19601385,
            "revenue_4q": null,
            "common_shares": 5862217,
            "book_valuer_per_share": 61.63,
            "book_valuer_per_share_4q_avg": 57.58,
            "equity": 77936246,
            "current_ratio": 137.68,
            "debt_ratio": 62.66,
            "inventory_turnover_ratio": 1.2,
            "account_receivable_turnover_ratio": 1.74,
            "reinvestment_rate": 153.07,
            "research_to_sale_ratio": 3.69,
            "price_fair": 455.88,
            "eps_avg_yearly": 13.03,
            "eps_latest_yearly": 18.4,
            "eps_growth_yearly": 25.87
        }
    },
    "months": {
        "2001-06": {
            "month": "2001-06",
            "price": "14.77",
            "revenue": 83455
        },
        "2001-07": {
            "month": "2001-07",
            "price": "11.16",
            "revenue": 90580
        },
        "2001-08": {
            "month": "2001-08",
            "price": "8.67",
            "revenue": 86063
        },
        "2001-09": {
            "month": "2001-09",
            "price": "6.26",
            "revenue": 93081
        },
        "2001-10": {
            "month": "2001-10",
            "price": "5.33",
            "revenue": 90097
        },
        "2001-11": {
            "month": "2001-11",
            "price": "6.89",
            "revenue": 90281
        },
        "2001-12": {
            "month": "2001-12",
            "price": "10.35",
            "revenue": 77062
        },
        "2002-01": {
            "month": "2002-01",
            "price": "13.79",
            "revenue": 86138
        },
        "2002-02": {
            "month": "2002-02",
            "price": "13.32",
            "revenue": 75802
        },
        "2002-03": {
            "month": "2002-03",
            "price": "14.36",
            "revenue": 87975
        },
        "2002-04": {
            "month": "2002-04",
            "price": "17.78",
            "revenue": 105921
        },
        "2002-05": {
            "month": "2002-05",
            "price": "20.67",
            "revenue": 108295
        },
        "2002-06": {
            "month": "2002-06",
            "price": "17.82",
            "revenue": 100617
        },
        "2002-07": {
            "month": "2002-07",
            "price": "15.67",
            "revenue": 90438
        },
        "2002-08": {
            "month": "2002-08",
            "price": "13.42",
            "revenue": 102194
        },
        "2002-09": {
            "month": "2002-09",
            "price": "11.28",
            "revenue": 99894
        },
        "2002-10": {
            "month": "2002-10",
            "price": "10.25",
            "revenue": 81234
        },
        "2002-11": {
            "month": "2002-11",
            "price": "10.54",
            "revenue": 88474
        },
        "2002-12": {
            "month": "2002-12",
            "price": "11.00",
            "revenue": 97863
        },
        "2003-01": {
            "month": "2003-01",
            "price": "10.45",
            "revenue": 96323
        },
        "2003-02": {
            "month": "2003-02",
            "price": "10.10",
            "revenue": 107770
        },
        "2003-03": {
            "month": "2003-03",
            "price": "11.39",
            "revenue": 119216
        },
        "2003-04": {
            "month": "2003-04",
            "price": "12.02",
            "revenue": 123771
        },
        "2003-05": {
            "month": "2003-05",
            "price": "12.71",
            "revenue": 106317
        },
        "2003-06": {
            "month": "2003-06",
            "price": "15.05",
            "revenue": 131815
        },
        "2003-07": {
            "month": "2003-07",
            "price": "16.00",
            "revenue": 124691
        },
        "2003-08": {
            "month": "2003-08",
            "price": "14.94",
            "revenue": 115943
        },
        "2003-09": {
            "month": "2003-09",
            "price": "12.89",
            "revenue": 124748
        },
        "2003-10": {
            "month": "2003-10",
            "price": "12.72",
            "revenue": 107211
        },
        "2003-11": {
            "month": "2003-11",
            "price": "13.52",
            "revenue": 111753
        },
        "2003-12": {
            "month": "2003-12",
            "price": "13.88",
            "revenue": 133105
        },
        "2004-01": {
            "month": "2004-01",
            "price": "15.08",
            "revenue": 115138
        },
        "2004-02": {
            "month": "2004-02",
            "price": "18.71",
            "revenue": 117376
        },
        "2004-03": {
            "month": "2004-03",
            "price": "24.11",
            "revenue": 135692
        },
        "2004-04": {
            "month": "2004-04",
            "price": "25.89",
            "revenue": 140851
        },
        "2004-05": {
            "month": "2004-05",
            "price": "21.37",
            "revenue": 145105
        },
        "2004-06": {
            "month": "2004-06",
            "price": "21.46",
            "revenue": 151272
        },
        "2004-07": {
            "month": "2004-07",
            "price": "18.90",
            "revenue": 156209
        },
        "2004-08": {
            "month": "2004-08",
            "price": "16.37",
            "revenue": 161227
        },
        "2004-09": {
            "month": "2004-09",
            "price": "17.81",
            "revenue": 165107
        },
        "2004-10": {
            "month": "2004-10",
            "price": "21.52",
            "revenue": 151729
        },
        "2004-11": {
            "month": "2004-11",
            "price": "20.85",
            "revenue": 121161
        },
        "2004-12": {
            "month": "2004-12",
            "price": "20.97",
            "revenue": 101232
        },
        "2005-01": {
            "month": "2005-01",
            "price": "21.78",
            "revenue": 119815
        },
        "2005-02": {
            "month": "2005-02",
            "price": "25.15",
            "revenue": 101175
        },
        "2005-03": {
            "month": "2005-03",
            "price": "26.97",
            "revenue": 140235
        },
        "2005-04": {
            "month": "2005-04",
            "price": "31.89",
            "revenue": 142437
        },
        "2005-05": {
            "month": "2005-05",
            "price": "34.20",
            "revenue": 157722
        },
        "2005-06": {
            "month": "2005-06",
            "price": "37.12",
            "revenue": 145840
        },
        "2005-07": {
            "month": "2005-07",
            "price": "54.10",
            "revenue": 150304
        },
        "2005-08": {
            "month": "2005-08",
            "price": "73.20",
            "revenue": 165957
        },
        "2005-09": {
            "month": "2005-09",
            "price": "60.16",
            "revenue": 175587
        },
        "2005-10": {
            "month": "2005-10",
            "price": "50.16",
            "revenue": 202507
        },
        "2005-11": {
            "month": "2005-11",
            "price": "48.74",
            "revenue": 228040
        },
        "2005-12": {
            "month": "2005-12",
            "price": "63.59",
            "revenue": 257433
        },
        "2006-01": {
            "month": "2006-01",
            "price": "73.97",
            "revenue": 263655
        },
        "2006-02": {
            "month": "2006-02",
            "price": "73.51",
            "revenue": 270439
        },
        "2006-03": {
            "month": "2006-03",
            "price": "78.09",
            "revenue": 301017
        },
        "2006-04": {
            "month": "2006-04",
            "price": "93.18",
            "revenue": 321079
        },
        "2006-05": {
            "month": "2006-05",
            "price": "83.37",
            "revenue": 334355
        },
        "2006-06": {
            "month": "2006-06",
            "price": "69.82",
            "revenue": 351923
        },
        "2006-07": {
            "month": "2006-07",
            "price": "75.56",
            "revenue": 374542
        },
        "2006-08": {
            "month": "2006-08",
            "price": "88.27",
            "revenue": 387459
        },
        "2006-09": {
            "month": "2006-09",
            "price": "80.74",
            "revenue": 408291
        },
        "2006-10": {
            "month": "2006-10",
            "price": "82.92",
            "revenue": 415967
        },
        "2006-11": {
            "month": "2006-11",
            "price": "86.54",
            "revenue": 426955
        },
        "2006-12": {
            "month": "2006-12",
            "price": "85.66",
            "revenue": 438077
        },
        "2007-01": {
            "month": "2007-01",
            "price": "93.05",
            "revenue": 449443
        },
        "2007-02": {
            "month": "2007-02",
            "price": "112.84",
            "revenue": 451973
        },
        "2007-03": {
            "month": "2007-03",
            "price": "143.30",
            "revenue": 477361
        },
        "2007-04": {
            "month": "2007-04",
            "price": "162.02",
            "revenue": 493844
        },
        "2007-05": {
            "month": "2007-05",
            "price": "165.84",
            "revenue": 505314
        },
        "2007-06": {
            "month": "2007-06",
            "price": "196.58",
            "revenue": 524964
        },
        "2007-07": {
            "month": "2007-07",
            "price": "270.95",
            "revenue": 560668
        },
        "2007-08": {
            "month": "2007-08",
            "price": "282.46",
            "revenue": 601909
        },
        "2007-09": {
            "month": "2007-09",
            "price": "294.89",
            "revenue": 636200
        },
        "2007-10": {
            "month": "2007-10",
            "price": "320.23",
            "revenue": 653765
        },
        "2007-11": {
            "month": "2007-11",
            "price": "239.89",
            "revenue": 672158
        },
        "2007-12": {
            "month": "2007-12",
            "price": "237.31",
            "revenue": 695794
        },
        "2008-01": {
            "month": "2008-01",
            "price": "211.52",
            "revenue": 758313
        },
        "2008-02": {
            "month": "2008-02",
            "price": "183.32",
            "revenue": 761456
        },
        "2008-03": {
            "month": "2008-03",
            "price": "203.98",
            "revenue": 770270
        },
        "2008-04": {
            "month": "2008-04",
            "price": "211.81",
            "revenue": 886056
        },
        "2008-05": {
            "month": "2008-05",
            "price": "210.07",
            "revenue": 905307
        },
        "2008-06": {
            "month": "2008-06",
            "price": "167.83",
            "revenue": 928367
        },
        "2008-07": {
            "month": "2008-07",
            "price": "145.07",
            "revenue": 957647
        },
        "2008-08": {
            "month": "2008-08",
            "price": "137.83",
            "revenue": 962966
        },
        "2008-09": {
            "month": "2008-09",
            "price": "115.35",
            "revenue": 980496
        },
        "2008-10": {
            "month": "2008-10",
            "price": "88.40",
            "revenue": 1028572
        },
        "2008-11": {
            "month": "2008-11",
            "price": "59.56",
            "revenue": 950855
        },
        "2008-12": {
            "month": "2008-12",
            "price": "58.84",
            "revenue": 951818
        },
        "2009-01": {
            "month": "2009-01",
            "price": "68.39",
            "revenue": 828396
        },
        "2009-02": {
            "month": "2009-02",
            "price": "68.15",
            "revenue": 757923
        },
        "2009-03": {
            "month": "2009-03",
            "price": "67.47",
            "revenue": 885467
        },
        "2009-04": {
            "month": "2009-04",
            "price": "80.66",
            "revenue": 894275
        },
        "2009-05": {
            "month": "2009-05",
            "price": "85.09",
            "revenue": 854132
        },
        "2009-06": {
            "month": "2009-06",
            "price": "86.95",
            "revenue": 957496
        },
        "2009-07": {
            "month": "2009-07",
            "price": "82.83",
            "revenue": 993736
        },
        "2009-08": {
            "month": "2009-08",
            "price": "74.10",
            "revenue": 1016775
        },
        "2009-09": {
            "month": "2009-09",
            "price": "73.50",
            "revenue": 1038922
        },
        "2009-10": {
            "month": "2009-10",
            "price": "77.10",
            "revenue": 1067158
        },
        "2009-11": {
            "month": "2009-11",
            "price": "76.99",
            "revenue": 1188940
        },
        "2009-12": {
            "month": "2009-12",
            "price": "85.55",
            "revenue": 1348670
        },
        "2010-01": {
            "month": "2010-01",
            "price": "81.83",
            "revenue": 1345176
        },
        "2010-02": {
            "month": "2010-02",
            "price": "72.84",
            "revenue": 1386623
        },
        "2010-03": {
            "month": "2010-03",
            "price": "77.38",
            "revenue": 1607142
        },
        "2010-04": {
            "month": "2010-04",
            "price": "80.79",
            "revenue": 1655698
        },
        "2010-05": {
            "month": "2010-05",
            "price": "69.66",
            "revenue": 1693415
        },
        "2010-06": {
            "month": "2010-06",
            "price": "68.10",
            "revenue": 1834113
        },
        "2010-07": {
            "month": "2010-07",
            "price": "80.05",
            "revenue": 2002658
        },
        "2010-08": {
            "month": "2010-08",
            "price": "96.65",
            "revenue": 2083413
        },
        "2010-09": {
            "month": "2010-09",
            "price": "102.88",
            "revenue": 2158290
        },
        "2010-10": {
            "month": "2010-10",
            "price": "91.75",
            "revenue": 2171045
        },
        "2010-11": {
            "month": "2010-11",
            "price": "97.21",
            "revenue": 2210846
        },
        "2010-12": {
            "month": "2010-12",
            "price": "96.75",
            "revenue": 2299127
        },
        "2011-01": {
            "month": "2011-01",
            "price": "105.20",
            "revenue": 2191461
        },
        "2011-02": {
            "month": "2011-02",
            "price": "128.89",
            "revenue": 2028872
        },
        "2011-03": {
            "month": "2011-03",
            "price": "128.70",
            "revenue": 2259554
        },
        "2011-04": {
            "month": "2011-04",
            "price": "119.32",
            "revenue": 2036372
        },
        "2011-05": {
            "month": "2011-05",
            "price": "92.00",
            "revenue": 1430544
        },
        "2011-06": {
            "month": "2011-06",
            "price": "88.63",
            "revenue": 1269442
        },
        "2011-07": {
            "month": "2011-07",
            "price": "88.77",
            "revenue": 1420924
        },
        "2011-08": {
            "month": "2011-08",
            "price": "67.55",
            "revenue": 1401314
        },
        "2011-09": {
            "month": "2011-09",
            "price": "58.00",
            "revenue": 1218574
        },
        "2011-10": {
            "month": "2011-10",
            "price": "52.08",
            "revenue": 880746
        },
        "2011-11": {
            "month": "2011-11",
            "price": "44.51",
            "revenue": 689221
        },
        "2011-12": {
            "month": "2011-12",
            "price": "42.34",
            "revenue": 730965
        },
        "2012-01": {
            "month": "2012-01",
            "price": "51.04",
            "revenue": 593809
        },
        "2012-02": {
            "month": "2012-02",
            "price": "63.56",
            "revenue": 690806
        },
        "2012-03": {
            "month": "2012-03",
            "price": "57.03",
            "revenue": 815585
        },
        "2012-04": {
            "month": "2012-04",
            "price": "52.39",
            "revenue": 1735004
        },
        "2012-05": {
            "month": "2012-05",
            "price": "51.90",
            "revenue": 2110090
        },
        "2012-06": {
            "month": "2012-06",
            "price": "48.24",
            "revenue": 2256720
        },
        "2012-07": {
            "month": "2012-07",
            "price": "40.96",
            "revenue": 1837127
        },
        "2012-08": {
            "month": "2012-08",
            "price": "35.54",
            "revenue": 1934192
        },
        "2012-09": {
            "month": "2012-09",
            "price": "38.82",
            "revenue": 1939086
        },
        "2012-10": {
            "month": "2012-10",
            "price": "35.09",
            "revenue": 1621395
        },
        "2012-11": {
            "month": "2012-11",
            "price": "31.26",
            "revenue": 1738426
        },
        "2012-12": {
            "month": "2012-12",
            "price": "34.14",
            "revenue": 1799867
        },
        "2013-01": {
            "month": "2013-01",
            "price": "39.76",
            "revenue": 1623801
        },
        "2013-02": {
            "month": "2013-02",
            "price": "40.13",
            "revenue": 1547430
        },
        "2013-03": {
            "month": "2013-03",
            "price": "40.99",
            "revenue": 1740363
        },
        "2013-04": {
            "month": "2013-04",
            "price": "38.89",
            "revenue": 1706757
        },
        "2013-05": {
            "month": "2013-05",
            "price": "42.33",
            "revenue": 1761163
        },
        "2013-06": {
            "month": "2013-06",
            "price": "39.41",
            "revenue": 1876193
        },
        "2013-07": {
            "month": "2013-07",
            "price": "37.52",
            "revenue": 1883036
        },
        "2013-08": {
            "month": "2013-08",
            "price": "34.92",
            "revenue": 2308822
        },
        "2013-09": {
            "month": "2013-09",
            "price": "38.40",
            "revenue": 1898791
        },
        "2013-10": {
            "month": "2013-10",
            "price": "40.52",
            "revenue": 1890362
        },
        "2013-11": {
            "month": "2013-11",
            "price": "42.63",
            "revenue": 1930449
        },
        "2013-12": {
            "month": "2013-12",
            "price": "46.11",
            "revenue": 2045665
        },
        "2014-01": {
            "month": "2014-01",
            "price": "58.01",
            "revenue": 1834659
        },
        "2014-02": {
            "month": "2014-02",
            "price": "54.95",
            "revenue": 2180518
        },
        "2014-03": {
            "month": "2014-03",
            "price": "56.51",
            "revenue": 2332008
        },
        "2014-04": {
            "month": "2014-04",
            "price": "51.59",
            "revenue": 2375254
        },
        "2014-05": {
            "month": "2014-05",
            "price": "53.51",
            "revenue": 2381100
        },
        "2014-06": {
            "month": "2014-06",
            "price": "57.42",
            "revenue": 2479308
        },
        "2014-07": {
            "month": "2014-07",
            "price": "54.05",
            "revenue": 2253750
        },
        "2014-08": {
            "month": "2014-08",
            "price": "48.42",
            "revenue": 2220956
        },
        "2014-09": {
            "month": "2014-09",
            "price": "45.90",
            "revenue": 2504726
        },
        "2014-10": {
            "month": "2014-10",
            "price": "46.32",
            "revenue": 2451203
        },
        "2014-11": {
            "month": "2014-11",
            "price": "47.86",
            "revenue": 2383960
        },
        "2014-12": {
            "month": "2014-12",
            "price": "52.00",
            "revenue": 2487912
        },
        "2015-01": {
            "month": "2015-01",
            "price": "50.82",
            "revenue": 2392274
        },
        "2015-02": {
            "month": "2015-02",
            "price": "49.97",
            "revenue": 2131089
        },
        "2015-03": {
            "month": "2015-03",
            "price": "49.73",
            "revenue": 2274006
        },
        "2015-04": {
            "month": "2015-04",
            "price": "46.11",
            "revenue": 2258945
        },
        "2015-05": {
            "month": "2015-05",
            "price": "41.24",
            "revenue": 2265056
        },
        "2015-06": {
            "month": "2015-06",
            "price": "36.97",
            "revenue": 2597129
        },
        "2015-07": {
            "month": "2015-07",
            "price": "38.42",
            "revenue": 2436215
        },
        "2015-08": {
            "month": "2015-08",
            "price": "30.60",
            "revenue": 2441718
        },
        "2015-09": {
            "month": "2015-09",
            "price": "32.75",
            "revenue": 2474008
        },
        "2015-10": {
            "month": "2015-10",
            "price": "38.24",
            "revenue": 2335770
        },
        "2015-11": {
            "month": "2015-11",
            "price": "41.73",
            "revenue": 2340831
        },
        "2015-12": {
            "month": "2015-12",
            "price": "46.08",
            "revenue": 2335565
        },
        "2016-01": {
            "month": "2016-01",
            "price": "43.20",
            "revenue": 2372490
        },
        "2016-02": {
            "month": "2016-02",
            "price": "41.73",
            "revenue": 2276666
        },
        "2016-03": {
            "month": "2016-03",
            "price": "38.61",
            "revenue": 2441404
        },
        "2016-04": {
            "month": "2016-04",
            "price": "34.31",
            "revenue": 2282732
        },
        "2016-05": {
            "month": "2016-05",
            "price": "33.86",
            "revenue": 2501845
        },
        "2016-06": {
            "month": "2016-06",
            "price": "35.31",
            "revenue": 2765193
        },
        "2016-07": {
            "month": "2016-07",
            "price": "35.81",
            "revenue": 2635128
        },
        "2016-08": {
            "month": "2016-08",
            "price": "34.05",
            "revenue": 2282391
        },
        "2016-09": {
            "month": "2016-09",
            "price": "33.10",
            "revenue": 2265897
        },
        "2016-10": {
            "month": "2016-10",
            "price": "33.79",
            "revenue": 2293952
        },
        "2016-11": {
            "month": "2016-11",
            "price": "29.94",
            "revenue": 2761034
        },
        "2016-12": {
            "month": "2016-12",
            "price": "31.82",
            "revenue": 4720309
        },
        "2017-01": {
            "month": "2017-01",
            "price": "35.18",
            "revenue": 4047128
        },
        "2017-02": {
            "month": "2017-02",
            "price": "45.89",
            "revenue": 4384490
        },
        "2017-03": {
            "month": "2017-03",
            "price": "45.41",
            "revenue": 5145431
        },
        "2017-04": {
            "month": "2017-04",
            "price": "46.54",
            "revenue": 4316030
        },
        "2017-05": {
            "month": "2017-05",
            "price": "44.24",
            "revenue": 4530266
        },
        "2017-06": {
            "month": "2017-06",
            "price": "46.48",
            "revenue": 5168596
        },
        "2017-07": {
            "month": "2017-07",
            "price": "50.79",
            "revenue": 4927835
        },
        "2017-08": {
            "month": "2017-08",
            "price": "59.03",
            "revenue": 5180959
        },
        "2017-09": {
            "month": "2017-09",
            "price": "63.10",
            "revenue": 5663127
        },
        "2017-10": {
            "month": "2017-10",
            "price": "78.74",
            "revenue": 5301926
        },
        "2017-11": {
            "month": "2017-11",
            "price": "82.68",
            "revenue": 5321626
        },
        "2017-12": {
            "month": "2017-12",
            "price": "75.83",
            "revenue": 5268243
        },
        "2018-01": {
            "month": "2018-01",
            "price": "87.69",
            "revenue": 5865249
        },
        "2018-02": {
            "month": "2018-02",
            "price": "94.08",
            "revenue": 5134628
        },
        "2018-03": {
            "month": "2018-03",
            "price": "99.00",
            "revenue": 5891512
        },
        "2018-04": {
            "month": "2018-04",
            "price": "124.44",
            "revenue": 5714219
        },
        "2018-05": {
            "month": "2018-05",
            "price": "137.70",
            "revenue": 5859700
        },
        "2018-06": {
            "month": "2018-06",
            "price": "126.58",
            "revenue": 5734193
        },
        "2018-07": {
            "month": "2018-07",
            "price": "112.48",
            "revenue": 5862775
        },
        "2018-08": {
            "month": "2018-08",
            "price": "91.06",
            "revenue": 5854000
        },
        "2018-09": {
            "month": "2018-09",
            "price": "76.22",
            "revenue": 5557898
        },
        "2018-10": {
            "month": "2018-10",
            "price": "63.64",
            "revenue": 5875652
        },
        "2018-11": {
            "month": "2018-11",
            "price": "71.55",
            "revenue": 5813036
        },
        "2018-12": {
            "month": "2018-12",
            "price": "68.50",
            "revenue": 6076084
        },
        "2019-01": {
            "month": "2019-01",
            "price": "63.38",
            "revenue": 5828400
        },
        "2019-02": {
            "month": "2019-02",
            "price": "70.75",
            "revenue": 5384310
        },
        "2019-03": {
            "month": "2019-03",
            "price": "67.16",
            "revenue": 6292066
        },
        "2019-04": {
            "month": "2019-04",
            "price": "69.20",
            "revenue": 5367502
        },
        "2019-05": {
            "month": "2019-05",
            "price": "75.48",
            "revenue": 5536694
        },
        "2019-06": {
            "month": "2019-06",
            "price": "80.29",
            "revenue": 5751953
        },
        "2019-07": {
            "month": "2019-07",
            "price": "87.25",
            "revenue": 5058582
        },
        "2019-08": {
            "month": "2019-08",
            "price": "78.87",
            "revenue": 5346900
        },
        "2019-09": {
            "month": "2019-09",
            "price": "77.96",
            "revenue": 5701221
        },
        "2019-10": {
            "month": "2019-10",
            "price": "89.60",
            "revenue": 4938762
        },
        "2019-11": {
            "month": "2019-11",
            "price": "89.01",
            "revenue": 5008713
        },
        "2019-12": {
            "month": "2019-12",
            "price": "96.35",
            "revenue": 5295121
        },
        "2020-01": {
            "month": "2020-01",
            "price": "99.57",
            "revenue": 4762737
        },
        "2020-02": {
            "month": "2020-02",
            "price": "107.22",
            "revenue": 4845454
        },
        "2020-03": {
            "month": "2020-03",
            "price": "89.75",
            "revenue": 5669435
        },
        "2020-04": {
            "month": "2020-04",
            "price": "85.32",
            "revenue": 4841609
        },
        "2020-05": {
            "month": "2020-05",
            "price": "88.72",
            "revenue": 4683183
        },
        "2020-06": {
            "month": "2020-06",
            "price": "92.84",
            "revenue": 5512928
        },
        "2020-07": {
            "month": "2020-07",
            "price": "100.28",
            "revenue": 4888833
        },
        "2020-08": {
            "month": "2020-08",
            "price": "99.72",
            "revenue": 4968698
        },
        "2020-09": {
            "month": "2020-09",
            "price": "99.61",
            "revenue": 5521815
        },
        "2020-10": {
            "month": "2020-10",
            "price": "100.67",
            "revenue": 5077279
        },
        "2020-11": {
            "month": "2020-11",
            "price": "115.30",
            "revenue": 5139496
        },
        "2020-12": {
            "month": "2020-12",
            "price": "164.59",
            "revenue": 5485832
        },
        "2021-01": {
            "month": "2021-01",
            "price": "166.32",
            "revenue": 4909783
        },
        "2021-02": {
            "month": "2021-02",
            "price": "163.31",
            "revenue": 4958538
        },
        "2021-03": {
            "month": "2021-03",
            "price": "163.34",
            "revenue": 6183757
        },
        "2021-04": {
            "month": "2021-04",
            "price": "180.18",
            "revenue": 5561509
        },
        "2021-05": {
            "month": "2021-05",
            "price": "162.36",
            "revenue": 5394253
        },
        "2021-06": {
            "month": "2021-06",
            "price": "181.43",
            "revenue": 6227387
        },
        "2021-07": {
            "month": "2021-07",
            "price": "202.20",
            "revenue": 5448084
        },
        "2021-08": {
            "month": "2021-08",
            "price": "183.23",
            "revenue": 5823048
        },
        "2021-09": {
            "month": "2021-09",
            "price": "188.70",
            "revenue": 6250580
        },
        "2021-10": {
            "month": "2021-10",
            "price": "179.80",
            "revenue": 5893433
        },
        "2021-11": {
            "month": "2021-11",
            "price": "198.16",
            "revenue": 6209658
        },
        "2021-12": {
            "month": "2021-12",
            "price": "221.68",
            "revenue": 5981219
        },
        "2022-01": {
            "month": "2022-01",
            "price": "225.19",
            "revenue": 5945365
        },
        "2022-02": {
            "month": "2022-02",
            "price": "194.03",
            "revenue": 6136661
        },
        "2022-03": {
            "month": "2022-03",
            "price": "177.28",
            "revenue": 6687393
        },
        "2022-04": {
            "month": "2022-04",
            "price": "158.42",
            "revenue": 6101054
        },
        "2022-05": {
            "month": "2022-05",
            "price": "159.33",
            "revenue": 6914330
        },
        "2022-06": {
            "month": "2022-06",
            "price": "156.74",
            "revenue": 7255189
        },
        "2022-07": {
            "month": "2022-07",
            "price": "140.60",
            "revenue": 6965637
        },
        "2022-08": {
            "month": "2022-08",
            "price": "158.33",
            "revenue": 7459633
        },
        "2022-09": {
            "month": "2022-09",
            "price": "156.07",
            "revenue": 7201111
        },
        "2022-10": {
            "month": "2022-10",
            "price": "124.52",
            "revenue": 7415788
        },
        "2022-11": {
            "month": "2022-11",
            "price": "149.80",
            "revenue": 7050492
        },
        "2022-12": {
            "month": "2022-12",
            "price": "150.70",
            "revenue": 6738842
        },
        "2023-01": {
            "month": "2023-01",
            "price": "154.42",
            "revenue": 6657329
        },
        "2023-02": {
            "month": "2023-02",
            "price": "162.53",
            "revenue": 6731969
        },
        "2023-03": {
            "month": "2023-03",
            "price": "156.76",
            "revenue": 7514251
        },
        "2023-04": {
            "month": "2023-04",
            "price": "151.41",
            "revenue": 6439307
        },
        "2023-05": {
            "month": "2023-05",
            "price": "152.05",
            "revenue": 6688875
        },
        "2023-06": {
            "month": "2023-06",
            "price": "158.85",
            "revenue": 7190123
        },
        "2023-07": {
            "month": "2023-07",
            "price": "171.71",
            "revenue": 6187065
        },
        "2023-08": {
            "month": "2023-08",
            "price": "157.43",
            "revenue": 6169715
        },
        "2023-09": {
            "month": "2023-09",
            "price": "160.00",
            "revenue": 7244605
        },
        "2023-10": {
            "month": "2023-10",
            "price": "162.78",
            "revenue": 6303253
        },
        "2023-11": {
            "month": "2023-11",
            "price": "175.82",
            "revenue": 6548624
        }
    }
}
