{
    "summary": {
        "stock_name": "慧友",
        "stock_id": "5484",
        "category": "光電",
        "main_business": "CCD電子攝影機、影像處理器",
        "website_url": "http://www.everfocus.com.tw",
        "ceo": "莊永順",
        "pe_ratio": -45,
        "report_year_from": 2001,
        "report_year_to": 2023,
        "age": 22,
        "eps_negative_percentage": 43,
        "eps_growth_avg": {
            "last_all": -29.9,
            "last_2y": null,
            "last_4y": null,
            "last_8y": -100,
            "last_12y": -89.56,
            "last_16y": -44.23,
            "last_20y": -29.9,
            "at_2006_last_3y": -8.55,
            "at_2007_last_3y": 16.38,
            "at_2008_last_3y": -7.63,
            "at_2009_last_3y": 1.11,
            "at_2010_last_3y": -0.99,
            "at_2011_last_3y": -50.99,
            "at_2012_last_3y": -51.61,
            "at_2013_last_3y": -86.08,
            "at_2014_last_3y": -100,
            "at_2015_last_3y": -100,
            "at_2016_last_3y": -100,
            "at_2017_last_3y": -100,
            "at_2018_last_3y": -100,
            "at_2019_last_3y": -100,
            "at_2020_last_3y": -100,
            "at_2021_last_3y": null,
            "at_2022_last_3y": null,
            "at_2023_last_3y": null,
            "at_2006_last_all": -10.97,
            "at_2007_last_all": 7.53,
            "at_2008_last_all": -0.57,
            "at_2009_last_all": -0.07,
            "at_2010_last_all": -6.53,
            "at_2011_last_all": -15.88,
            "at_2012_last_all": -15.88,
            "at_2013_last_all": -23.53,
            "at_2014_last_all": -23.53,
            "at_2015_last_all": -23.53,
            "at_2016_last_all": -23.53,
            "at_2017_last_all": -29.9,
            "at_2018_last_all": -29.9,
            "at_2019_last_all": -29.9,
            "at_2020_last_all": -29.9,
            "at_2021_last_all": -29.9,
            "at_2022_last_all": -29.9,
            "at_2023_last_all": -29.9
        },
        "latest_eps": -0.44,
        "latest_price": 19.75,
        "latest_roe": -4.46,
        "latest_gross_margin": 29.45,
        "latest_equity": 650341,
        "latest_revenue": 96267,
        "latest_gross_profit": 28353,
        "latest_net_income": 11983,
        "latest_debt_ratio": 26.96,
        "latest_current_ratio": 216.3,
        "latest_account_receivable_turnover_ratio": 1.26,
        "latest_inventory_turnover_ratio": 0.46,
        "latest_reinvestment_rate": null,
        "latest_research_to_sale_ratio": 10.58
    },
    "eps_dividends": {
        "1999": {
            "cash": 5,
            "stock": 5,
            "eps": 0
        },
        "2000": {
            "cash": 3,
            "stock": 3,
            "eps": 0
        },
        "2001": {
            "cash": 3,
            "stock": 3,
            "eps": 4.26
        },
        "2002": {
            "cash": 0,
            "stock": 4,
            "eps": 3.38
        },
        "2003": {
            "cash": 0,
            "stock": 3,
            "eps": 3.39
        },
        "2004": {
            "cash": 0,
            "stock": 2,
            "eps": 4.98
        },
        "2005": {
            "cash": 2,
            "stock": 2,
            "eps": 3.41
        },
        "2006": {
            "cash": 2,
            "stock": 1,
            "eps": 1.71
        },
        "2007": {
            "cash": 1,
            "stock": 0,
            "eps": 3.46
        },
        "2008": {
            "cash": 2,
            "stock": 0,
            "eps": 1.76
        },
        "2009": {
            "cash": 1,
            "stock": 0,
            "eps": 1.82
        },
        "2010": {
            "cash": 2,
            "stock": 0,
            "eps": 0.76
        },
        "2011": {
            "cash": 0,
            "stock": 1,
            "eps": -0.43
        },
        "2012": {
            "cash": 0,
            "stock": 0,
            "eps": 0.03
        },
        "2013": {
            "cash": 0,
            "stock": 0,
            "eps": -0.55
        },
        "2014": {
            "cash": 0,
            "stock": 0,
            "eps": -1.08
        },
        "2015": {
            "cash": 0,
            "stock": 0,
            "eps": -1.52
        },
        "2016": {
            "cash": 0,
            "stock": 0,
            "eps": 0.14
        },
        "2017": {
            "cash": 0,
            "stock": 0,
            "eps": -0.9
        },
        "2018": {
            "cash": 0,
            "stock": 0,
            "eps": -1.59
        },
        "2019": {
            "cash": 0,
            "stock": 0,
            "eps": -1.39
        },
        "2020": {
            "cash": 0,
            "stock": 0,
            "eps": -0.7
        },
        "2021": {
            "cash": 0,
            "stock": 0,
            "eps": -0.58
        },
        "2022": {
            "cash": 0,
            "stock": 0,
            "eps": -1.34
        },
        "2023": {
            "cash": 0,
            "stock": 0,
            "eps": 0.18
        }
    },
    "dividends": {
        "1999-06-01": {
            "cash": 4.9,
            "stock": 4.9
        },
        "2000-06-30": {
            "cash": 3,
            "stock": 3
        },
        "2001-04-30": {
            "cash": 2.7,
            "stock": 2.7
        },
        "2002-06-14": {
            "cash": 0.2,
            "stock": 3.5
        },
        "2003-03-19": {
            "cash": 0.4,
            "stock": 2.6
        },
        "2004-04-22": {
            "cash": 0.4,
            "stock": 1.7
        },
        "2005-04-06": {
            "cash": 1.5,
            "stock": 2
        },
        "2006-04-21": {
            "cash": 1.6,
            "stock": 0.8
        },
        "2007-04-24": {
            "cash": 1.1,
            "stock": 0.2
        },
        "2008-04-23": {
            "cash": 2.4,
            "stock": 0.3
        },
        "2009-04-23": {
            "cash": 1.2,
            "stock": 0.2
        },
        "2010-04-28": {
            "cash": 1.6,
            "stock": 0
        },
        "2011-04-26": {
            "cash": 0,
            "stock": 0.9
        }
    },
    "prices": {
        "200101": "無",
        "200102": "無",
        "200103": "50.20",
        "200104": "64.78",
        "200105": "66.41",
        "200106": "63.65",
        "200107": "52.15",
        "200108": "49.28",
        "200109": "41.34",
        "200110": "39.58",
        "200111": "42.83",
        "200112": "57.09",
        "200201": "72.39",
        "200202": "69.83",
        "200203": "71.12",
        "200204": "76.98",
        "200205": "70.18",
        "200206": "65.78",
        "200207": "56.37",
        "200208": "45.96",
        "200209": "44.80",
        "200210": "43.90",
        "200211": "48.04",
        "200212": "51.98",
        "200301": "48.00",
        "200302": "45.69",
        "200303": "42.37",
        "200304": "40.85",
        "200305": "47.69",
        "200306": "44.74",
        "200307": "42.47",
        "200308": "36.66",
        "200309": "33.63",
        "200310": "34.45",
        "200311": "38.62",
        "200312": "40.16",
        "200401": "43.87",
        "200402": "58.51",
        "200403": "59.59",
        "200404": "63.73",
        "200405": "59.10",
        "200406": "52.03",
        "200407": "49.31",
        "200408": "43.58",
        "200409": "43.27",
        "200410": "39.75",
        "200411": "39.88",
        "200412": "42.47",
        "200501": "41.98",
        "200502": "46.65",
        "200503": "50.48",
        "200504": "46.41",
        "200505": "42.27",
        "200506": "41.56",
        "200507": "40.53",
        "200508": "34.81",
        "200509": "34.90",
        "200510": "34.11",
        "200511": "31.51",
        "200512": "34.02",
        "200601": "36.33",
        "200602": "35.92",
        "200603": "33.77",
        "200604": "31.75",
        "200605": "31.71",
        "200606": "29.68",
        "200607": "29.06",
        "200608": "23.01",
        "200609": "21.65",
        "200610": "27.37",
        "200611": "27.49",
        "200612": "36.67",
        "200701": "38.27",
        "200702": "36.56",
        "200703": "43.00",
        "200704": "47.93",
        "200705": "46.89",
        "200706": "51.87",
        "200707": "55.55",
        "200708": "51.31",
        "200709": "59.52",
        "200710": "54.70",
        "200711": "46.90",
        "200712": "40.24",
        "200801": "33.17",
        "200802": "30.83",
        "200803": "31.63",
        "200804": "32.33",
        "200805": "31.94",
        "200806": "26.57",
        "200807": "21.65",
        "200808": "22.36",
        "200809": "21.92",
        "200810": "17.86",
        "200811": "14.15",
        "200812": "12.91",
        "200901": "13.03",
        "200902": "13.74",
        "200903": "15.70",
        "200904": "17.20",
        "200905": "19.84",
        "200906": "19.45",
        "200907": "22.58",
        "200908": "21.99",
        "200909": "23.85",
        "200910": "23.96",
        "200911": "23.74",
        "200912": "25.37",
        "201001": "26.25",
        "201002": "23.52",
        "201003": "24.81",
        "201004": "25.48",
        "201005": "22.66",
        "201006": "22.10",
        "201007": "22.25",
        "201008": "21.77",
        "201009": "20.49",
        "201010": "19.92",
        "201011": "18.23",
        "201012": "18.79",
        "201101": "18.37",
        "201102": "17.73",
        "201103": "16.85",
        "201104": "16.76",
        "201105": "15.77",
        "201106": "14.91",
        "201107": "14.38",
        "201108": "12.32",
        "201109": "11.34",
        "201110": "10.60",
        "201111": "10.51",
        "201112": "9.90",
        "201201": "9.94",
        "201202": "11.90",
        "201203": "12.48",
        "201204": "10.60",
        "201205": "9.12",
        "201206": "9.31",
        "201207": "9.29",
        "201208": "10.05",
        "201209": "10.38",
        "201210": "10.77",
        "201211": "9.51",
        "201212": "9.55",
        "201301": "9.47",
        "201302": "9.33",
        "201303": "9.98",
        "201304": "10.61",
        "201305": "11.39",
        "201306": "11.81",
        "201307": "12.62",
        "201308": "12.48",
        "201309": "11.22",
        "201310": "10.56",
        "201311": "9.70",
        "201312": "9.46",
        "201401": "11.24",
        "201402": "11.21",
        "201403": "13.01",
        "201404": "13.54",
        "201405": "12.58",
        "201406": "12.36",
        "201407": "12.04",
        "201408": "11.16",
        "201409": "11.51",
        "201410": "10.60",
        "201411": "10.19",
        "201412": "10.24",
        "201501": "10.23",
        "201502": "9.71",
        "201503": "9.38",
        "201504": "8.67",
        "201505": "8.06",
        "201506": "6.35",
        "201507": "5.32",
        "201508": "4.07",
        "201509": "4.48",
        "201510": "4.71",
        "201511": "4.38",
        "201512": "4.07",
        "201601": "3.93",
        "201602": "3.85",
        "201603": "4.30",
        "201604": "3.99",
        "201605": "4.01",
        "201606": "4.81",
        "201607": "7.14",
        "201608": "8.08",
        "201609": "7.60",
        "201610": "7.01",
        "201611": "6.70",
        "201612": "6.80",
        "201701": "6.43",
        "201702": "6.29",
        "201703": "5.98",
        "201704": "5.87",
        "201705": "5.96",
        "201706": "5.87",
        "201707": "5.56",
        "201708": "5.26",
        "201709": "5.39",
        "201710": "5.19",
        "201711": "5.01",
        "201712": "4.99",
        "201801": "5.02",
        "201802": "4.83",
        "201803": "5.56",
        "201804": "5.48",
        "201805": "5.46",
        "201806": "6.50",
        "201807": "6.27",
        "201808": "6.14",
        "201809": "6.01",
        "201810": "5.07",
        "201811": "4.78",
        "201812": "4.97",
        "201901": "4.84",
        "201902": "4.95",
        "201903": "4.59",
        "201904": "4.49",
        "201905": "4.32",
        "201906": "4.33",
        "201907": "5.10",
        "201908": "5.60",
        "201909": "7.58",
        "201910": "10.63",
        "201911": "9.45",
        "201912": "9.00",
        "202001": "8.79",
        "202002": "8.99",
        "202003": "7.71",
        "202004": "8.20",
        "202005": "8.39",
        "202006": "8.30",
        "202007": "9.28",
        "202008": "9.14",
        "202009": "10.45",
        "202010": "10.52",
        "202011": "10.86",
        "202012": "13.95",
        "202101": "15.10",
        "202102": "15.40",
        "202103": "16.07",
        "202104": "15.57",
        "202105": "14.04",
        "202106": "15.43",
        "202107": "16.82",
        "202108": "15.37",
        "202109": "13.52",
        "202110": "13.00",
        "202111": "16.59",
        "202112": "16.04",
        "202201": "16.26",
        "202202": "16.06",
        "202203": "14.69",
        "202204": "14.22",
        "202205": "12.96",
        "202206": "13.42",
        "202207": "12.70",
        "202208": "13.83",
        "202209": "13.64",
        "202210": "12.86",
        "202211": "13.11",
        "202212": "13.72",
        "202301": "13.57",
        "202302": "13.41",
        "202303": "14.31",
        "202304": "17.15",
        "202305": "18.68"
    },
    "quarters": {
        "20011": {
            "year_quarter": 20011,
            "year": 2001,
            "quarter": 1,
            "eps": 1.04,
            "eps_growth_year": 79.31,
            "eps_4q": 4.21,
            "eps_4q_growth_year": null,
            "roe": 6.86,
            "roe_4q": 6.86,
            "gross_profit": 39300,
            "gross_margin": 29.01,
            "gross_margin_4q_avg": 29.01,
            "net_income": 25039,
            "revenue": 135458,
            "common_shares": 241115,
            "book_valuer_per_share": 15.64,
            "book_valuer_per_share_4q_avg": 15.64,
            "equity": 377054,
            "current_ratio": 337.76,
            "debt_ratio": 32.89,
            "inventory_turnover_ratio": 0.59,
            "account_receivable_turnover_ratio": null,
            "reinvestment_rate": null,
            "research_to_sale_ratio": null,
            "price_fair": 0,
            "eps_avg_yearly": 0,
            "eps_latest_yearly": 0,
            "eps_growth_yearly": 0
        },
        "20012": {
            "year_quarter": 20012,
            "year": 2001,
            "quarter": 2,
            "eps": 1.2,
            "eps_growth_year": 48.15,
            "eps_4q": 3.84,
            "eps_4q_growth_year": null,
            "roe": 9.42,
            "roe_4q": 16.28,
            "gross_profit": 58960,
            "gross_margin": 32.82,
            "gross_margin_4q_avg": 30.92,
            "net_income": 37154,
            "revenue": 179640,
            "common_shares": 241115,
            "book_valuer_per_share": 17.08,
            "book_valuer_per_share_4q_avg": 16.36,
            "equity": 411772,
            "current_ratio": 202.85,
            "debt_ratio": 39.88,
            "inventory_turnover_ratio": 1.08,
            "account_receivable_turnover_ratio": null,
            "reinvestment_rate": null,
            "research_to_sale_ratio": null,
            "price_fair": 0,
            "eps_avg_yearly": 0,
            "eps_latest_yearly": 0,
            "eps_growth_yearly": 0
        },
        "20013": {
            "year_quarter": 20013,
            "year": 2001,
            "quarter": 3,
            "eps": 1.11,
            "eps_growth_year": -15.27,
            "eps_4q": 3.85,
            "eps_4q_growth_year": null,
            "roe": 6.57,
            "roe_4q": 22.85,
            "gross_profit": 68548,
            "gross_margin": 35.76,
            "gross_margin_4q_avg": 32.53,
            "net_income": 35420,
            "revenue": 191682,
            "common_shares": 358584,
            "book_valuer_per_share": 18.57,
            "book_valuer_per_share_4q_avg": 17.1,
            "equity": 665791,
            "current_ratio": 455.83,
            "debt_ratio": 21.35,
            "inventory_turnover_ratio": 1.07,
            "account_receivable_turnover_ratio": null,
            "reinvestment_rate": null,
            "research_to_sale_ratio": null,
            "price_fair": 0,
            "eps_avg_yearly": 0,
            "eps_latest_yearly": 0,
            "eps_growth_yearly": 0
        },
        "20014": {
            "year_quarter": 20014,
            "year": 2001,
            "quarter": 4,
            "eps": 0.91,
            "eps_growth_year": -12.5,
            "eps_4q": 3.86,
            "eps_4q_growth_year": 7.62,
            "roe": 4.41,
            "roe_4q": 27.259999999999998,
            "gross_profit": 49796,
            "gross_margin": 32.18,
            "gross_margin_4q_avg": 32.44,
            "net_income": 30126,
            "revenue": 154739,
            "common_shares": 358584,
            "book_valuer_per_share": 19.55,
            "book_valuer_per_share_4q_avg": 17.71,
            "equity": 701026,
            "current_ratio": 352.61,
            "debt_ratio": 24.83,
            "inventory_turnover_ratio": 0.64,
            "account_receivable_turnover_ratio": null,
            "reinvestment_rate": null,
            "research_to_sale_ratio": null,
            "price_fair": 0,
            "eps_avg_yearly": 0,
            "eps_latest_yearly": 0,
            "eps_growth_yearly": 0
        },
        "20021": {
            "year_quarter": 20021,
            "year": 2002,
            "quarter": 1,
            "eps": 0.93,
            "eps_growth_year": -10.58,
            "eps_4q": 3.78,
            "eps_4q_growth_year": -10.05,
            "roe": 4.66,
            "roe_4q": 25.060000000000002,
            "gross_profit": 62399,
            "gross_margin": 31.15,
            "gross_margin_4q_avg": 32.98,
            "net_income": 33455,
            "revenue": 200341,
            "common_shares": 358584,
            "book_valuer_per_share": 20.45,
            "book_valuer_per_share_4q_avg": 18.91,
            "equity": 733267,
            "current_ratio": 279.31,
            "debt_ratio": 28.23,
            "inventory_turnover_ratio": 0.83,
            "account_receivable_turnover_ratio": null,
            "reinvestment_rate": null,
            "research_to_sale_ratio": null,
            "price_fair": 69.9,
            "eps_avg_yearly": 3.72,
            "eps_latest_yearly": 3.72,
            "eps_growth_yearly": 8.79
        },
        "20022": {
            "year_quarter": 20022,
            "year": 2002,
            "quarter": 2,
            "eps": 0.69,
            "eps_growth_year": -42.5,
            "eps_4q": 2.67,
            "eps_4q_growth_year": -30.33,
            "roe": 4.62,
            "roe_4q": 20.26,
            "gross_profit": 82012,
            "gross_margin": 33.11,
            "gross_margin_4q_avg": 33.05,
            "net_income": 34422,
            "revenue": 247724,
            "common_shares": 358584,
            "book_valuer_per_share": 21.12,
            "book_valuer_per_share_4q_avg": 19.92,
            "equity": 757273,
            "current_ratio": 313.91,
            "debt_ratio": 25.92,
            "inventory_turnover_ratio": 1.31,
            "account_receivable_turnover_ratio": null,
            "reinvestment_rate": null,
            "research_to_sale_ratio": null,
            "price_fair": 9.72,
            "eps_avg_yearly": 3.24,
            "eps_latest_yearly": 2.76,
            "eps_growth_yearly": -47.22
        },
        "20023": {
            "year_quarter": 20023,
            "year": 2002,
            "quarter": 3,
            "eps": 0.98,
            "eps_growth_year": -11.71,
            "eps_4q": 2.94,
            "eps_4q_growth_year": -23.49,
            "roe": 6.22,
            "roe_4q": 19.91,
            "gross_profit": 83588,
            "gross_margin": 32.17,
            "gross_margin_4q_avg": 32.15,
            "net_income": 48917,
            "revenue": 259863,
            "common_shares": 497750,
            "book_valuer_per_share": 16.36,
            "book_valuer_per_share_4q_avg": 19.37,
            "equity": 814526,
            "current_ratio": 370.25,
            "debt_ratio": 22.7,
            "inventory_turnover_ratio": 1.28,
            "account_receivable_turnover_ratio": null,
            "reinvestment_rate": null,
            "research_to_sale_ratio": null,
            "price_fair": 119.81,
            "eps_avg_yearly": 3.47,
            "eps_latest_yearly": 3.92,
            "eps_growth_yearly": 24.56
        },
        "20024": {
            "year_quarter": 20024,
            "year": 2002,
            "quarter": 4,
            "eps": 0.78,
            "eps_growth_year": -14.29,
            "eps_4q": 3.13,
            "eps_4q_growth_year": -18.76,
            "roe": 4.64,
            "roe_4q": 20.14,
            "gross_profit": 98178,
            "gross_margin": 36.08,
            "gross_margin_4q_avg": 33.13,
            "net_income": 38688,
            "revenue": 272145,
            "common_shares": 497750,
            "book_valuer_per_share": 17.14,
            "book_valuer_per_share_4q_avg": 18.77,
            "equity": 853064,
            "current_ratio": 324.4,
            "debt_ratio": 27.06,
            "inventory_turnover_ratio": 0.76,
            "account_receivable_turnover_ratio": null,
            "reinvestment_rate": null,
            "research_to_sale_ratio": null,
            "price_fair": 10.14,
            "eps_avg_yearly": 3.38,
            "eps_latest_yearly": 3.12,
            "eps_growth_yearly": -1.99
        },
        "20031": {
            "year_quarter": 20031,
            "year": 2003,
            "quarter": 1,
            "eps": 0.9,
            "eps_growth_year": -3.23,
            "eps_4q": 3.36,
            "eps_4q_growth_year": -11.15,
            "roe": 5.09,
            "roe_4q": 20.57,
            "gross_profit": 80875,
            "gross_margin": 33.81,
            "gross_margin_4q_avg": 33.79,
            "net_income": 44593,
            "revenue": 239186,
            "common_shares": 497750,
            "book_valuer_per_share": 18.1,
            "book_valuer_per_share_4q_avg": 18.18,
            "equity": 900783,
            "current_ratio": 394.63,
            "debt_ratio": 22.26,
            "inventory_turnover_ratio": 0.68,
            "account_receivable_turnover_ratio": null,
            "reinvestment_rate": null,
            "research_to_sale_ratio": null,
            "price_fair": 70.94,
            "eps_avg_yearly": 3.42,
            "eps_latest_yearly": 3.6,
            "eps_growth_yearly": 10.72
        },
        "20032": {
            "year_quarter": 20032,
            "year": 2003,
            "quarter": 2,
            "eps": 0.72,
            "eps_growth_year": 4.35,
            "eps_4q": 2.76,
            "eps_4q_growth_year": 3.36,
            "roe": 5.09,
            "roe_4q": 21.04,
            "gross_profit": 96380,
            "gross_margin": 33.15,
            "gross_margin_4q_avg": 33.8,
            "net_income": 46557,
            "revenue": 290731,
            "common_shares": 644020,
            "book_valuer_per_share": 14.39,
            "book_valuer_per_share_4q_avg": 16.5,
            "equity": 927009,
            "current_ratio": 308.51,
            "debt_ratio": 28.18,
            "inventory_turnover_ratio": 1.23,
            "account_receivable_turnover_ratio": null,
            "reinvestment_rate": null,
            "research_to_sale_ratio": null,
            "price_fair": 10,
            "eps_avg_yearly": 3.33,
            "eps_latest_yearly": 2.88,
            "eps_growth_yearly": -4.4
        },
        "20033": {
            "year_quarter": 20033,
            "year": 2003,
            "quarter": 3,
            "eps": 0.57,
            "eps_growth_year": -41.84,
            "eps_4q": 2.59,
            "eps_4q_growth_year": -11.99,
            "roe": 3.9,
            "roe_4q": 18.72,
            "gross_profit": 65652,
            "gross_margin": 28.69,
            "gross_margin_4q_avg": 32.93,
            "net_income": 36628,
            "revenue": 228864,
            "common_shares": 644020,
            "book_valuer_per_share": 14.79,
            "book_valuer_per_share_4q_avg": 16.11,
            "equity": 952233,
            "current_ratio": 343.69,
            "debt_ratio": 25.36,
            "inventory_turnover_ratio": 0.7,
            "account_receivable_turnover_ratio": null,
            "reinvestment_rate": null,
            "research_to_sale_ratio": null,
            "price_fair": 9.55,
            "eps_avg_yearly": 3.18,
            "eps_latest_yearly": 2.28,
            "eps_growth_yearly": -15.68
        },
        "20034": {
            "year_quarter": 20034,
            "year": 2003,
            "quarter": 4,
            "eps": 1.2,
            "eps_growth_year": 53.85,
            "eps_4q": 3.18,
            "eps_4q_growth_year": 1.44,
            "roe": 7.74,
            "roe_4q": 21.82,
            "gross_profit": 108786,
            "gross_margin": 31.47,
            "gross_margin_4q_avg": 31.78,
            "net_income": 77446,
            "revenue": 345708,
            "common_shares": 644020,
            "book_valuer_per_share": 16.08,
            "book_valuer_per_share_4q_avg": 15.84,
            "equity": 1048830,
            "current_ratio": 423.1,
            "debt_ratio": 20.98,
            "inventory_turnover_ratio": 0.65,
            "account_receivable_turnover_ratio": null,
            "reinvestment_rate": 25.8,
            "research_to_sale_ratio": null,
            "price_fair": 118.48,
            "eps_avg_yearly": 3.39,
            "eps_latest_yearly": 4.8,
            "eps_growth_yearly": 41.54
        },
        "20041": {
            "year_quarter": 20041,
            "year": 2004,
            "quarter": 1,
            "eps": 1.25,
            "eps_growth_year": 38.89,
            "eps_4q": 3.74,
            "eps_4q_growth_year": 11.08,
            "roe": 7.5,
            "roe_4q": 24.23,
            "gross_profit": 98826,
            "gross_margin": 29.89,
            "gross_margin_4q_avg": 30.8,
            "net_income": 80782,
            "revenue": 330614,
            "common_shares": 644020,
            "book_valuer_per_share": 17.18,
            "book_valuer_per_share_4q_avg": 15.61,
            "equity": 1106599,
            "current_ratio": 371.9,
            "debt_ratio": 22.98,
            "inventory_turnover_ratio": 0.65,
            "account_receivable_turnover_ratio": null,
            "reinvestment_rate": 13.1,
            "research_to_sale_ratio": null,
            "price_fair": 124.76,
            "eps_avg_yearly": 3.56,
            "eps_latest_yearly": 5,
            "eps_growth_yearly": 38.78
        },
        "20042": {
            "year_quarter": 20042,
            "year": 2004,
            "quarter": 2,
            "eps": 1.54,
            "eps_growth_year": 113.89,
            "eps_4q": 4.56,
            "eps_4q_growth_year": 65.05,
            "roe": 8.68,
            "roe_4q": 27.82,
            "gross_profit": 136338,
            "gross_margin": 26.8,
            "gross_margin_4q_avg": 29.21,
            "net_income": 99278,
            "revenue": 508639,
            "common_shares": 644020,
            "book_valuer_per_share": 18.32,
            "book_valuer_per_share_4q_avg": 16.59,
            "equity": 1179654,
            "current_ratio": 220.68,
            "debt_ratio": 36.16,
            "inventory_turnover_ratio": 1.06,
            "account_receivable_turnover_ratio": null,
            "reinvestment_rate": 23.41,
            "research_to_sale_ratio": null,
            "price_fair": 133.84,
            "eps_avg_yearly": 3.82,
            "eps_latest_yearly": 6.16,
            "eps_growth_yearly": 44.18
        },
        "20043": {
            "year_quarter": 20043,
            "year": 2004,
            "quarter": 3,
            "eps": 1.54,
            "eps_growth_year": 170.18,
            "eps_4q": 4.88,
            "eps_4q_growth_year": 88.51,
            "roe": 9.57,
            "roe_4q": 33.49,
            "gross_profit": 163705,
            "gross_margin": 33.19,
            "gross_margin_4q_avg": 30.34,
            "net_income": 118610,
            "revenue": 493300,
            "common_shares": 772600,
            "book_valuer_per_share": 16.83,
            "book_valuer_per_share_4q_avg": 17.1,
            "equity": 1300317,
            "current_ratio": 259.15,
            "debt_ratio": 29.88,
            "inventory_turnover_ratio": 0.81,
            "account_receivable_turnover_ratio": null,
            "reinvestment_rate": 20.76,
            "research_to_sale_ratio": null,
            "price_fair": 141.27,
            "eps_avg_yearly": 4.04,
            "eps_latest_yearly": 6.16,
            "eps_growth_yearly": 40.17
        },
        "20044": {
            "year_quarter": 20044,
            "year": 2004,
            "quarter": 4,
            "eps": 0.65,
            "eps_growth_year": -45.83,
            "eps_4q": 4.54,
            "eps_4q_growth_year": 42.87,
            "roe": 3.75,
            "roe_4q": 29.5,
            "gross_profit": 118041,
            "gross_margin": 32.53,
            "gross_margin_4q_avg": 30.6,
            "net_income": 49867,
            "revenue": 362869,
            "common_shares": 772600,
            "book_valuer_per_share": 17.4,
            "book_valuer_per_share_4q_avg": 17.43,
            "equity": 1361439,
            "current_ratio": 286.45,
            "debt_ratio": 29.03,
            "inventory_turnover_ratio": 0.45,
            "account_receivable_turnover_ratio": null,
            "reinvestment_rate": 24.79,
            "research_to_sale_ratio": null,
            "price_fair": 107.92,
            "eps_avg_yearly": 3.92,
            "eps_latest_yearly": 2.6,
            "eps_growth_yearly": 17.55
        },
        "20051": {
            "year_quarter": 20051,
            "year": 2005,
            "quarter": 1,
            "eps": 0.98,
            "eps_growth_year": -21.6,
            "eps_4q": 4.46,
            "eps_4q_growth_year": 19.42,
            "roe": 5.44,
            "roe_4q": 27.44,
            "gross_profit": 119263,
            "gross_margin": 29.78,
            "gross_margin_4q_avg": 30.58,
            "net_income": 75379,
            "revenue": 400512,
            "common_shares": 772600,
            "book_valuer_per_share": 18.26,
            "book_valuer_per_share_4q_avg": 17.7,
            "equity": 1410382,
            "current_ratio": 273.88,
            "debt_ratio": 28.86,
            "inventory_turnover_ratio": 0.51,
            "account_receivable_turnover_ratio": null,
            "reinvestment_rate": 19.77,
            "research_to_sale_ratio": null,
            "price_fair": 137.09,
            "eps_avg_yearly": 3.92,
            "eps_latest_yearly": 3.92,
            "eps_growth_yearly": 31.83
        },
        "20052": {
            "year_quarter": 20052,
            "year": 2005,
            "quarter": 2,
            "eps": 0.92,
            "eps_growth_year": -40.26,
            "eps_4q": 4.07,
            "eps_4q_growth_year": -10.77,
            "roe": 5.2,
            "roe_4q": 23.96,
            "gross_profit": 118092,
            "gross_margin": 29.92,
            "gross_margin_4q_avg": 31.36,
            "net_income": 71199,
            "revenue": 394681,
            "common_shares": 772600,
            "book_valuer_per_share": 17.19,
            "book_valuer_per_share_4q_avg": 17.42,
            "equity": 1328391,
            "current_ratio": 240.61,
            "debt_ratio": 31.72,
            "inventory_turnover_ratio": 0.77,
            "account_receivable_turnover_ratio": null,
            "reinvestment_rate": 13.03,
            "research_to_sale_ratio": null,
            "price_fair": 136.5,
            "eps_avg_yearly": 3.9,
            "eps_latest_yearly": 3.68,
            "eps_growth_yearly": 27.8
        },
        "20053": {
            "year_quarter": 20053,
            "year": 2005,
            "quarter": 3,
            "eps": 1.07,
            "eps_growth_year": -30.52,
            "eps_4q": 3.13,
            "eps_4q_growth_year": -35.87,
            "roe": 7.34,
            "roe_4q": 21.73,
            "gross_profit": 145670,
            "gross_margin": 30.39,
            "gross_margin_4q_avg": 30.66,
            "net_income": 101960,
            "revenue": 479311,
            "common_shares": 948880,
            "book_valuer_per_share": 15.26,
            "book_valuer_per_share_4q_avg": 17.03,
            "equity": 1448252,
            "current_ratio": 265.17,
            "debt_ratio": 29.31,
            "inventory_turnover_ratio": 0.95,
            "account_receivable_turnover_ratio": null,
            "reinvestment_rate": 9.43,
            "research_to_sale_ratio": null,
            "price_fair": 137.39,
            "eps_avg_yearly": 3.93,
            "eps_latest_yearly": 4.28,
            "eps_growth_yearly": 30.3
        },
        "20054": {
            "year_quarter": 20054,
            "year": 2005,
            "quarter": 4,
            "eps": 0.44,
            "eps_growth_year": -32.31,
            "eps_4q": 3.05,
            "eps_4q_growth_year": -32.95,
            "roe": 2.84,
            "roe_4q": 20.82,
            "gross_profit": 131943,
            "gross_margin": 31.04,
            "gross_margin_4q_avg": 30.28,
            "net_income": 41961,
            "revenue": 425105,
            "common_shares": 948880,
            "book_valuer_per_share": 15.64,
            "book_valuer_per_share_4q_avg": 16.59,
            "equity": 1501934,
            "current_ratio": 318.23,
            "debt_ratio": 25.91,
            "inventory_turnover_ratio": 0.5,
            "account_receivable_turnover_ratio": null,
            "reinvestment_rate": 14.8,
            "research_to_sale_ratio": null,
            "price_fair": 89.76,
            "eps_avg_yearly": 3.79,
            "eps_latest_yearly": 1.76,
            "eps_growth_yearly": 13.68
        },
        "20061": {
            "year_quarter": 20061,
            "year": 2006,
            "quarter": 1,
            "eps": 0.49,
            "eps_growth_year": -50,
            "eps_4q": 2.74,
            "eps_4q_growth_year": -38.62,
            "roe": 3.09,
            "roe_4q": 18.47,
            "gross_profit": 96470,
            "gross_margin": 27.58,
            "gross_margin_4q_avg": 29.73,
            "net_income": 46885,
            "revenue": 349822,
            "common_shares": 948880,
            "book_valuer_per_share": 16.11,
            "book_valuer_per_share_4q_avg": 16.05,
            "equity": 1528864,
            "current_ratio": 359.32,
            "debt_ratio": 21.31,
            "inventory_turnover_ratio": 0.41,
            "account_receivable_turnover_ratio": null,
            "reinvestment_rate": 23.98,
            "research_to_sale_ratio": null,
            "price_fair": 95.59,
            "eps_avg_yearly": 3.68,
            "eps_latest_yearly": 1.96,
            "eps_growth_yearly": 15.98
        },
        "20062": {
            "year_quarter": 20062,
            "year": 2006,
            "quarter": 2,
            "eps": 0.39,
            "eps_growth_year": -57.61,
            "eps_4q": 2.43,
            "eps_4q_growth_year": -40.43,
            "roe": 2.51,
            "roe_4q": 15.78,
            "gross_profit": 105447,
            "gross_margin": 25.56,
            "gross_margin_4q_avg": 28.64,
            "net_income": 36567,
            "revenue": 412581,
            "common_shares": 948880,
            "book_valuer_per_share": 14.63,
            "book_valuer_per_share_4q_avg": 15.41,
            "equity": 1387948,
            "current_ratio": 226.83,
            "debt_ratio": 31.84,
            "inventory_turnover_ratio": 0.66,
            "account_receivable_turnover_ratio": null,
            "reinvestment_rate": 24.68,
            "research_to_sale_ratio": null,
            "price_fair": 98.51,
            "eps_avg_yearly": 3.61,
            "eps_latest_yearly": 1.56,
            "eps_growth_yearly": 17.33
        },
        "20063": {
            "year_quarter": 20063,
            "year": 2006,
            "quarter": 3,
            "eps": 0.63,
            "eps_growth_year": -41.12,
            "eps_4q": 1.83,
            "eps_4q_growth_year": -41.49,
            "roe": 4.61,
            "roe_4q": 13.05,
            "gross_profit": 128609,
            "gross_margin": 24.17,
            "gross_margin_4q_avg": 27.09,
            "net_income": 65710,
            "revenue": 532029,
            "common_shares": 1035507,
            "book_valuer_per_share": 14.11,
            "book_valuer_per_share_4q_avg": 15.12,
            "equity": 1461213,
            "current_ratio": 250.54,
            "debt_ratio": 28.33,
            "inventory_turnover_ratio": 0.88,
            "account_receivable_turnover_ratio": null,
            "reinvestment_rate": 24.91,
            "research_to_sale_ratio": null,
            "price_fair": 113.27,
            "eps_avg_yearly": 3.52,
            "eps_latest_yearly": 2.52,
            "eps_growth_yearly": 22.2
        },
        "20064": {
            "year_quarter": 20064,
            "year": 2006,
            "quarter": 4,
            "eps": 0.2,
            "eps_growth_year": -54.55,
            "eps_4q": 1.66,
            "eps_4q_growth_year": -45.47,
            "roe": 1.38,
            "roe_4q": 11.59,
            "gross_profit": 116290,
            "gross_margin": 23.36,
            "gross_margin_4q_avg": 25.17,
            "net_income": 20419,
            "revenue": 497747,
            "common_shares": 1035507,
            "book_valuer_per_share": 14.29,
            "book_valuer_per_share_4q_avg": 14.79,
            "equity": 1497288,
            "current_ratio": 230.11,
            "debt_ratio": 32.77,
            "inventory_turnover_ratio": 0.57,
            "account_receivable_turnover_ratio": null,
            "reinvestment_rate": 25.42,
            "research_to_sale_ratio": null,
            "price_fair": 68.26,
            "eps_avg_yearly": 3.37,
            "eps_latest_yearly": 0.8,
            "eps_growth_yearly": 10.24
        },
        "20071": {
            "year_quarter": 20071,
            "year": 2007,
            "quarter": 1,
            "eps": 0.75,
            "eps_growth_year": 53.06,
            "eps_4q": 1.94,
            "eps_4q_growth_year": -29.27,
            "roe": 5.07,
            "roe_4q": 13.57,
            "gross_profit": 125697,
            "gross_margin": 23.37,
            "gross_margin_4q_avg": 24.12,
            "net_income": 77545,
            "revenue": 537940,
            "common_shares": 1035507,
            "book_valuer_per_share": 15.1,
            "book_valuer_per_share_4q_avg": 14.53,
            "equity": 1563841,
            "current_ratio": 293.56,
            "debt_ratio": 24.51,
            "inventory_turnover_ratio": 0.59,
            "account_receivable_turnover_ratio": null,
            "reinvestment_rate": 24.94,
            "research_to_sale_ratio": null,
            "price_fair": 116.73,
            "eps_avg_yearly": 3.34,
            "eps_latest_yearly": 3,
            "eps_growth_yearly": 75.15
        },
        "20072": {
            "year_quarter": 20072,
            "year": 2007,
            "quarter": 2,
            "eps": 0.87,
            "eps_growth_year": 123.08,
            "eps_4q": 2.41,
            "eps_4q_growth_year": -0.75,
            "roe": 5.99,
            "roe_4q": 17.05,
            "gross_profit": 184158,
            "gross_margin": 27.43,
            "gross_margin_4q_avg": 24.58,
            "net_income": 92661,
            "revenue": 671491,
            "common_shares": 1035507,
            "book_valuer_per_share": 14.8,
            "book_valuer_per_share_4q_avg": 14.58,
            "equity": 1532090,
            "current_ratio": 211.57,
            "debt_ratio": 33.85,
            "inventory_turnover_ratio": 1.03,
            "account_receivable_turnover_ratio": null,
            "reinvestment_rate": 23.67,
            "research_to_sale_ratio": null,
            "price_fair": 118.04,
            "eps_avg_yearly": 3.37,
            "eps_latest_yearly": 3.48,
            "eps_growth_yearly": 84.15
        },
        "20073": {
            "year_quarter": 20073,
            "year": 2007,
            "quarter": 3,
            "eps": 1.41,
            "eps_growth_year": 123.81,
            "eps_4q": 3.19,
            "eps_4q_growth_year": 73.93,
            "roe": 9.4,
            "roe_4q": 21.84,
            "gross_profit": 213405,
            "gross_margin": 27.42,
            "gross_margin_4q_avg": 25.4,
            "net_income": 151247,
            "revenue": 778334,
            "common_shares": 1071221,
            "book_valuer_per_share": 15.74,
            "book_valuer_per_share_4q_avg": 14.98,
            "equity": 1686040,
            "current_ratio": 253.75,
            "debt_ratio": 31.29,
            "inventory_turnover_ratio": 1.23,
            "account_receivable_turnover_ratio": null,
            "reinvestment_rate": 15.61,
            "research_to_sale_ratio": null,
            "price_fair": 125.39,
            "eps_avg_yearly": 3.58,
            "eps_latest_yearly": 5.64,
            "eps_growth_yearly": 104.87
        },
        "20074": {
            "year_quarter": 20074,
            "year": 2007,
            "quarter": 4,
            "eps": 0.43,
            "eps_growth_year": 115,
            "eps_4q": 3.41,
            "eps_4q_growth_year": 105.01,
            "roe": 2.79,
            "roe_4q": 23.25,
            "gross_profit": 130175,
            "gross_margin": 23.97,
            "gross_margin_4q_avg": 25.55,
            "net_income": 46459,
            "revenue": 543173,
            "common_shares": 1071221,
            "book_valuer_per_share": 15.2,
            "book_valuer_per_share_4q_avg": 15.21,
            "equity": 1648866,
            "current_ratio": 253.68,
            "debt_ratio": 32.72,
            "inventory_turnover_ratio": 0.72,
            "account_receivable_turnover_ratio": null,
            "reinvestment_rate": 14.15,
            "research_to_sale_ratio": null,
            "price_fair": 118.65,
            "eps_avg_yearly": 3.39,
            "eps_latest_yearly": 1.72,
            "eps_growth_yearly": 59.86
        },
        "20081": {
            "year_quarter": 20081,
            "year": 2008,
            "quarter": 1,
            "eps": 0.31,
            "eps_growth_year": -58.67,
            "eps_4q": 3.09,
            "eps_4q_growth_year": 59.73,
            "roe": 1.95,
            "roe_4q": 20.130000000000003,
            "gross_profit": 231807,
            "gross_margin": 37.7,
            "gross_margin_4q_avg": 29.13,
            "net_income": 32318,
            "revenue": 614894,
            "common_shares": 1071221,
            "book_valuer_per_share": 15.34,
            "book_valuer_per_share_4q_avg": 15.27,
            "equity": 1663220,
            "current_ratio": 297.62,
            "debt_ratio": 27.52,
            "inventory_turnover_ratio": 0.55,
            "account_receivable_turnover_ratio": null,
            "reinvestment_rate": 21.29,
            "research_to_sale_ratio": null,
            "price_fair": 110.43,
            "eps_avg_yearly": 3.16,
            "eps_latest_yearly": 1.24,
            "eps_growth_yearly": 51.84
        },
        "20082": {
            "year_quarter": 20082,
            "year": 2008,
            "quarter": 2,
            "eps": 0.48,
            "eps_growth_year": -44.83,
            "eps_4q": 2.55,
            "eps_4q_growth_year": 5.76,
            "roe": 3.43,
            "roe_4q": 17.57,
            "gross_profit": 253334,
            "gross_margin": 35.83,
            "gross_margin_4q_avg": 31.23,
            "net_income": 53236,
            "revenue": 706950,
            "common_shares": 1071221,
            "book_valuer_per_share": 13.22,
            "book_valuer_per_share_4q_avg": 14.88,
            "equity": 1436770,
            "current_ratio": 214.64,
            "debt_ratio": 38.64,
            "inventory_turnover_ratio": 0.64,
            "account_receivable_turnover_ratio": null,
            "reinvestment_rate": 15.54,
            "research_to_sale_ratio": null,
            "price_fair": 101.15,
            "eps_avg_yearly": 2.89,
            "eps_latest_yearly": 1.92,
            "eps_growth_yearly": 59.75
        },
        "20083": {
            "year_quarter": 20083,
            "year": 2008,
            "quarter": 3,
            "eps": 0.59,
            "eps_growth_year": -58.16,
            "eps_4q": 1.75,
            "eps_4q_growth_year": -44.99,
            "roe": 4.67,
            "roe_4q": 12.84,
            "gross_profit": 282152,
            "gross_margin": 33.75,
            "gross_margin_4q_avg": 32.81,
            "net_income": 65933,
            "revenue": 835894,
            "common_shares": 1122498,
            "book_valuer_per_share": 12.13,
            "book_valuer_per_share_4q_avg": 13.97,
            "equity": 1383954,
            "current_ratio": 249.21,
            "debt_ratio": 32.03,
            "inventory_turnover_ratio": 0.81,
            "account_receivable_turnover_ratio": null,
            "reinvestment_rate": 16.44,
            "research_to_sale_ratio": null,
            "price_fair": 92.84,
            "eps_avg_yearly": 2.65,
            "eps_latest_yearly": 2.36,
            "eps_growth_yearly": 65.48
        },
        "20084": {
            "year_quarter": 20084,
            "year": 2008,
            "quarter": 4,
            "eps": 0.38,
            "eps_growth_year": -11.63,
            "eps_4q": 1.74,
            "eps_4q_growth_year": -48.85,
            "roe": 3.01,
            "roe_4q": 13.059999999999999,
            "gross_profit": 213516,
            "gross_margin": 32.08,
            "gross_margin_4q_avg": 34.84,
            "net_income": 41644,
            "revenue": 665654,
            "common_shares": 1122498,
            "book_valuer_per_share": 12.31,
            "book_valuer_per_share_4q_avg": 13.25,
            "equity": 1381703,
            "current_ratio": 310.56,
            "debt_ratio": 25.51,
            "inventory_turnover_ratio": 0.75,
            "account_receivable_turnover_ratio": 3.87,
            "reinvestment_rate": 8.66,
            "research_to_sale_ratio": null,
            "price_fair": 90.48,
            "eps_avg_yearly": 2.59,
            "eps_latest_yearly": 1.52,
            "eps_growth_yearly": 71.03
        },
        "20091": {
            "year_quarter": 20091,
            "year": 2009,
            "quarter": 1,
            "eps": 0.35,
            "eps_growth_year": 12.9,
            "eps_4q": 1.89,
            "eps_4q_growth_year": -38.95,
            "roe": 2.57,
            "roe_4q": 13.68,
            "gross_profit": 207193,
            "gross_margin": 37.33,
            "gross_margin_4q_avg": 34.75,
            "net_income": 36107,
            "revenue": 555098,
            "common_shares": 1122498,
            "book_valuer_per_share": 12.7,
            "book_valuer_per_share_4q_avg": 12.59,
            "equity": 1425557,
            "current_ratio": 331.97,
            "debt_ratio": 23.74,
            "inventory_turnover_ratio": 0.65,
            "account_receivable_turnover_ratio": 1.64,
            "reinvestment_rate": 15.78,
            "research_to_sale_ratio": null,
            "price_fair": 84.96,
            "eps_avg_yearly": 2.43,
            "eps_latest_yearly": 1.4,
            "eps_growth_yearly": 56.37
        },
        "20092": {
            "year_quarter": 20092,
            "year": 2009,
            "quarter": 2,
            "eps": 0.59,
            "eps_growth_year": 22.92,
            "eps_4q": 1.93,
            "eps_4q_growth_year": -24.07,
            "roe": 4.5,
            "roe_4q": 14.75,
            "gross_profit": 277150,
            "gross_margin": 41.73,
            "gross_margin_4q_avg": 36.22,
            "net_income": 62569,
            "revenue": 664165,
            "common_shares": 1122498,
            "book_valuer_per_share": 12.08,
            "book_valuer_per_share_4q_avg": 12.31,
            "equity": 1356184,
            "current_ratio": 237.88,
            "debt_ratio": 34.18,
            "inventory_turnover_ratio": 0.7,
            "account_receivable_turnover_ratio": 1.82,
            "reinvestment_rate": 16.08,
            "research_to_sale_ratio": null,
            "price_fair": 82.08,
            "eps_avg_yearly": 2.35,
            "eps_latest_yearly": 2.36,
            "eps_growth_yearly": 75.04
        },
        "20093": {
            "year_quarter": 20093,
            "year": 2009,
            "quarter": 3,
            "eps": 0.59,
            "eps_growth_year": 0,
            "eps_4q": 1.91,
            "eps_4q_growth_year": 8.71,
            "roe": 4.54,
            "roe_4q": 14.62,
            "gross_profit": 262836,
            "gross_margin": 40.29,
            "gross_margin_4q_avg": 37.86,
            "net_income": 62803,
            "revenue": 652348,
            "common_shares": 1143228,
            "book_valuer_per_share": 12.36,
            "book_valuer_per_share_4q_avg": 12.36,
            "equity": 1413071,
            "current_ratio": 276.54,
            "debt_ratio": 28.71,
            "inventory_turnover_ratio": 0.64,
            "account_receivable_turnover_ratio": 1.74,
            "reinvestment_rate": 16.75,
            "research_to_sale_ratio": null,
            "price_fair": 77.88,
            "eps_avg_yearly": 2.23,
            "eps_latest_yearly": 2.36,
            "eps_growth_yearly": 70.96
        },
        "20094": {
            "year_quarter": 20094,
            "year": 2009,
            "quarter": 4,
            "eps": 0.29,
            "eps_growth_year": -23.68,
            "eps_4q": 1.82,
            "eps_4q_growth_year": 4.52,
            "roe": 2.17,
            "roe_4q": 13.780000000000001,
            "gross_profit": 215465,
            "gross_margin": 33.57,
            "gross_margin_4q_avg": 38.23,
            "net_income": 30977,
            "revenue": 641843,
            "common_shares": 1143228,
            "book_valuer_per_share": 50.89,
            "book_valuer_per_share_4q_avg": 22.01,
            "equity": 1441479,
            "current_ratio": 291,
            "debt_ratio": 27.92,
            "inventory_turnover_ratio": 0.69,
            "account_receivable_turnover_ratio": 4.35,
            "reinvestment_rate": 6.31,
            "research_to_sale_ratio": null,
            "price_fair": 76.56,
            "eps_avg_yearly": 2.19,
            "eps_latest_yearly": 1.16,
            "eps_growth_yearly": 72.97
        },
        "20101": {
            "year_quarter": 20101,
            "year": 2010,
            "quarter": 1,
            "eps": 0.32,
            "eps_growth_year": -8.57,
            "eps_4q": 1.8,
            "eps_4q_growth_year": -4.82,
            "roe": 2.32,
            "roe_4q": 13.530000000000001,
            "gross_profit": 211575,
            "gross_margin": 33.25,
            "gross_margin_4q_avg": 37.21,
            "net_income": 33702,
            "revenue": 636367,
            "common_shares": 1143228,
            "book_valuer_per_share": 13.88,
            "book_valuer_per_share_4q_avg": 22.3,
            "equity": 1467608,
            "current_ratio": 277.94,
            "debt_ratio": 29.31,
            "inventory_turnover_ratio": 0.7,
            "account_receivable_turnover_ratio": 2.21,
            "reinvestment_rate": 0.41,
            "research_to_sale_ratio": 4.1,
            "price_fair": 75.08,
            "eps_avg_yearly": 2.15,
            "eps_latest_yearly": 1.28,
            "eps_growth_yearly": 72.72
        },
        "20102": {
            "year_quarter": 20102,
            "year": 2010,
            "quarter": 2,
            "eps": 0.2,
            "eps_growth_year": -66.87,
            "eps_4q": 1.37,
            "eps_4q_growth_year": -29.22,
            "roe": 1.38,
            "roe_4q": 10.41,
            "gross_profit": 221522,
            "gross_margin": 30.48,
            "gross_margin_4q_avg": 34.4,
            "net_income": 19659,
            "revenue": 726763,
            "common_shares": 1143228,
            "book_valuer_per_share": 12.76,
            "book_valuer_per_share_4q_avg": 22.47,
            "equity": 1390309,
            "current_ratio": 208.73,
            "debt_ratio": 39.09,
            "inventory_turnover_ratio": 0.79,
            "account_receivable_turnover_ratio": 2.23,
            "reinvestment_rate": -1.02,
            "research_to_sale_ratio": 4.66,
            "price_fair": 73.41,
            "eps_avg_yearly": 2.1,
            "eps_latest_yearly": 0.8,
            "eps_growth_yearly": 68.44
        },
        "20103": {
            "year_quarter": 20103,
            "year": 2010,
            "quarter": 3,
            "eps": 0.44,
            "eps_growth_year": -26.26,
            "eps_4q": 1.23,
            "eps_4q_growth_year": -35.71,
            "roe": 3.3,
            "roe_4q": 9.17,
            "gross_profit": 256657,
            "gross_margin": 31.7,
            "gross_margin_4q_avg": 32.25,
            "net_income": 46652,
            "revenue": 809615,
            "common_shares": 1143228,
            "book_valuer_per_share": 13.16,
            "book_valuer_per_share_4q_avg": 22.67,
            "equity": 1435353,
            "current_ratio": 210.66,
            "debt_ratio": 37.54,
            "inventory_turnover_ratio": 0.79,
            "account_receivable_turnover_ratio": 1.95,
            "reinvestment_rate": -2.19,
            "research_to_sale_ratio": 3.04,
            "price_fair": 71.75,
            "eps_avg_yearly": 2.05,
            "eps_latest_yearly": 1.76,
            "eps_growth_yearly": 83.06
        },
        "20104": {
            "year_quarter": 20104,
            "year": 2010,
            "quarter": 4,
            "eps": -0.2,
            "eps_growth_year": -169.08,
            "eps_4q": 0.74,
            "eps_4q_growth_year": -59.34,
            "roe": -1.67,
            "roe_4q": 5.33,
            "gross_profit": 174386,
            "gross_margin": 30.58,
            "gross_margin_4q_avg": 31.5,
            "net_income": -23530,
            "revenue": 570182,
            "common_shares": 1117228,
            "book_valuer_per_share": 12.7,
            "book_valuer_per_share_4q_avg": 13.13,
            "equity": 1383472,
            "current_ratio": 247.68,
            "debt_ratio": 31.93,
            "inventory_turnover_ratio": 0.57,
            "account_receivable_turnover_ratio": 1.34,
            "reinvestment_rate": -11.34,
            "research_to_sale_ratio": 4.54,
            "price_fair": 74.67,
            "eps_avg_yearly": 2.13,
            "eps_latest_yearly": 1.76,
            "eps_growth_yearly": 106.8
        },
        "20111": {
            "year_quarter": 20111,
            "year": 2011,
            "quarter": 1,
            "eps": 0.05,
            "eps_growth_year": -84.38,
            "eps_4q": 0.48,
            "eps_4q_growth_year": -73.51,
            "roe": 0.33,
            "roe_4q": 3.34,
            "gross_profit": 183736,
            "gross_margin": 34.52,
            "gross_margin_4q_avg": 31.82,
            "net_income": 4535,
            "revenue": 532265,
            "common_shares": 1117228,
            "book_valuer_per_share": 12.82,
            "book_valuer_per_share_4q_avg": 12.86,
            "equity": 1396076,
            "current_ratio": 262.72,
            "debt_ratio": 29.72,
            "inventory_turnover_ratio": 0.54,
            "account_receivable_turnover_ratio": 1.44,
            "reinvestment_rate": -4.26,
            "research_to_sale_ratio": 5.56,
            "price_fair": 72.5,
            "eps_avg_yearly": 2.07,
            "eps_latest_yearly": 1.76,
            "eps_growth_yearly": 35.86
        },
        "20112": {
            "year_quarter": 20112,
            "year": 2011,
            "quarter": 2,
            "eps": 0,
            "eps_growth_year": -99.92,
            "eps_4q": 0.26,
            "eps_4q_growth_year": -81.16,
            "roe": -0.12,
            "roe_4q": 1.8399999999999999,
            "gross_profit": 198834,
            "gross_margin": 32.7,
            "gross_margin_4q_avg": 32.38,
            "net_income": -1735,
            "revenue": 607997,
            "common_shares": 1117228,
            "book_valuer_per_share": 12.75,
            "book_valuer_per_share_4q_avg": 12.86,
            "equity": 1386634,
            "current_ratio": 229.53,
            "debt_ratio": 35.17,
            "inventory_turnover_ratio": 0.6,
            "account_receivable_turnover_ratio": 1.61,
            "reinvestment_rate": -6.66,
            "research_to_sale_ratio": 5.81,
            "price_fair": 68.71,
            "eps_avg_yearly": 1.96,
            "eps_latest_yearly": 1.76,
            "eps_growth_yearly": 33.69
        },
        "20113": {
            "year_quarter": 20113,
            "year": 2011,
            "quarter": 3,
            "eps": 0.35,
            "eps_growth_year": -20.08,
            "eps_4q": 0.21,
            "eps_4q_growth_year": -83.16,
            "roe": 2.83,
            "roe_4q": 1.37,
            "gross_profit": 231228,
            "gross_margin": 33.82,
            "gross_margin_4q_avg": 32.91,
            "net_income": 40040,
            "revenue": 683769,
            "common_shares": 1185079,
            "book_valuer_per_share": 12.2,
            "book_valuer_per_share_4q_avg": 12.62,
            "equity": 1445507,
            "current_ratio": 242.49,
            "debt_ratio": 33.67,
            "inventory_turnover_ratio": 0.64,
            "account_receivable_turnover_ratio": 1.48,
            "reinvestment_rate": 4.23,
            "research_to_sale_ratio": 4.48,
            "price_fair": 42.76,
            "eps_avg_yearly": 1.66,
            "eps_latest_yearly": 1.76,
            "eps_growth_yearly": 15.81
        },
        "20114": {
            "year_quarter": 20114,
            "year": 2011,
            "quarter": 4,
            "eps": -0.83,
            "eps_growth_year": null,
            "eps_4q": -0.44,
            "eps_4q_growth_year": -160.06,
            "roe": -7,
            "roe_4q": -3.96,
            "gross_profit": 113946,
            "gross_margin": 19.62,
            "gross_margin_4q_avg": 30.17,
            "net_income": -97554,
            "revenue": 580777,
            "common_shares": 1185079,
            "book_valuer_per_share": 11.33,
            "book_valuer_per_share_4q_avg": 12.28,
            "equity": 1343487,
            "current_ratio": 273.68,
            "debt_ratio": 29.74,
            "inventory_turnover_ratio": 0.74,
            "account_receivable_turnover_ratio": 1.17,
            "reinvestment_rate": -11.34,
            "research_to_sale_ratio": 3.76,
            "price_fair": 57.78,
            "eps_avg_yearly": 1.65,
            "eps_latest_yearly": 1.76,
            "eps_growth_yearly": 42.52
        },
        "20121": {
            "year_quarter": 20121,
            "year": 2012,
            "quarter": 1,
            "eps": -0.11,
            "eps_growth_year": -320,
            "eps_4q": -0.6,
            "eps_4q_growth_year": -226.88,
            "roe": -0.96,
            "roe_4q": -5.25,
            "gross_profit": 190526,
            "gross_margin": 35.82,
            "gross_margin_4q_avg": 30.49,
            "net_income": -12617,
            "revenue": 531912,
            "common_shares": 1185079,
            "book_valuer_per_share": 11.14,
            "book_valuer_per_share_4q_avg": 11.86,
            "equity": 1297187,
            "current_ratio": 262.53,
            "debt_ratio": 30.9,
            "inventory_turnover_ratio": 0.6,
            "account_receivable_turnover_ratio": 1.21,
            "reinvestment_rate": -13.13,
            "research_to_sale_ratio": 6.15,
            "price_fair": 59.22,
            "eps_avg_yearly": 1.69,
            "eps_latest_yearly": 1.76,
            "eps_growth_yearly": 57.93
        },
        "20122": {
            "year_quarter": 20122,
            "year": 2012,
            "quarter": 2,
            "eps": 0.13,
            "eps_growth_year": 81685.62,
            "eps_4q": -0.48,
            "eps_4q_growth_year": -285.45,
            "roe": 1.12,
            "roe_4q": -4.01,
            "gross_profit": 198154,
            "gross_margin": 35.04,
            "gross_margin_4q_avg": 31.08,
            "net_income": 14540,
            "revenue": 565557,
            "common_shares": 1185079,
            "book_valuer_per_share": 11.27,
            "book_valuer_per_share_4q_avg": 11.49,
            "equity": 1302245,
            "current_ratio": 256,
            "debt_ratio": 31.87,
            "inventory_turnover_ratio": 0.63,
            "account_receivable_turnover_ratio": 1.4,
            "reinvestment_rate": 122.61,
            "research_to_sale_ratio": 5.5,
            "price_fair": 58.33,
            "eps_avg_yearly": 1.67,
            "eps_latest_yearly": 1.76,
            "eps_growth_yearly": 40
        },
        "20123": {
            "year_quarter": 20123,
            "year": 2012,
            "quarter": 3,
            "eps": 0.17,
            "eps_growth_year": -52.52,
            "eps_4q": -0.67,
            "eps_4q_growth_year": -424.55,
            "roe": 1.46,
            "roe_4q": -5.38,
            "gross_profit": 212858,
            "gross_margin": 31.18,
            "gross_margin_4q_avg": 30.42,
            "net_income": 19087,
            "revenue": 682714,
            "common_shares": 1185079,
            "book_valuer_per_share": 11.37,
            "book_valuer_per_share_4q_avg": 11.28,
            "equity": 1313839,
            "current_ratio": 236.24,
            "debt_ratio": 34.46,
            "inventory_turnover_ratio": 0.76,
            "account_receivable_turnover_ratio": 1.55,
            "reinvestment_rate": 134.76,
            "research_to_sale_ratio": 4.38,
            "price_fair": 51.8,
            "eps_avg_yearly": 1.48,
            "eps_latest_yearly": 0.68,
            "eps_growth_yearly": 43.49
        },
        "20124": {
            "year_quarter": 20124,
            "year": 2012,
            "quarter": 4,
            "eps": -0.16,
            "eps_growth_year": null,
            "eps_4q": 0.03,
            "eps_4q_growth_year": null,
            "roe": -1.38,
            "roe_4q": 0.2400000000000002,
            "gross_profit": 160251,
            "gross_margin": 30.46,
            "gross_margin_4q_avg": 33.13,
            "net_income": -18057,
            "revenue": 526150,
            "common_shares": 1185079,
            "book_valuer_per_share": 11.24,
            "book_valuer_per_share_4q_avg": 11.26,
            "equity": 1298381,
            "current_ratio": 264.22,
            "debt_ratio": 31.7,
            "inventory_turnover_ratio": 0.57,
            "account_receivable_turnover_ratio": 1.26,
            "reinvestment_rate": 173.03,
            "research_to_sale_ratio": 6.73,
            "price_fair": 51.63,
            "eps_avg_yearly": 1.48,
            "eps_latest_yearly": 0.68,
            "eps_growth_yearly": 66.72
        },
        "20131": {
            "year_quarter": 20131,
            "year": 2013,
            "quarter": 1,
            "eps": 0.01,
            "eps_growth_year": null,
            "eps_4q": 0.15,
            "eps_4q_growth_year": null,
            "roe": 0.07,
            "roe_4q": 1.2700000000000002,
            "gross_profit": 164791,
            "gross_margin": 32.06,
            "gross_margin_4q_avg": 32.19,
            "net_income": 970,
            "revenue": 514046,
            "common_shares": 1185079,
            "book_valuer_per_share": 11.44,
            "book_valuer_per_share_4q_avg": 11.33,
            "equity": 1313588,
            "current_ratio": 265.53,
            "debt_ratio": 31.03,
            "inventory_turnover_ratio": 0.53,
            "account_receivable_turnover_ratio": 1.18,
            "reinvestment_rate": -26.07,
            "research_to_sale_ratio": 6.61,
            "price_fair": 52,
            "eps_avg_yearly": 1.49,
            "eps_latest_yearly": 0.68,
            "eps_growth_yearly": 80.76
        },
        "20132": {
            "year_quarter": 20132,
            "year": 2013,
            "quarter": 2,
            "eps": -0.19,
            "eps_growth_year": -245.2,
            "eps_4q": -0.17,
            "eps_4q_growth_year": null,
            "roe": -1.86,
            "roe_4q": -1.71,
            "gross_profit": 162923,
            "gross_margin": 27.25,
            "gross_margin_4q_avg": 30.24,
            "net_income": -24218,
            "revenue": 597898,
            "common_shares": 1185079,
            "book_valuer_per_share": 11.29,
            "book_valuer_per_share_4q_avg": 11.34,
            "equity": 1295267,
            "current_ratio": 233.6,
            "debt_ratio": 35.55,
            "inventory_turnover_ratio": 0.63,
            "account_receivable_turnover_ratio": 1.09,
            "reinvestment_rate": -49.84,
            "research_to_sale_ratio": 5.86,
            "price_fair": 46.9,
            "eps_avg_yearly": 1.34,
            "eps_latest_yearly": 0.68,
            "eps_growth_yearly": 48.51
        },
        "20133": {
            "year_quarter": 20133,
            "year": 2013,
            "quarter": 3,
            "eps": -0.2,
            "eps_growth_year": -221.14,
            "eps_4q": -0.54,
            "eps_4q_growth_year": null,
            "roe": -1.98,
            "roe_4q": -5.15,
            "gross_profit": 155512,
            "gross_margin": 26.99,
            "gross_margin_4q_avg": 29.19,
            "net_income": -25340,
            "revenue": 576125,
            "common_shares": 1185079,
            "book_valuer_per_share": 11.04,
            "book_valuer_per_share_4q_avg": 11.25,
            "equity": 1267496,
            "current_ratio": 258.69,
            "debt_ratio": 31.75,
            "inventory_turnover_ratio": 0.62,
            "account_receivable_turnover_ratio": 1.08,
            "reinvestment_rate": -282.87,
            "research_to_sale_ratio": 5,
            "price_fair": 39.76,
            "eps_avg_yearly": 1.14,
            "eps_latest_yearly": 0.68,
            "eps_growth_yearly": 58.21
        },
        "20134": {
            "year_quarter": 20134,
            "year": 2013,
            "quarter": 4,
            "eps": -0.17,
            "eps_growth_year": null,
            "eps_4q": -0.55,
            "eps_4q_growth_year": -1933.34,
            "roe": -1.47,
            "roe_4q": -5.24,
            "gross_profit": 132412,
            "gross_margin": 26.93,
            "gross_margin_4q_avg": 28.31,
            "net_income": -18574,
            "revenue": 491770,
            "common_shares": 1185079,
            "book_valuer_per_share": 10.88,
            "book_valuer_per_share_4q_avg": 11.16,
            "equity": 1255421,
            "current_ratio": 285.41,
            "debt_ratio": 27.68,
            "inventory_turnover_ratio": 0.62,
            "account_receivable_turnover_ratio": 1.04,
            "reinvestment_rate": null,
            "research_to_sale_ratio": 4.63,
            "price_fair": 39.55,
            "eps_avg_yearly": 1.13,
            "eps_latest_yearly": 0.68,
            "eps_growth_yearly": 123.61
        },
        "20141": {
            "year_quarter": 20141,
            "year": 2014,
            "quarter": 1,
            "eps": -0.06,
            "eps_growth_year": -700,
            "eps_4q": -0.63,
            "eps_4q_growth_year": -515.46,
            "roe": -0.6,
            "roe_4q": -5.91,
            "gross_profit": 134502,
            "gross_margin": 33.1,
            "gross_margin_4q_avg": 28.57,
            "net_income": -7576,
            "revenue": 406335,
            "common_shares": 1185079,
            "book_valuer_per_share": 10.87,
            "book_valuer_per_share_4q_avg": 11.02,
            "equity": 1254042,
            "current_ratio": 265.11,
            "debt_ratio": 30.04,
            "inventory_turnover_ratio": 0.48,
            "account_receivable_turnover_ratio": 0.87,
            "reinvestment_rate": null,
            "research_to_sale_ratio": 4.24,
            "price_fair": 37.8,
            "eps_avg_yearly": 1.08,
            "eps_latest_yearly": 0.68,
            "eps_growth_yearly": 151.03
        },
        "20142": {
            "year_quarter": 20142,
            "year": 2014,
            "quarter": 2,
            "eps": -0.41,
            "eps_growth_year": null,
            "eps_4q": -0.85,
            "eps_4q_growth_year": null,
            "roe": -3.86,
            "roe_4q": -7.91,
            "gross_profit": 128182,
            "gross_margin": 31.89,
            "gross_margin_4q_avg": 29.73,
            "net_income": -47381,
            "revenue": 401938,
            "common_shares": 1185079,
            "book_valuer_per_share": 10.44,
            "book_valuer_per_share_4q_avg": 10.81,
            "equity": 1203858,
            "current_ratio": 258.36,
            "debt_ratio": 30.71,
            "inventory_turnover_ratio": 0.44,
            "account_receivable_turnover_ratio": 0.87,
            "reinvestment_rate": null,
            "research_to_sale_ratio": 4.69,
            "price_fair": 42.7,
            "eps_avg_yearly": 1.22,
            "eps_latest_yearly": 0.68,
            "eps_growth_yearly": 301.54
        },
        "20143": {
            "year_quarter": 20143,
            "year": 2014,
            "quarter": 3,
            "eps": -0.11,
            "eps_growth_year": null,
            "eps_4q": -0.75,
            "eps_4q_growth_year": null,
            "roe": -1.03,
            "roe_4q": -6.959999999999999,
            "gross_profit": 128280,
            "gross_margin": 27.98,
            "gross_margin_4q_avg": 29.98,
            "net_income": -12345,
            "revenue": 458395,
            "common_shares": 1185079,
            "book_valuer_per_share": 10.4,
            "book_valuer_per_share_4q_avg": 10.65,
            "equity": 1199582,
            "current_ratio": 274.75,
            "debt_ratio": 28.68,
            "inventory_turnover_ratio": 0.56,
            "account_receivable_turnover_ratio": 1,
            "reinvestment_rate": null,
            "research_to_sale_ratio": 3.4,
            "price_fair": 23.8,
            "eps_avg_yearly": 0.68,
            "eps_latest_yearly": 0.68,
            "eps_growth_yearly": 123.08
        },
        "20144": {
            "year_quarter": 20144,
            "year": 2014,
            "quarter": 4,
            "eps": -0.5,
            "eps_growth_year": null,
            "eps_4q": -1.08,
            "eps_4q_growth_year": null,
            "roe": -5.13,
            "roe_4q": -10.62,
            "gross_profit": 85611,
            "gross_margin": 22.97,
            "gross_margin_4q_avg": 28.99,
            "net_income": -60351,
            "revenue": 372733,
            "common_shares": 1185079,
            "book_valuer_per_share": 10.02,
            "book_valuer_per_share_4q_avg": 10.43,
            "equity": 1153153,
            "current_ratio": 303,
            "debt_ratio": 25.44,
            "inventory_turnover_ratio": 0.55,
            "account_receivable_turnover_ratio": 0.88,
            "reinvestment_rate": null,
            "research_to_sale_ratio": 4.02,
            "price_fair": 23.8,
            "eps_avg_yearly": 0.68,
            "eps_latest_yearly": 0.68,
            "eps_growth_yearly": 123.08
        },
        "20151": {
            "year_quarter": 20151,
            "year": 2015,
            "quarter": 1,
            "eps": -0.47,
            "eps_growth_year": null,
            "eps_4q": -1.49,
            "eps_4q_growth_year": null,
            "roe": -4.85,
            "roe_4q": -14.87,
            "gross_profit": 73112,
            "gross_margin": 28.18,
            "gross_margin_4q_avg": 27.76,
            "net_income": -54621,
            "revenue": 259456,
            "common_shares": 1185079,
            "book_valuer_per_share": 9.52,
            "book_valuer_per_share_4q_avg": 10.1,
            "equity": 1100194,
            "current_ratio": 268.54,
            "debt_ratio": 28.4,
            "inventory_turnover_ratio": 0.38,
            "account_receivable_turnover_ratio": 0.74,
            "reinvestment_rate": null,
            "research_to_sale_ratio": 5.76,
            "price_fair": 23.8,
            "eps_avg_yearly": 0.68,
            "eps_latest_yearly": 0.68,
            "eps_growth_yearly": 123.08
        },
        "20152": {
            "year_quarter": 20152,
            "year": 2015,
            "quarter": 2,
            "eps": -0.45,
            "eps_growth_year": null,
            "eps_4q": -1.53,
            "eps_4q_growth_year": null,
            "roe": -4.86,
            "roe_4q": -15.87,
            "gross_profit": 81207,
            "gross_margin": 28.62,
            "gross_margin_4q_avg": 26.94,
            "net_income": -52186,
            "revenue": 283785,
            "common_shares": 1155079,
            "book_valuer_per_share": 9.05,
            "book_valuer_per_share_4q_avg": 9.75,
            "equity": 1045531,
            "current_ratio": 260.66,
            "debt_ratio": 29.37,
            "inventory_turnover_ratio": 0.4,
            "account_receivable_turnover_ratio": 0.86,
            "reinvestment_rate": null,
            "research_to_sale_ratio": 5.69,
            "price_fair": 23.8,
            "eps_avg_yearly": 0.68,
            "eps_latest_yearly": 0.68,
            "eps_growth_yearly": 123.08
        },
        "20153": {
            "year_quarter": 20153,
            "year": 2015,
            "quarter": 3,
            "eps": -0.25,
            "eps_growth_year": null,
            "eps_4q": -1.68,
            "eps_4q_growth_year": null,
            "roe": -2.78,
            "roe_4q": -17.62,
            "gross_profit": 69594,
            "gross_margin": 20.6,
            "gross_margin_4q_avg": 25.09,
            "net_income": -28767,
            "revenue": 337776,
            "common_shares": 1155079,
            "book_valuer_per_share": 8.89,
            "book_valuer_per_share_4q_avg": 9.37,
            "equity": 1026463,
            "current_ratio": 262.23,
            "debt_ratio": 29.01,
            "inventory_turnover_ratio": 0.59,
            "account_receivable_turnover_ratio": 0.99,
            "reinvestment_rate": null,
            "research_to_sale_ratio": 4.22,
            "price_fair": 23.8,
            "eps_avg_yearly": 0.68,
            "eps_latest_yearly": 0.68,
            "eps_growth_yearly": 123.08
        },
        "20154": {
            "year_quarter": 20154,
            "year": 2015,
            "quarter": 4,
            "eps": -0.35,
            "eps_growth_year": null,
            "eps_4q": -1.52,
            "eps_4q_growth_year": null,
            "roe": -3.99,
            "roe_4q": -16.479999999999997,
            "gross_profit": 61882,
            "gross_margin": 21.66,
            "gross_margin_4q_avg": 24.77,
            "net_income": -40113,
            "revenue": 285746,
            "common_shares": 1155079,
            "book_valuer_per_share": 8.53,
            "book_valuer_per_share_4q_avg": 9,
            "equity": 985189,
            "current_ratio": 244.93,
            "debt_ratio": 30.7,
            "inventory_turnover_ratio": 0.55,
            "account_receivable_turnover_ratio": 0.91,
            "reinvestment_rate": null,
            "research_to_sale_ratio": 5.16,
            "price_fair": 23.8,
            "eps_avg_yearly": 0.68,
            "eps_latest_yearly": 0.68,
            "eps_growth_yearly": 123.08
        },
        "20161": {
            "year_quarter": 20161,
            "year": 2016,
            "quarter": 1,
            "eps": 0.02,
            "eps_growth_year": null,
            "eps_4q": -1.03,
            "eps_4q_growth_year": null,
            "roe": 0.25,
            "roe_4q": -11.379999999999999,
            "gross_profit": 83544,
            "gross_margin": 30.96,
            "gross_margin_4q_avg": 25.46,
            "net_income": 2506,
            "revenue": 269806,
            "common_shares": 1155079,
            "book_valuer_per_share": 8.51,
            "book_valuer_per_share_4q_avg": 8.75,
            "equity": 982807,
            "current_ratio": 264.07,
            "debt_ratio": 28.37,
            "inventory_turnover_ratio": 0.45,
            "account_receivable_turnover_ratio": 1.06,
            "reinvestment_rate": null,
            "research_to_sale_ratio": 4.76,
            "price_fair": 23.8,
            "eps_avg_yearly": 0.68,
            "eps_latest_yearly": 0.68,
            "eps_growth_yearly": 123.08
        },
        "20162": {
            "year_quarter": 20162,
            "year": 2016,
            "quarter": 2,
            "eps": 0.14,
            "eps_growth_year": null,
            "eps_4q": -0.44,
            "eps_4q_growth_year": null,
            "roe": 1.6,
            "roe_4q": -4.92,
            "gross_profit": 104758,
            "gross_margin": 31.65,
            "gross_margin_4q_avg": 26.22,
            "net_income": 15867,
            "revenue": 330939,
            "common_shares": 1155079,
            "book_valuer_per_share": 8.63,
            "book_valuer_per_share_4q_avg": 8.64,
            "equity": 996380,
            "current_ratio": 267.18,
            "debt_ratio": 28.39,
            "inventory_turnover_ratio": 0.55,
            "account_receivable_turnover_ratio": 1.22,
            "reinvestment_rate": null,
            "research_to_sale_ratio": 3.72,
            "price_fair": 21.7,
            "eps_avg_yearly": 0.62,
            "eps_latest_yearly": 0.56,
            "eps_growth_yearly": 1261.54
        },
        "20163": {
            "year_quarter": 20163,
            "year": 2016,
            "quarter": 3,
            "eps": 0.12,
            "eps_growth_year": null,
            "eps_4q": -0.07,
            "eps_4q_growth_year": null,
            "roe": 1.37,
            "roe_4q": -0.77,
            "gross_profit": 111237,
            "gross_margin": 35.71,
            "gross_margin_4q_avg": 30,
            "net_income": 13734,
            "revenue": 311526,
            "common_shares": 1155079,
            "book_valuer_per_share": 8.71,
            "book_valuer_per_share_4q_avg": 8.6,
            "equity": 1005883,
            "current_ratio": 285.35,
            "debt_ratio": 26.65,
            "inventory_turnover_ratio": 0.52,
            "account_receivable_turnover_ratio": 1.1,
            "reinvestment_rate": null,
            "research_to_sale_ratio": 3.98,
            "price_fair": 18.2,
            "eps_avg_yearly": 0.52,
            "eps_latest_yearly": 0.48,
            "eps_growth_yearly": 1171.43
        },
        "20164": {
            "year_quarter": 20164,
            "year": 2016,
            "quarter": 4,
            "eps": -0.14,
            "eps_growth_year": null,
            "eps_4q": 0.14,
            "eps_4q_growth_year": null,
            "roe": -1.57,
            "roe_4q": 1.6500000000000001,
            "gross_profit": 71087,
            "gross_margin": 31.03,
            "gross_margin_4q_avg": 32.34,
            "net_income": -15743,
            "revenue": 229072,
            "common_shares": 1155079,
            "book_valuer_per_share": 8.6,
            "book_valuer_per_share_4q_avg": 8.61,
            "equity": 993504,
            "current_ratio": 328.57,
            "debt_ratio": 22.86,
            "inventory_turnover_ratio": 0.44,
            "account_receivable_turnover_ratio": 1.1,
            "reinvestment_rate": null,
            "research_to_sale_ratio": 6.05,
            "price_fair": 18.2,
            "eps_avg_yearly": 0.52,
            "eps_latest_yearly": 0.48,
            "eps_growth_yearly": 1171.43
        },
        "20171": {
            "year_quarter": 20171,
            "year": 2017,
            "quarter": 1,
            "eps": -0.23,
            "eps_growth_year": -1250,
            "eps_4q": -0.11,
            "eps_4q_growth_year": null,
            "roe": -2.72,
            "roe_4q": -1.3199999999999998,
            "gross_profit": 54095,
            "gross_margin": 29.23,
            "gross_margin_4q_avg": 31.91,
            "net_income": -26541,
            "revenue": 185098,
            "common_shares": 1155079,
            "book_valuer_per_share": 8.32,
            "book_valuer_per_share_4q_avg": 8.57,
            "equity": 960624,
            "current_ratio": 386.31,
            "debt_ratio": 18.9,
            "inventory_turnover_ratio": 0.4,
            "account_receivable_turnover_ratio": 1.31,
            "reinvestment_rate": null,
            "research_to_sale_ratio": 6,
            "price_fair": 18.2,
            "eps_avg_yearly": 0.52,
            "eps_latest_yearly": 0.48,
            "eps_growth_yearly": 1171.43
        },
        "20172": {
            "year_quarter": 20172,
            "year": 2017,
            "quarter": 2,
            "eps": -0.08,
            "eps_growth_year": -157.14,
            "eps_4q": -0.33,
            "eps_4q_growth_year": null,
            "roe": -0.98,
            "roe_4q": -3.9000000000000004,
            "gross_profit": 52572,
            "gross_margin": 32.43,
            "gross_margin_4q_avg": 32.1,
            "net_income": -9385,
            "revenue": 162118,
            "common_shares": 1155079,
            "book_valuer_per_share": 8.23,
            "book_valuer_per_share_4q_avg": 8.47,
            "equity": 950992,
            "current_ratio": 374.58,
            "debt_ratio": 19.6,
            "inventory_turnover_ratio": 0.37,
            "account_receivable_turnover_ratio": 1.45,
            "reinvestment_rate": null,
            "research_to_sale_ratio": 6.93,
            "price_fair": 18.2,
            "eps_avg_yearly": 0.52,
            "eps_latest_yearly": 0.48,
            "eps_growth_yearly": 1171.43
        },
        "20173": {
            "year_quarter": 20173,
            "year": 2017,
            "quarter": 3,
            "eps": -0.25,
            "eps_growth_year": -308.33,
            "eps_4q": -0.69,
            "eps_4q_growth_year": null,
            "roe": -3.04,
            "roe_4q": -8.31,
            "gross_profit": 30445,
            "gross_margin": 26.79,
            "gross_margin_4q_avg": 29.87,
            "net_income": -28486,
            "revenue": 113650,
            "common_shares": 1155079,
            "book_valuer_per_share": 7.99,
            "book_valuer_per_share_4q_avg": 8.29,
            "equity": 922361,
            "current_ratio": 385.61,
            "debt_ratio": 18.7,
            "inventory_turnover_ratio": 0.29,
            "account_receivable_turnover_ratio": 1.3,
            "reinvestment_rate": null,
            "research_to_sale_ratio": 8.03,
            "price_fair": 18.2,
            "eps_avg_yearly": 0.52,
            "eps_latest_yearly": 0.48,
            "eps_growth_yearly": 1171.43
        },
        "20174": {
            "year_quarter": 20174,
            "year": 2017,
            "quarter": 4,
            "eps": -0.34,
            "eps_growth_year": null,
            "eps_4q": -0.9,
            "eps_4q_growth_year": -733.44,
            "roe": -4.35,
            "roe_4q": -11.09,
            "gross_profit": 19281,
            "gross_margin": 17.99,
            "gross_margin_4q_avg": 26.61,
            "net_income": -39244,
            "revenue": 107158,
            "common_shares": 1155079,
            "book_valuer_per_share": 7.63,
            "book_valuer_per_share_4q_avg": 8.04,
            "equity": 881506,
            "current_ratio": 422.04,
            "debt_ratio": 16.77,
            "inventory_turnover_ratio": 0.33,
            "account_receivable_turnover_ratio": 1.56,
            "reinvestment_rate": null,
            "research_to_sale_ratio": 5.73,
            "price_fair": 18.2,
            "eps_avg_yearly": 0.52,
            "eps_latest_yearly": 0.48,
            "eps_growth_yearly": 1171.43
        },
        "20181": {
            "year_quarter": 20181,
            "year": 2018,
            "quarter": 1,
            "eps": -0.22,
            "eps_growth_year": null,
            "eps_4q": -0.89,
            "eps_4q_growth_year": null,
            "roe": -2.99,
            "roe_4q": -11.36,
            "gross_profit": 22148,
            "gross_margin": 23.45,
            "gross_margin_4q_avg": 25.17,
            "net_income": -25980,
            "revenue": 94461,
            "common_shares": 1155079,
            "book_valuer_per_share": 7.39,
            "book_valuer_per_share_4q_avg": 7.81,
            "equity": 854041,
            "current_ratio": 384.8,
            "debt_ratio": 17.98,
            "inventory_turnover_ratio": 0.28,
            "account_receivable_turnover_ratio": 1.46,
            "reinvestment_rate": null,
            "research_to_sale_ratio": 8.99,
            "price_fair": 18.2,
            "eps_avg_yearly": 0.52,
            "eps_latest_yearly": 0.48,
            "eps_growth_yearly": 1171.43
        },
        "20182": {
            "year_quarter": 20182,
            "year": 2018,
            "quarter": 2,
            "eps": -0.23,
            "eps_growth_year": null,
            "eps_4q": -1.04,
            "eps_4q_growth_year": null,
            "roe": -3.15,
            "roe_4q": -13.530000000000001,
            "gross_profit": 835,
            "gross_margin": 0.7,
            "gross_margin_4q_avg": 17.23,
            "net_income": -26506,
            "revenue": 119482,
            "common_shares": 1155079,
            "book_valuer_per_share": 7.17,
            "book_valuer_per_share_4q_avg": 7.55,
            "equity": 828567,
            "current_ratio": 363.82,
            "debt_ratio": 18.37,
            "inventory_turnover_ratio": 0.49,
            "account_receivable_turnover_ratio": 1.81,
            "reinvestment_rate": null,
            "research_to_sale_ratio": 6.53,
            "price_fair": 18.2,
            "eps_avg_yearly": 0.52,
            "eps_latest_yearly": 0.48,
            "eps_growth_yearly": 1171.43
        },
        "20183": {
            "year_quarter": 20183,
            "year": 2018,
            "quarter": 3,
            "eps": -0.71,
            "eps_growth_year": null,
            "eps_4q": -1.5,
            "eps_4q_growth_year": null,
            "roe": -10.41,
            "roe_4q": -20.9,
            "gross_profit": -26493,
            "gross_margin": -21.27,
            "gross_margin_4q_avg": 5.22,
            "net_income": -81976,
            "revenue": 124529,
            "common_shares": 1155079,
            "book_valuer_per_share": 6.47,
            "book_valuer_per_share_4q_avg": 7.17,
            "equity": 746992,
            "current_ratio": 335.23,
            "debt_ratio": 18.01,
            "inventory_turnover_ratio": 0.87,
            "account_receivable_turnover_ratio": 1.79,
            "reinvestment_rate": null,
            "research_to_sale_ratio": 6.93,
            "price_fair": 18.2,
            "eps_avg_yearly": 0.52,
            "eps_latest_yearly": 0.48,
            "eps_growth_yearly": 1171.43
        },
        "20184": {
            "year_quarter": 20184,
            "year": 2018,
            "quarter": 4,
            "eps": -0.43,
            "eps_growth_year": null,
            "eps_4q": -1.59,
            "eps_4q_growth_year": null,
            "roe": -6.85,
            "roe_4q": -23.4,
            "gross_profit": -795,
            "gross_margin": -0.92,
            "gross_margin_4q_avg": 0.49,
            "net_income": -49498,
            "revenue": 85959,
            "common_shares": 1155079,
            "book_valuer_per_share": 6.04,
            "book_valuer_per_share_4q_avg": 6.77,
            "equity": 698008,
            "current_ratio": 317.03,
            "debt_ratio": 18.34,
            "inventory_turnover_ratio": 0.75,
            "account_receivable_turnover_ratio": 1.4,
            "reinvestment_rate": null,
            "research_to_sale_ratio": 13.92,
            "price_fair": 18.2,
            "eps_avg_yearly": 0.52,
            "eps_latest_yearly": 0.48,
            "eps_growth_yearly": 1171.43
        },
        "20191": {
            "year_quarter": 20191,
            "year": 2019,
            "quarter": 1,
            "eps": -0.16,
            "eps_growth_year": null,
            "eps_4q": -1.52,
            "eps_4q_growth_year": null,
            "roe": -2.63,
            "roe_4q": -23.04,
            "gross_profit": 13721,
            "gross_margin": 17.33,
            "gross_margin_4q_avg": -1.04,
            "net_income": -18136,
            "revenue": 79163,
            "common_shares": 1155079,
            "book_valuer_per_share": 5.89,
            "book_valuer_per_share_4q_avg": 6.39,
            "equity": 679942,
            "current_ratio": 299.16,
            "debt_ratio": 19.73,
            "inventory_turnover_ratio": 0.66,
            "account_receivable_turnover_ratio": 1.47,
            "reinvestment_rate": null,
            "research_to_sale_ratio": 13.27,
            "price_fair": 18.2,
            "eps_avg_yearly": 0.52,
            "eps_latest_yearly": 0.48,
            "eps_growth_yearly": 1171.43
        },
        "20192": {
            "year_quarter": 20192,
            "year": 2019,
            "quarter": 2,
            "eps": -0.37,
            "eps_growth_year": null,
            "eps_4q": -1.51,
            "eps_4q_growth_year": null,
            "roe": -3.74,
            "roe_4q": -23.63,
            "gross_profit": 18975,
            "gross_margin": 22.67,
            "gross_margin_4q_avg": 4.45,
            "net_income": -24936,
            "revenue": 83694,
            "common_shares": 1155079,
            "book_valuer_per_share": 5.65,
            "book_valuer_per_share_4q_avg": 6.01,
            "equity": 653180,
            "current_ratio": 283.71,
            "debt_ratio": 19.88,
            "inventory_turnover_ratio": 0.67,
            "account_receivable_turnover_ratio": 1.52,
            "reinvestment_rate": null,
            "research_to_sale_ratio": 13.83,
            "price_fair": 18.2,
            "eps_avg_yearly": 0.52,
            "eps_latest_yearly": 0.48,
            "eps_growth_yearly": 1171.43
        },
        "20193": {
            "year_quarter": 20193,
            "year": 2019,
            "quarter": 3,
            "eps": -0.39,
            "eps_growth_year": null,
            "eps_4q": -1.74,
            "eps_4q_growth_year": null,
            "roe": -4.11,
            "roe_4q": -17.33,
            "gross_profit": 11170,
            "gross_margin": 17.73,
            "gross_margin_4q_avg": 14.2,
            "net_income": -26273,
            "revenue": 62985,
            "common_shares": 681151,
            "book_valuer_per_share": 9.2,
            "book_valuer_per_share_4q_avg": 6.7,
            "equity": 626476,
            "current_ratio": 276.75,
            "debt_ratio": 19.16,
            "inventory_turnover_ratio": 0.56,
            "account_receivable_turnover_ratio": 1.28,
            "reinvestment_rate": null,
            "research_to_sale_ratio": 18.86,
            "price_fair": 18.2,
            "eps_avg_yearly": 0.52,
            "eps_latest_yearly": 0.48,
            "eps_growth_yearly": 1171.43
        },
        "20194": {
            "year_quarter": 20194,
            "year": 2019,
            "quarter": 4,
            "eps": -0.47,
            "eps_growth_year": null,
            "eps_4q": -1.49,
            "eps_4q_growth_year": null,
            "roe": -5.21,
            "roe_4q": -15.690000000000001,
            "gross_profit": 4231,
            "gross_margin": 7.08,
            "gross_margin_4q_avg": 16.2,
            "net_income": -31925,
            "revenue": 59800,
            "common_shares": 681151,
            "book_valuer_per_share": 8.79,
            "book_valuer_per_share_4q_avg": 7.38,
            "equity": 598716,
            "current_ratio": 252.87,
            "debt_ratio": 19.49,
            "inventory_turnover_ratio": 0.66,
            "account_receivable_turnover_ratio": 1.68,
            "reinvestment_rate": null,
            "research_to_sale_ratio": 26.25,
            "price_fair": 18.2,
            "eps_avg_yearly": 0.52,
            "eps_latest_yearly": 0.48,
            "eps_growth_yearly": 1171.43
        },
        "20201": {
            "year_quarter": 20201,
            "year": 2020,
            "quarter": 1,
            "eps": -0.73,
            "eps_growth_year": null,
            "eps_4q": -1.95,
            "eps_4q_growth_year": null,
            "roe": -8.66,
            "roe_4q": -21.72,
            "gross_profit": 4857,
            "gross_margin": 7.69,
            "gross_margin_4q_avg": 13.79,
            "net_income": -49651,
            "revenue": 63158,
            "common_shares": 681151,
            "book_valuer_per_share": 8.05,
            "book_valuer_per_share_4q_avg": 7.92,
            "equity": 548272,
            "current_ratio": 217.73,
            "debt_ratio": 21.01,
            "inventory_turnover_ratio": 0.78,
            "account_receivable_turnover_ratio": 1.83,
            "reinvestment_rate": null,
            "research_to_sale_ratio": 19.35,
            "price_fair": 18.2,
            "eps_avg_yearly": 0.52,
            "eps_latest_yearly": 0.48,
            "eps_growth_yearly": 1171.43
        },
        "20202": {
            "year_quarter": 20202,
            "year": 2020,
            "quarter": 2,
            "eps": 0.47,
            "eps_growth_year": null,
            "eps_4q": -1.11,
            "eps_4q_growth_year": null,
            "roe": 5.66,
            "roe_4q": -12.32,
            "gross_profit": 14462,
            "gross_margin": 18.19,
            "gross_margin_4q_avg": 12.67,
            "net_income": 31960,
            "revenue": 79500,
            "common_shares": 681151,
            "book_valuer_per_share": 8.54,
            "book_valuer_per_share_4q_avg": 8.65,
            "equity": 581652,
            "current_ratio": 240.14,
            "debt_ratio": 20.59,
            "inventory_turnover_ratio": 0.91,
            "account_receivable_turnover_ratio": 1.67,
            "reinvestment_rate": null,
            "research_to_sale_ratio": 13.07,
            "price_fair": 1.44,
            "eps_avg_yearly": 0.48,
            "eps_latest_yearly": 0.48,
            "eps_growth_yearly": -57.14
        },
        "20203": {
            "year_quarter": 20203,
            "year": 2020,
            "quarter": 3,
            "eps": 0.01,
            "eps_growth_year": null,
            "eps_4q": -0.72,
            "eps_4q_growth_year": null,
            "roe": 0.06,
            "roe_4q": -8.15,
            "gross_profit": 18341,
            "gross_margin": 23.44,
            "gross_margin_4q_avg": 14.1,
            "net_income": 373,
            "revenue": 78239,
            "common_shares": 681151,
            "book_valuer_per_share": 8.56,
            "book_valuer_per_share_4q_avg": 8.49,
            "equity": 583275,
            "current_ratio": 240.19,
            "debt_ratio": 21.09,
            "inventory_turnover_ratio": 0.87,
            "account_receivable_turnover_ratio": 1.47,
            "reinvestment_rate": null,
            "research_to_sale_ratio": 13.38,
            "price_fair": 0.12,
            "eps_avg_yearly": 0.04,
            "eps_latest_yearly": 0.04,
            "eps_growth_yearly": -391.49
        },
        "20204": {
            "year_quarter": 20204,
            "year": 2020,
            "quarter": 4,
            "eps": -0.45,
            "eps_growth_year": null,
            "eps_4q": -0.71,
            "eps_4q_growth_year": null,
            "roe": -5.4,
            "roe_4q": -8.34,
            "gross_profit": 21856,
            "gross_margin": 24.4,
            "gross_margin_4q_avg": 18.43,
            "net_income": -30762,
            "revenue": 89556,
            "common_shares": 681151,
            "book_valuer_per_share": 8.15,
            "book_valuer_per_share_4q_avg": 8.33,
            "equity": 555280,
            "current_ratio": 195.91,
            "debt_ratio": 26.1,
            "inventory_turnover_ratio": 0.75,
            "account_receivable_turnover_ratio": 1.73,
            "reinvestment_rate": null,
            "research_to_sale_ratio": 11.65,
            "price_fair": 0.12,
            "eps_avg_yearly": 0.04,
            "eps_latest_yearly": 0.04,
            "eps_growth_yearly": -391.49
        },
        "20211": {
            "year_quarter": 20211,
            "year": 2021,
            "quarter": 1,
            "eps": -0.05,
            "eps_growth_year": null,
            "eps_4q": -0.03,
            "eps_4q_growth_year": null,
            "roe": -0.6,
            "roe_4q": -0.28000000000000025,
            "gross_profit": 26405,
            "gross_margin": 30.91,
            "gross_margin_4q_avg": 24.24,
            "net_income": -3310,
            "revenue": 85435,
            "common_shares": 681151,
            "book_valuer_per_share": 8.13,
            "book_valuer_per_share_4q_avg": 8.35,
            "equity": 553864,
            "current_ratio": 184.11,
            "debt_ratio": 28.61,
            "inventory_turnover_ratio": 0.5,
            "account_receivable_turnover_ratio": 1.42,
            "reinvestment_rate": null,
            "research_to_sale_ratio": 12.2,
            "price_fair": 0.12,
            "eps_avg_yearly": 0.04,
            "eps_latest_yearly": 0.04,
            "eps_growth_yearly": -391.49
        },
        "20212": {
            "year_quarter": 20212,
            "year": 2021,
            "quarter": 2,
            "eps": -0.12,
            "eps_growth_year": -125.53,
            "eps_4q": -0.62,
            "eps_4q_growth_year": null,
            "roe": -1.52,
            "roe_4q": -7.460000000000001,
            "gross_profit": 33124,
            "gross_margin": 21.8,
            "gross_margin_4q_avg": 25.14,
            "net_income": -8346,
            "revenue": 151961,
            "common_shares": 681151,
            "book_valuer_per_share": 8.04,
            "book_valuer_per_share_4q_avg": 8.22,
            "equity": 547539,
            "current_ratio": 160.6,
            "debt_ratio": 35.33,
            "inventory_turnover_ratio": 0.93,
            "account_receivable_turnover_ratio": 1.65,
            "reinvestment_rate": null,
            "research_to_sale_ratio": 6,
            "price_fair": 0.12,
            "eps_avg_yearly": 0.04,
            "eps_latest_yearly": 0.04,
            "eps_growth_yearly": -391.49
        },
        "20213": {
            "year_quarter": 20213,
            "year": 2021,
            "quarter": 3,
            "eps": -0.39,
            "eps_growth_year": -4000,
            "eps_4q": -1.19,
            "eps_4q_growth_year": null,
            "roe": -3.88,
            "roe_4q": -11.4,
            "gross_profit": 23354,
            "gross_margin": 21.18,
            "gross_margin_4q_avg": 24.57,
            "net_income": -20876,
            "revenue": 110259,
            "common_shares": 534010,
            "book_valuer_per_share": 9.87,
            "book_valuer_per_share_4q_avg": 8.55,
            "equity": 527249,
            "current_ratio": 156.07,
            "debt_ratio": 35.4,
            "inventory_turnover_ratio": 0.76,
            "account_receivable_turnover_ratio": 1.05,
            "reinvestment_rate": null,
            "research_to_sale_ratio": 8.72,
            "price_fair": 0.12,
            "eps_avg_yearly": 0.04,
            "eps_latest_yearly": 0.04,
            "eps_growth_yearly": -391.49
        },
        "20214": {
            "year_quarter": 20214,
            "year": 2021,
            "quarter": 4,
            "eps": -0.02,
            "eps_growth_year": null,
            "eps_4q": -0.63,
            "eps_4q_growth_year": null,
            "roe": -0.2,
            "roe_4q": -6.199999999999999,
            "gross_profit": 14021,
            "gross_margin": 13.68,
            "gross_margin_4q_avg": 21.89,
            "net_income": -1045,
            "revenue": 102490,
            "common_shares": 534010,
            "book_valuer_per_share": 9.9,
            "book_valuer_per_share_4q_avg": 8.99,
            "equity": 528818,
            "current_ratio": 163.98,
            "debt_ratio": 32.18,
            "inventory_turnover_ratio": 0.95,
            "account_receivable_turnover_ratio": 1.68,
            "reinvestment_rate": null,
            "research_to_sale_ratio": 10.42,
            "price_fair": 0.12,
            "eps_avg_yearly": 0.04,
            "eps_latest_yearly": 0.04,
            "eps_growth_yearly": -391.49
        },
        "20221": {
            "year_quarter": 20221,
            "year": 2022,
            "quarter": 1,
            "eps": -0.72,
            "eps_growth_year": null,
            "eps_4q": -0.98,
            "eps_4q_growth_year": null,
            "roe": -6.5,
            "roe_4q": -12.1,
            "gross_profit": 15508,
            "gross_margin": 25.2,
            "gross_margin_4q_avg": 20.47,
            "net_income": -38701,
            "revenue": 61540,
            "common_shares": 534010,
            "book_valuer_per_share": 12.38,
            "book_valuer_per_share_4q_avg": 10.05,
            "equity": 661339,
            "current_ratio": 212.56,
            "debt_ratio": 28.62,
            "inventory_turnover_ratio": 0.48,
            "account_receivable_turnover_ratio": 2,
            "reinvestment_rate": null,
            "research_to_sale_ratio": 16.82,
            "price_fair": 0.12,
            "eps_avg_yearly": 0.04,
            "eps_latest_yearly": 0.04,
            "eps_growth_yearly": -391.49
        },
        "20222": {
            "year_quarter": 20222,
            "year": 2022,
            "quarter": 2,
            "eps": -0.6,
            "eps_growth_year": null,
            "eps_4q": -1.51,
            "eps_4q_growth_year": null,
            "roe": -6.13,
            "roe_4q": -16.709999999999997,
            "gross_profit": 17866,
            "gross_margin": 28.23,
            "gross_margin_4q_avg": 22.07,
            "net_income": -39914,
            "revenue": 63282,
            "common_shares": 668010,
            "book_valuer_per_share": 9.59,
            "book_valuer_per_share_4q_avg": 10.44,
            "equity": 640896,
            "current_ratio": 213.02,
            "debt_ratio": 26.94,
            "inventory_turnover_ratio": 0.38,
            "account_receivable_turnover_ratio": 1.64,
            "reinvestment_rate": null,
            "research_to_sale_ratio": 16.8,
            "price_fair": 0.12,
            "eps_avg_yearly": 0.04,
            "eps_latest_yearly": 0.04,
            "eps_growth_yearly": -391.49
        },
        "20223": {
            "year_quarter": 20223,
            "year": 2022,
            "quarter": 3,
            "eps": -0.01,
            "eps_growth_year": null,
            "eps_4q": -1.2,
            "eps_4q_growth_year": null,
            "roe": -0.07,
            "roe_4q": -12.899999999999999,
            "gross_profit": 26791,
            "gross_margin": 27.67,
            "gross_margin_4q_avg": 23.7,
            "net_income": -478,
            "revenue": 96815,
            "common_shares": 668010,
            "book_valuer_per_share": 9.53,
            "book_valuer_per_share_4q_avg": 10.35,
            "equity": 636410,
            "current_ratio": 227.01,
            "debt_ratio": 25.02,
            "inventory_turnover_ratio": 0.51,
            "account_receivable_turnover_ratio": 2,
            "reinvestment_rate": null,
            "research_to_sale_ratio": 11.37,
            "price_fair": 0.12,
            "eps_avg_yearly": 0.04,
            "eps_latest_yearly": 0.04,
            "eps_growth_yearly": -391.49
        },
        "20224": {
            "year_quarter": 20224,
            "year": 2022,
            "quarter": 4,
            "eps": -0.01,
            "eps_growth_year": null,
            "eps_4q": -1.2,
            "eps_4q_growth_year": null,
            "roe": -0.13,
            "roe_4q": -12.83,
            "gross_profit": 34563,
            "gross_margin": 31.23,
            "gross_margin_4q_avg": 28.08,
            "net_income": -846,
            "revenue": 110672,
            "common_shares": 668010,
            "book_valuer_per_share": 9.53,
            "book_valuer_per_share_4q_avg": 10.26,
            "equity": 636932,
            "current_ratio": 207.35,
            "debt_ratio": 27.96,
            "inventory_turnover_ratio": 0.52,
            "account_receivable_turnover_ratio": 1.63,
            "reinvestment_rate": null,
            "research_to_sale_ratio": 10.45,
            "price_fair": 0.12,
            "eps_avg_yearly": 0.04,
            "eps_latest_yearly": 0.04,
            "eps_growth_yearly": -391.49
        },
        "20231": {
            "year_quarter": 20231,
            "year": 2023,
            "quarter": 1,
            "eps": 0.18,
            "eps_growth_year": null,
            "eps_4q": -0.44,
            "eps_4q_growth_year": null,
            "roe": 1.86,
            "roe_4q": -4.47,
            "gross_profit": 28353,
            "gross_margin": 29.45,
            "gross_margin_4q_avg": 29.15,
            "net_income": 11983,
            "revenue": 96267,
            "common_shares": 668010,
            "book_valuer_per_share": 9.74,
            "book_valuer_per_share_4q_avg": 9.6,
            "equity": 650341,
            "current_ratio": 216.3,
            "debt_ratio": 26.96,
            "inventory_turnover_ratio": 0.46,
            "account_receivable_turnover_ratio": 1.26,
            "reinvestment_rate": null,
            "research_to_sale_ratio": 10.58,
            "price_fair": 0.12,
            "eps_avg_yearly": 0.04,
            "eps_latest_yearly": 0.04,
            "eps_growth_yearly": -391.49
        }
    },
    "months": {
        "2001-06": {
            "month": "2001-06",
            "price": "63.65",
            "revenue": 62337
        },
        "2001-07": {
            "month": "2001-07",
            "price": "52.15",
            "revenue": 70133
        },
        "2001-08": {
            "month": "2001-08",
            "price": "49.28",
            "revenue": 62001
        },
        "2001-09": {
            "month": "2001-09",
            "price": "41.34",
            "revenue": 59547
        },
        "2001-10": {
            "month": "2001-10",
            "price": "39.58",
            "revenue": 45488
        },
        "2001-11": {
            "month": "2001-11",
            "price": "42.83",
            "revenue": 51151
        },
        "2001-12": {
            "month": "2001-12",
            "price": "57.09",
            "revenue": 58099
        },
        "2002-01": {
            "month": "2002-01",
            "price": "72.39",
            "revenue": 61634
        },
        "2002-02": {
            "month": "2002-02",
            "price": "69.83",
            "revenue": 60378
        },
        "2002-03": {
            "month": "2002-03",
            "price": "71.12",
            "revenue": 78328
        },
        "2002-04": {
            "month": "2002-04",
            "price": "76.98",
            "revenue": 81624
        },
        "2002-05": {
            "month": "2002-05",
            "price": "70.18",
            "revenue": 80100
        },
        "2002-06": {
            "month": "2002-06",
            "price": "65.78",
            "revenue": 86001
        },
        "2002-07": {
            "month": "2002-07",
            "price": "56.37",
            "revenue": 83122
        },
        "2002-08": {
            "month": "2002-08",
            "price": "45.96",
            "revenue": 80166
        },
        "2002-09": {
            "month": "2002-09",
            "price": "44.80",
            "revenue": 96574
        },
        "2002-10": {
            "month": "2002-10",
            "price": "43.90",
            "revenue": 86220
        },
        "2002-11": {
            "month": "2002-11",
            "price": "48.04",
            "revenue": 97344
        },
        "2002-12": {
            "month": "2002-12",
            "price": "51.98",
            "revenue": 88581
        },
        "2003-01": {
            "month": "2003-01",
            "price": "48.00",
            "revenue": 73905
        },
        "2003-02": {
            "month": "2003-02",
            "price": "45.69",
            "revenue": 74991
        },
        "2003-03": {
            "month": "2003-03",
            "price": "42.37",
            "revenue": 90290
        },
        "2003-04": {
            "month": "2003-04",
            "price": "40.85",
            "revenue": 92601
        },
        "2003-05": {
            "month": "2003-05",
            "price": "47.69",
            "revenue": 98059
        },
        "2003-06": {
            "month": "2003-06",
            "price": "44.74",
            "revenue": 100070
        },
        "2003-07": {
            "month": "2003-07",
            "price": "42.47",
            "revenue": 90081
        },
        "2003-08": {
            "month": "2003-08",
            "price": "36.66",
            "revenue": 60829
        },
        "2003-09": {
            "month": "2003-09",
            "price": "33.63",
            "revenue": 77954
        },
        "2003-10": {
            "month": "2003-10",
            "price": "34.45",
            "revenue": 101549
        },
        "2003-11": {
            "month": "2003-11",
            "price": "38.62",
            "revenue": 108919
        },
        "2003-12": {
            "month": "2003-12",
            "price": "40.16",
            "revenue": 135241
        },
        "2004-01": {
            "month": "2004-01",
            "price": "43.87",
            "revenue": 100493
        },
        "2004-02": {
            "month": "2004-02",
            "price": "58.51",
            "revenue": 117237
        },
        "2004-03": {
            "month": "2004-03",
            "price": "59.59",
            "revenue": 112884
        },
        "2004-04": {
            "month": "2004-04",
            "price": "63.73",
            "revenue": 150160
        },
        "2004-05": {
            "month": "2004-05",
            "price": "59.10",
            "revenue": 156436
        },
        "2004-06": {
            "month": "2004-06",
            "price": "52.03",
            "revenue": 202052
        },
        "2004-07": {
            "month": "2004-07",
            "price": "49.31",
            "revenue": 181782
        },
        "2004-08": {
            "month": "2004-08",
            "price": "43.58",
            "revenue": 146599
        },
        "2004-09": {
            "month": "2004-09",
            "price": "43.27",
            "revenue": 164917
        },
        "2004-10": {
            "month": "2004-10",
            "price": "39.75",
            "revenue": 138209
        },
        "2004-11": {
            "month": "2004-11",
            "price": "39.88",
            "revenue": 120087
        },
        "2004-12": {
            "month": "2004-12",
            "price": "42.47",
            "revenue": 104573
        },
        "2005-01": {
            "month": "2005-01",
            "price": "41.98",
            "revenue": 131486
        },
        "2005-02": {
            "month": "2005-02",
            "price": "46.65",
            "revenue": 138264
        },
        "2005-03": {
            "month": "2005-03",
            "price": "50.48",
            "revenue": 130763
        },
        "2005-04": {
            "month": "2005-04",
            "price": "46.41",
            "revenue": 113629
        },
        "2005-05": {
            "month": "2005-05",
            "price": "42.27",
            "revenue": 130906
        },
        "2005-06": {
            "month": "2005-06",
            "price": "41.56",
            "revenue": 150144
        },
        "2005-07": {
            "month": "2005-07",
            "price": "40.53",
            "revenue": 151685
        },
        "2005-08": {
            "month": "2005-08",
            "price": "34.81",
            "revenue": 184908
        },
        "2005-09": {
            "month": "2005-09",
            "price": "34.90",
            "revenue": 200174
        },
        "2005-10": {
            "month": "2005-10",
            "price": "34.11",
            "revenue": 203104
        },
        "2005-11": {
            "month": "2005-11",
            "price": "31.51",
            "revenue": 202104
        },
        "2005-12": {
            "month": "2005-12",
            "price": "34.02",
            "revenue": 164500
        },
        "2006-01": {
            "month": "2006-01",
            "price": "36.33",
            "revenue": 172862
        },
        "2006-02": {
            "month": "2006-02",
            "price": "35.92",
            "revenue": 153823
        },
        "2006-03": {
            "month": "2006-03",
            "price": "33.77",
            "revenue": 193809
        },
        "2006-04": {
            "month": "2006-04",
            "price": "31.75",
            "revenue": 170100
        },
        "2006-05": {
            "month": "2006-05",
            "price": "31.71",
            "revenue": 170556
        },
        "2006-06": {
            "month": "2006-06",
            "price": "29.68",
            "revenue": 228324
        },
        "2006-07": {
            "month": "2006-07",
            "price": "29.06",
            "revenue": 213492
        },
        "2006-08": {
            "month": "2006-08",
            "price": "23.01",
            "revenue": 176228
        },
        "2006-09": {
            "month": "2006-09",
            "price": "21.65",
            "revenue": 204107
        },
        "2006-10": {
            "month": "2006-10",
            "price": "27.37",
            "revenue": 192300
        },
        "2006-11": {
            "month": "2006-11",
            "price": "27.49",
            "revenue": 202173
        },
        "2006-12": {
            "month": "2006-12",
            "price": "36.67",
            "revenue": 240695
        },
        "2007-01": {
            "month": "2007-01",
            "price": "38.27",
            "revenue": 225251
        },
        "2007-02": {
            "month": "2007-02",
            "price": "36.56",
            "revenue": 175127
        },
        "2007-03": {
            "month": "2007-03",
            "price": "43.00",
            "revenue": 289420
        },
        "2007-04": {
            "month": "2007-04",
            "price": "47.93",
            "revenue": 304270
        },
        "2007-05": {
            "month": "2007-05",
            "price": "46.89",
            "revenue": 288857
        },
        "2007-06": {
            "month": "2007-06",
            "price": "51.87",
            "revenue": 267800
        },
        "2007-07": {
            "month": "2007-07",
            "price": "55.55",
            "revenue": 276996
        },
        "2007-08": {
            "month": "2007-08",
            "price": "51.31",
            "revenue": 357530
        },
        "2007-09": {
            "month": "2007-09",
            "price": "59.52",
            "revenue": 261306
        },
        "2007-10": {
            "month": "2007-10",
            "price": "54.70",
            "revenue": 293473
        },
        "2007-11": {
            "month": "2007-11",
            "price": "46.90",
            "revenue": 174024
        },
        "2007-12": {
            "month": "2007-12",
            "price": "40.24",
            "revenue": 274443
        },
        "2008-01": {
            "month": "2008-01",
            "price": "33.17",
            "revenue": 202060
        },
        "2008-02": {
            "month": "2008-02",
            "price": "30.83",
            "revenue": 179344
        },
        "2008-03": {
            "month": "2008-03",
            "price": "31.63",
            "revenue": 230546
        },
        "2008-04": {
            "month": "2008-04",
            "price": "32.33",
            "revenue": 211296
        },
        "2008-05": {
            "month": "2008-05",
            "price": "31.94",
            "revenue": 251538
        },
        "2008-06": {
            "month": "2008-06",
            "price": "26.57",
            "revenue": 252182
        },
        "2008-07": {
            "month": "2008-07",
            "price": "21.65",
            "revenue": 276460
        },
        "2008-08": {
            "month": "2008-08",
            "price": "22.36",
            "revenue": 279653
        },
        "2008-09": {
            "month": "2008-09",
            "price": "21.92",
            "revenue": 260808
        },
        "2008-10": {
            "month": "2008-10",
            "price": "17.86",
            "revenue": 275031
        },
        "2008-11": {
            "month": "2008-11",
            "price": "14.15",
            "revenue": 187700
        },
        "2008-12": {
            "month": "2008-12",
            "price": "12.91",
            "revenue": 195276
        },
        "2009-01": {
            "month": "2009-01",
            "price": "13.03",
            "revenue": 182362
        },
        "2009-02": {
            "month": "2009-02",
            "price": "13.74",
            "revenue": 175967
        },
        "2009-03": {
            "month": "2009-03",
            "price": "15.70",
            "revenue": 188672
        },
        "2009-04": {
            "month": "2009-04",
            "price": "17.20",
            "revenue": 208020
        },
        "2009-05": {
            "month": "2009-05",
            "price": "19.84",
            "revenue": 233488
        },
        "2009-06": {
            "month": "2009-06",
            "price": "19.45",
            "revenue": 223066
        },
        "2009-07": {
            "month": "2009-07",
            "price": "22.58",
            "revenue": 228776
        },
        "2009-08": {
            "month": "2009-08",
            "price": "21.99",
            "revenue": 218716
        },
        "2009-09": {
            "month": "2009-09",
            "price": "23.85",
            "revenue": 202084
        },
        "2009-10": {
            "month": "2009-10",
            "price": "23.96",
            "revenue": 215452
        },
        "2009-11": {
            "month": "2009-11",
            "price": "23.74",
            "revenue": 163871
        },
        "2009-12": {
            "month": "2009-12",
            "price": "25.37",
            "revenue": 264527
        },
        "2010-01": {
            "month": "2010-01",
            "price": "26.25",
            "revenue": 228145
        },
        "2010-02": {
            "month": "2010-02",
            "price": "23.52",
            "revenue": 196073
        },
        "2010-03": {
            "month": "2010-03",
            "price": "24.81",
            "revenue": 212052
        },
        "2010-04": {
            "month": "2010-04",
            "price": "25.48",
            "revenue": 246205
        },
        "2010-05": {
            "month": "2010-05",
            "price": "22.66",
            "revenue": 237790
        },
        "2010-06": {
            "month": "2010-06",
            "price": "22.10",
            "revenue": 240739
        },
        "2010-07": {
            "month": "2010-07",
            "price": "22.25",
            "revenue": 276748
        },
        "2010-08": {
            "month": "2010-08",
            "price": "21.77",
            "revenue": 261838
        },
        "2010-09": {
            "month": "2010-09",
            "price": "20.49",
            "revenue": 270245
        },
        "2010-10": {
            "month": "2010-10",
            "price": "19.92",
            "revenue": 186911
        },
        "2010-11": {
            "month": "2010-11",
            "price": "18.23",
            "revenue": 189167
        },
        "2010-12": {
            "month": "2010-12",
            "price": "18.79",
            "revenue": 190410
        },
        "2011-01": {
            "month": "2011-01",
            "price": "18.37",
            "revenue": 190867
        },
        "2011-02": {
            "month": "2011-02",
            "price": "17.73",
            "revenue": 156885
        },
        "2011-03": {
            "month": "2011-03",
            "price": "16.85",
            "revenue": 184883
        },
        "2011-04": {
            "month": "2011-04",
            "price": "16.76",
            "revenue": 169943
        },
        "2011-05": {
            "month": "2011-05",
            "price": "15.77",
            "revenue": 213829
        },
        "2011-06": {
            "month": "2011-06",
            "price": "14.91",
            "revenue": 220665
        },
        "2011-07": {
            "month": "2011-07",
            "price": "14.38",
            "revenue": 253177
        },
        "2011-08": {
            "month": "2011-08",
            "price": "12.32",
            "revenue": 245084
        },
        "2011-09": {
            "month": "2011-09",
            "price": "11.34",
            "revenue": 189055
        },
        "2011-10": {
            "month": "2011-10",
            "price": "10.60",
            "revenue": 182432
        },
        "2011-11": {
            "month": "2011-11",
            "price": "10.51",
            "revenue": 218770
        },
        "2011-12": {
            "month": "2011-12",
            "price": "9.90",
            "revenue": 158799
        },
        "2012-01": {
            "month": "2012-01",
            "price": "9.94",
            "revenue": 172258
        },
        "2012-02": {
            "month": "2012-02",
            "price": "11.90",
            "revenue": 182164
        },
        "2012-03": {
            "month": "2012-03",
            "price": "12.48",
            "revenue": 177197
        },
        "2012-04": {
            "month": "2012-04",
            "price": "10.60",
            "revenue": 163296
        },
        "2012-05": {
            "month": "2012-05",
            "price": "9.12",
            "revenue": 211265
        },
        "2012-06": {
            "month": "2012-06",
            "price": "9.31",
            "revenue": 190682
        },
        "2012-07": {
            "month": "2012-07",
            "price": "9.29",
            "revenue": 239776
        },
        "2012-08": {
            "month": "2012-08",
            "price": "10.05",
            "revenue": 242561
        },
        "2012-09": {
            "month": "2012-09",
            "price": "10.38",
            "revenue": 197781
        },
        "2012-10": {
            "month": "2012-10",
            "price": "10.77",
            "revenue": 177322
        },
        "2012-11": {
            "month": "2012-11",
            "price": "9.51",
            "revenue": 178011
        },
        "2012-12": {
            "month": "2012-12",
            "price": "9.55",
            "revenue": 172540
        },
        "2013-01": {
            "month": "2013-01",
            "price": "9.47",
            "revenue": 170936
        },
        "2013-02": {
            "month": "2013-02",
            "price": "9.33",
            "revenue": 145389
        },
        "2013-03": {
            "month": "2013-03",
            "price": "9.98",
            "revenue": 200138
        },
        "2013-04": {
            "month": "2013-04",
            "price": "10.61",
            "revenue": 176444
        },
        "2013-05": {
            "month": "2013-05",
            "price": "11.39",
            "revenue": 211040
        },
        "2013-06": {
            "month": "2013-06",
            "price": "11.81",
            "revenue": 199813
        },
        "2013-07": {
            "month": "2013-07",
            "price": "12.62",
            "revenue": 179257
        },
        "2013-08": {
            "month": "2013-08",
            "price": "12.48",
            "revenue": 204650
        },
        "2013-09": {
            "month": "2013-09",
            "price": "11.22",
            "revenue": 192128
        },
        "2013-10": {
            "month": "2013-10",
            "price": "10.56",
            "revenue": 184989
        },
        "2013-11": {
            "month": "2013-11",
            "price": "9.70",
            "revenue": 165399
        },
        "2013-12": {
            "month": "2013-12",
            "price": "9.46",
            "revenue": 140141
        },
        "2014-01": {
            "month": "2014-01",
            "price": "11.24",
            "revenue": 121310
        },
        "2014-02": {
            "month": "2014-02",
            "price": "11.21",
            "revenue": 127747
        },
        "2014-03": {
            "month": "2014-03",
            "price": "13.01",
            "revenue": 156768
        },
        "2014-04": {
            "month": "2014-04",
            "price": "13.54",
            "revenue": 117793
        },
        "2014-05": {
            "month": "2014-05",
            "price": "12.58",
            "revenue": 136838
        },
        "2014-06": {
            "month": "2014-06",
            "price": "12.36",
            "revenue": 145262
        },
        "2014-07": {
            "month": "2014-07",
            "price": "12.04",
            "revenue": 131926
        },
        "2014-08": {
            "month": "2014-08",
            "price": "11.16",
            "revenue": 168398
        },
        "2014-09": {
            "month": "2014-09",
            "price": "11.51",
            "revenue": 153943
        },
        "2014-10": {
            "month": "2014-10",
            "price": "10.60",
            "revenue": 132655
        },
        "2014-11": {
            "month": "2014-11",
            "price": "10.19",
            "revenue": 96150
        },
        "2014-12": {
            "month": "2014-12",
            "price": "10.24",
            "revenue": 143180
        },
        "2015-01": {
            "month": "2015-01",
            "price": "10.23",
            "revenue": 74339
        },
        "2015-02": {
            "month": "2015-02",
            "price": "9.71",
            "revenue": 73050
        },
        "2015-03": {
            "month": "2015-03",
            "price": "9.38",
            "revenue": 110701
        },
        "2015-04": {
            "month": "2015-04",
            "price": "8.67",
            "revenue": 106639
        },
        "2015-05": {
            "month": "2015-05",
            "price": "8.06",
            "revenue": 90101
        },
        "2015-06": {
            "month": "2015-06",
            "price": "6.35",
            "revenue": 88004
        },
        "2015-07": {
            "month": "2015-07",
            "price": "5.32",
            "revenue": 102278
        },
        "2015-08": {
            "month": "2015-08",
            "price": "4.07",
            "revenue": 134553
        },
        "2015-09": {
            "month": "2015-09",
            "price": "4.48",
            "revenue": 97325
        },
        "2015-10": {
            "month": "2015-10",
            "price": "4.71",
            "revenue": 108528
        },
        "2015-11": {
            "month": "2015-11",
            "price": "4.38",
            "revenue": 91491
        },
        "2015-12": {
            "month": "2015-12",
            "price": "4.07",
            "revenue": 91045
        },
        "2016-01": {
            "month": "2016-01",
            "price": "3.93",
            "revenue": 90098
        },
        "2016-02": {
            "month": "2016-02",
            "price": "3.85",
            "revenue": 80036
        },
        "2016-03": {
            "month": "2016-03",
            "price": "4.30",
            "revenue": 99667
        },
        "2016-04": {
            "month": "2016-04",
            "price": "3.99",
            "revenue": 74852
        },
        "2016-05": {
            "month": "2016-05",
            "price": "4.01",
            "revenue": 123734
        },
        "2016-06": {
            "month": "2016-06",
            "price": "4.81",
            "revenue": 129637
        },
        "2016-07": {
            "month": "2016-07",
            "price": "7.14",
            "revenue": 111521
        },
        "2016-08": {
            "month": "2016-08",
            "price": "8.08",
            "revenue": 97172
        },
        "2016-09": {
            "month": "2016-09",
            "price": "7.60",
            "revenue": 102903
        },
        "2016-10": {
            "month": "2016-10",
            "price": "7.01",
            "revenue": 66702
        },
        "2016-11": {
            "month": "2016-11",
            "price": "6.70",
            "revenue": 92694
        },
        "2016-12": {
            "month": "2016-12",
            "price": "6.80",
            "revenue": 69465
        },
        "2017-01": {
            "month": "2017-01",
            "price": "6.43",
            "revenue": 59914
        },
        "2017-02": {
            "month": "2017-02",
            "price": "6.29",
            "revenue": 52196
        },
        "2017-03": {
            "month": "2017-03",
            "price": "5.98",
            "revenue": 72986
        },
        "2017-04": {
            "month": "2017-04",
            "price": "5.87",
            "revenue": 49730
        },
        "2017-05": {
            "month": "2017-05",
            "price": "5.96",
            "revenue": 66842
        },
        "2017-06": {
            "month": "2017-06",
            "price": "5.87",
            "revenue": 47094
        },
        "2017-07": {
            "month": "2017-07",
            "price": "5.56",
            "revenue": 37512
        },
        "2017-08": {
            "month": "2017-08",
            "price": "5.26",
            "revenue": 40398
        },
        "2017-09": {
            "month": "2017-09",
            "price": "5.39",
            "revenue": 35753
        },
        "2017-10": {
            "month": "2017-10",
            "price": "5.19",
            "revenue": 38388
        },
        "2017-11": {
            "month": "2017-11",
            "price": "5.01",
            "revenue": 46573
        },
        "2017-12": {
            "month": "2017-12",
            "price": "4.99",
            "revenue": 22134
        },
        "2018-01": {
            "month": "2018-01",
            "price": "5.02",
            "revenue": 29873
        },
        "2018-02": {
            "month": "2018-02",
            "price": "4.83",
            "revenue": 29146
        },
        "2018-03": {
            "month": "2018-03",
            "price": "5.56",
            "revenue": 35517
        },
        "2018-04": {
            "month": "2018-04",
            "price": "5.48",
            "revenue": 34591
        },
        "2018-05": {
            "month": "2018-05",
            "price": "5.46",
            "revenue": 37735
        },
        "2018-06": {
            "month": "2018-06",
            "price": "6.50",
            "revenue": 47093
        },
        "2018-07": {
            "month": "2018-07",
            "price": "6.27",
            "revenue": 52454
        },
        "2018-08": {
            "month": "2018-08",
            "price": "6.14",
            "revenue": 35673
        },
        "2018-09": {
            "month": "2018-09",
            "price": "6.01",
            "revenue": 33854
        },
        "2018-10": {
            "month": "2018-10",
            "price": "5.07",
            "revenue": 27044
        },
        "2018-11": {
            "month": "2018-11",
            "price": "4.78",
            "revenue": 40023
        },
        "2018-12": {
            "month": "2018-12",
            "price": "4.97",
            "revenue": 20289
        },
        "2019-01": {
            "month": "2019-01",
            "price": "4.84",
            "revenue": 28431
        },
        "2019-02": {
            "month": "2019-02",
            "price": "4.95",
            "revenue": 24782
        },
        "2019-03": {
            "month": "2019-03",
            "price": "4.59",
            "revenue": 26149
        },
        "2019-04": {
            "month": "2019-04",
            "price": "4.49",
            "revenue": 23551
        },
        "2019-05": {
            "month": "2019-05",
            "price": "4.32",
            "revenue": 33697
        },
        "2019-06": {
            "month": "2019-06",
            "price": "4.33",
            "revenue": 27114
        },
        "2019-07": {
            "month": "2019-07",
            "price": "5.10",
            "revenue": 24356
        },
        "2019-08": {
            "month": "2019-08",
            "price": "5.60",
            "revenue": 19396
        },
        "2019-09": {
            "month": "2019-09",
            "price": "7.58",
            "revenue": 19906
        },
        "2019-10": {
            "month": "2019-10",
            "price": "10.63",
            "revenue": 21126
        },
        "2019-11": {
            "month": "2019-11",
            "price": "9.45",
            "revenue": 23123
        },
        "2019-12": {
            "month": "2019-12",
            "price": "9.00",
            "revenue": 15018
        },
        "2020-01": {
            "month": "2020-01",
            "price": "8.79",
            "revenue": 20468
        },
        "2020-02": {
            "month": "2020-02",
            "price": "8.99",
            "revenue": 20717
        },
        "2020-03": {
            "month": "2020-03",
            "price": "7.71",
            "revenue": 14947
        },
        "2020-04": {
            "month": "2020-04",
            "price": "8.20",
            "revenue": 21199
        },
        "2020-05": {
            "month": "2020-05",
            "price": "8.39",
            "revenue": 31467
        },
        "2020-06": {
            "month": "2020-06",
            "price": "8.30",
            "revenue": 26822
        },
        "2020-07": {
            "month": "2020-07",
            "price": "9.28",
            "revenue": 25939
        },
        "2020-08": {
            "month": "2020-08",
            "price": "9.14",
            "revenue": 26626
        },
        "2020-09": {
            "month": "2020-09",
            "price": "10.45",
            "revenue": 25583
        },
        "2020-10": {
            "month": "2020-10",
            "price": "10.52",
            "revenue": 25875
        },
        "2020-11": {
            "month": "2020-11",
            "price": "10.86",
            "revenue": 31279
        },
        "2020-12": {
            "month": "2020-12",
            "price": "13.95",
            "revenue": 28488
        },
        "2021-01": {
            "month": "2021-01",
            "price": "15.10",
            "revenue": 27691
        },
        "2021-02": {
            "month": "2021-02",
            "price": "15.40",
            "revenue": 24967
        },
        "2021-03": {
            "month": "2021-03",
            "price": "16.07",
            "revenue": 32702
        },
        "2021-04": {
            "month": "2021-04",
            "price": "15.57",
            "revenue": 42636
        },
        "2021-05": {
            "month": "2021-05",
            "price": "14.04",
            "revenue": 52751
        },
        "2021-06": {
            "month": "2021-06",
            "price": "15.43",
            "revenue": 56649
        },
        "2021-07": {
            "month": "2021-07",
            "price": "16.82",
            "revenue": 34199
        },
        "2021-08": {
            "month": "2021-08",
            "price": "15.37",
            "revenue": 40023
        },
        "2021-09": {
            "month": "2021-09",
            "price": "13.52",
            "revenue": 36037
        },
        "2021-10": {
            "month": "2021-10",
            "price": "13.00",
            "revenue": 22638
        },
        "2021-11": {
            "month": "2021-11",
            "price": "16.59",
            "revenue": 25296
        },
        "2021-12": {
            "month": "2021-12",
            "price": "16.04",
            "revenue": 54556
        },
        "2022-01": {
            "month": "2022-01",
            "price": "16.26",
            "revenue": 27452
        },
        "2022-02": {
            "month": "2022-02",
            "price": "16.06",
            "revenue": 19478
        },
        "2022-03": {
            "month": "2022-03",
            "price": "14.69",
            "revenue": 17633
        },
        "2022-04": {
            "month": "2022-04",
            "price": "14.22",
            "revenue": 16897
        },
        "2022-05": {
            "month": "2022-05",
            "price": "12.96",
            "revenue": 17607
        },
        "2022-06": {
            "month": "2022-06",
            "price": "13.42",
            "revenue": 28779
        },
        "2022-07": {
            "month": "2022-07",
            "price": "12.70",
            "revenue": 30025
        },
        "2022-08": {
            "month": "2022-08",
            "price": "13.83",
            "revenue": 32212
        },
        "2022-09": {
            "month": "2022-09",
            "price": "13.64",
            "revenue": 34578
        },
        "2022-10": {
            "month": "2022-10",
            "price": "12.86",
            "revenue": 35280
        },
        "2022-11": {
            "month": "2022-11",
            "price": "13.11",
            "revenue": 39197
        },
        "2022-12": {
            "month": "2022-12",
            "price": "13.72",
            "revenue": 36194
        },
        "2023-01": {
            "month": "2023-01",
            "price": "13.57",
            "revenue": 26345
        },
        "2023-02": {
            "month": "2023-02",
            "price": "13.41",
            "revenue": 36464
        },
        "2023-03": {
            "month": "2023-03",
            "price": "14.31",
            "revenue": 33458
        },
        "2023-04": {
            "month": "2023-04",
            "price": "17.15",
            "revenue": 31125
        }
    }
}
