{
    "summary": {
        "stock_name": "通泰",
        "stock_id": "5487",
        "category": "半導體",
        "main_business": "積體電路開發設計、委託設計、生產及測試<br>F119010電子材料批發業<br>F219010電子材料零售業",
        "website_url": "http://www.tontek.com.tw",
        "ceo": "陳家天",
        "pe_ratio": -54,
        "report_year_from": 2001,
        "report_year_to": 2023,
        "age": 22,
        "eps_negative_percentage": 7,
        "eps_growth_avg": {
            "last_all": 3.05,
            "last_2y": -39.06,
            "last_4y": -7.98,
            "last_8y": -7.31,
            "last_12y": -1.32,
            "last_16y": 5.63,
            "last_20y": 3.05,
            "at_2006_last_3y": 19.94,
            "at_2007_last_3y": 10.08,
            "at_2008_last_3y": 3.55,
            "at_2009_last_3y": 28.24,
            "at_2010_last_3y": -0.75,
            "at_2011_last_3y": -10.02,
            "at_2012_last_3y": 2.19,
            "at_2013_last_3y": 12.16,
            "at_2014_last_3y": 17.02,
            "at_2015_last_3y": 17.78,
            "at_2016_last_3y": 17.48,
            "at_2017_last_3y": -6.47,
            "at_2018_last_3y": -12.29,
            "at_2019_last_3y": 17.12,
            "at_2020_last_3y": 2.72,
            "at_2021_last_3y": 15.02,
            "at_2022_last_3y": -4.3,
            "at_2023_last_3y": -4.3,
            "at_2006_last_all": 13.06,
            "at_2007_last_all": 13.62,
            "at_2008_last_all": 7.65,
            "at_2009_last_all": 10.15,
            "at_2010_last_all": 6.92,
            "at_2011_last_all": 4.16,
            "at_2012_last_all": 5.66,
            "at_2013_last_all": 10.82,
            "at_2014_last_all": 10.03,
            "at_2015_last_all": 8.05,
            "at_2016_last_all": 8.81,
            "at_2017_last_all": 6.5,
            "at_2018_last_all": 4.78,
            "at_2019_last_all": 10.07,
            "at_2020_last_all": 7.53,
            "at_2021_last_all": 8.2,
            "at_2022_last_all": 3.05,
            "at_2023_last_all": 3.05
        },
        "latest_eps": -0.48,
        "latest_price": 26.05,
        "latest_roe": -2,
        "latest_gross_margin": 34.54,
        "latest_equity": 557670,
        "latest_revenue": 41798,
        "latest_gross_profit": 14435,
        "latest_net_income": -4024,
        "latest_debt_ratio": 9.16,
        "latest_current_ratio": 2229.08,
        "latest_account_receivable_turnover_ratio": 1.05,
        "latest_inventory_turnover_ratio": 0.42,
        "latest_reinvestment_rate": 6.33,
        "latest_research_to_sale_ratio": 19.7
    },
    "eps_dividends": {
        "1999": {
            "cash": 0,
            "stock": 2,
            "eps": 0
        },
        "2000": {
            "cash": 0,
            "stock": 3,
            "eps": 0
        },
        "2001": {
            "cash": 1,
            "stock": 3,
            "eps": 1.8
        },
        "2002": {
            "cash": 0,
            "stock": 1,
            "eps": 1.54
        },
        "2003": {
            "cash": 0,
            "stock": 1,
            "eps": 2.4
        },
        "2004": {
            "cash": 1,
            "stock": 1,
            "eps": 2.35
        },
        "2005": {
            "cash": 1,
            "stock": 1,
            "eps": 0.68
        },
        "2006": {
            "cash": 1,
            "stock": 0,
            "eps": 1.34
        },
        "2007": {
            "cash": 1,
            "stock": 0,
            "eps": 1.56
        },
        "2008": {
            "cash": 1,
            "stock": 0,
            "eps": 1.12
        },
        "2009": {
            "cash": 1,
            "stock": 0,
            "eps": 1.43
        },
        "2010": {
            "cash": 1,
            "stock": 0,
            "eps": 1.16
        },
        "2011": {
            "cash": 1,
            "stock": 0,
            "eps": 0.92
        },
        "2012": {
            "cash": 1,
            "stock": 0,
            "eps": 1.11
        },
        "2013": {
            "cash": 2,
            "stock": 0,
            "eps": 1.86
        },
        "2014": {
            "cash": 3,
            "stock": 0,
            "eps": 1.87
        },
        "2015": {
            "cash": 2,
            "stock": 0,
            "eps": 1.54
        },
        "2016": {
            "cash": 2,
            "stock": 0,
            "eps": 1.84
        },
        "2017": {
            "cash": 2,
            "stock": 0,
            "eps": 1.32
        },
        "2018": {
            "cash": 2,
            "stock": 0,
            "eps": 1.02
        },
        "2019": {
            "cash": 1,
            "stock": 0,
            "eps": 2.7
        },
        "2020": {
            "cash": 1,
            "stock": 0,
            "eps": 1.67
        },
        "2021": {
            "cash": 1,
            "stock": 0,
            "eps": 2.02
        },
        "2022": {
            "cash": 1,
            "stock": 0,
            "eps": -0.07
        },
        "2023": {
            "cash": 0,
            "stock": 0,
            "eps": -0.17
        }
    },
    "dividends": {
        "1999-03-05": {
            "cash": 0,
            "stock": 2.11
        },
        "2000-05-16": {
            "cash": 0,
            "stock": 3
        },
        "2001-05-28": {
            "cash": 0.5,
            "stock": 2.5
        },
        "2002-05-27": {
            "cash": 0.2,
            "stock": 0.8
        },
        "2003-06-16": {
            "cash": 0.2,
            "stock": 0.8
        },
        "2004-03-10": {
            "cash": 1.09,
            "stock": 0.5
        },
        "2005-03-17": {
            "cash": 1.1,
            "stock": 0.5
        },
        "2006-03-24": {
            "cash": 0.5,
            "stock": 0
        },
        "2007-03-27": {
            "cash": 1,
            "stock": 0
        },
        "2008-03-21": {
            "cash": 1.09,
            "stock": 0
        },
        "2009-03-24": {
            "cash": 1,
            "stock": 0
        },
        "2010-03-24": {
            "cash": 1.25,
            "stock": 0
        },
        "2011-03-24": {
            "cash": 1,
            "stock": 0
        },
        "2012-06-13": {
            "cash": 0.84,
            "stock": 0
        },
        "2013-06-18": {
            "cash": 2,
            "stock": 0
        },
        "2014-06-11": {
            "cash": 2.5,
            "stock": 0
        },
        "2015-07-30": {
            "cash": 2,
            "stock": 0
        },
        "2016-08-05": {
            "cash": 1.7,
            "stock": 0
        },
        "2017-07-31": {
            "cash": 2,
            "stock": 0
        },
        "2018-08-03": {
            "cash": 1.5,
            "stock": 0
        },
        "2019-10-01": {
            "cash": 0.9,
            "stock": 0
        },
        "2020-07-24": {
            "cash": 1,
            "stock": 0
        },
        "2021-10-15": {
            "cash": 1.1,
            "stock": 0
        },
        "2022-07-29": {
            "cash": 1.36,
            "stock": 0
        }
    },
    "prices": {
        "200101": "無",
        "200102": "50.63",
        "200103": "69.32",
        "200104": "65.50",
        "200105": "47.77",
        "200106": "44.44",
        "200107": "37.51",
        "200108": "27.95",
        "200109": "21.15",
        "200110": "16.53",
        "200111": "22.40",
        "200112": "30.00",
        "200201": "45.37",
        "200202": "41.24",
        "200203": "39.02",
        "200204": "39.89",
        "200205": "32.40",
        "200206": "31.12",
        "200207": "26.88",
        "200208": "24.41",
        "200209": "23.22",
        "200210": "19.94",
        "200211": "20.54",
        "200212": "19.52",
        "200301": "19.25",
        "200302": "18.43",
        "200303": "18.08",
        "200304": "18.69",
        "200305": "23.25",
        "200306": "26.26",
        "200307": "29.57",
        "200308": "29.32",
        "200309": "26.78",
        "200310": "24.48",
        "200311": "25.29",
        "200312": "25.65",
        "200401": "25.30",
        "200402": "25.66",
        "200403": "24.15",
        "200404": "23.14",
        "200405": "21.30",
        "200406": "19.58",
        "200407": "17.91",
        "200408": "16.32",
        "200409": "16.45",
        "200410": "15.98",
        "200411": "15.97",
        "200412": "16.52",
        "200501": "15.82",
        "200502": "16.45",
        "200503": "17.70",
        "200504": "15.94",
        "200505": "13.21",
        "200506": "14.26",
        "200507": "14.86",
        "200508": "12.00",
        "200509": "11.51",
        "200510": "12.52",
        "200511": "12.16",
        "200512": "12.01",
        "200601": "12.73",
        "200602": "11.99",
        "200603": "11.85",
        "200604": "15.11",
        "200605": "16.22",
        "200606": "13.84",
        "200607": "14.40",
        "200608": "13.48",
        "200609": "14.18",
        "200610": "15.96",
        "200611": "16.90",
        "200612": "19.91",
        "200701": "20.82",
        "200702": "19.35",
        "200703": "19.98",
        "200704": "21.33",
        "200705": "22.04",
        "200706": "31.99",
        "200707": "34.45",
        "200708": "27.78",
        "200709": "26.16",
        "200710": "24.92",
        "200711": "22.63",
        "200712": "20.73",
        "200801": "19.08",
        "200802": "17.84",
        "200803": "19.83",
        "200804": "23.26",
        "200805": "22.57",
        "200806": "18.52",
        "200807": "15.54",
        "200808": "15.45",
        "200809": "13.38",
        "200810": "11.30",
        "200811": "9.79",
        "200812": "9.39",
        "200901": "9.62",
        "200902": "9.44",
        "200903": "11.62",
        "200904": "13.97",
        "200905": "16.22",
        "200906": "15.29",
        "200907": "16.55",
        "200908": "17.04",
        "200909": "18.01",
        "200910": "19.56",
        "200911": "18.97",
        "200912": "23.39",
        "201001": "22.43",
        "201002": "19.25",
        "201003": "21.19",
        "201004": "22.38",
        "201005": "20.96",
        "201006": "20.18",
        "201007": "20.40",
        "201008": "21.23",
        "201009": "20.21",
        "201010": "18.49",
        "201011": "17.42",
        "201012": "18.00",
        "201101": "18.17",
        "201102": "17.73",
        "201103": "17.04",
        "201104": "16.50",
        "201105": "16.36",
        "201106": "16.27",
        "201107": "15.53",
        "201108": "14.33",
        "201109": "14.39",
        "201110": "14.45",
        "201111": "13.48",
        "201112": "13.05",
        "201201": "13.14",
        "201202": "14.34",
        "201203": "14.80",
        "201204": "15.34",
        "201205": "14.61",
        "201206": "14.04",
        "201207": "13.31",
        "201208": "13.99",
        "201209": "14.81",
        "201210": "14.22",
        "201211": "16.11",
        "201212": "18.83",
        "201301": "18.73",
        "201302": "18.33",
        "201303": "19.22",
        "201304": "20.98",
        "201305": "20.86",
        "201306": "21.39",
        "201307": "19.21",
        "201308": "18.80",
        "201309": "19.16",
        "201310": "18.90",
        "201311": "18.90",
        "201312": "20.05",
        "201401": "22.18",
        "201402": "23.45",
        "201403": "26.61",
        "201404": "28.19",
        "201405": "27.28",
        "201406": "29.27",
        "201407": "27.24",
        "201408": "23.11",
        "201409": "22.87",
        "201410": "25.40",
        "201411": "27.81",
        "201412": "28.30",
        "201501": "27.10",
        "201502": "25.33",
        "201503": "25.80",
        "201504": "26.10",
        "201505": "24.46",
        "201506": "23.71",
        "201507": "21.53",
        "201508": "19.19",
        "201509": "19.80",
        "201510": "20.06",
        "201511": "20.79",
        "201512": "20.50",
        "201601": "20.35",
        "201602": "21.83",
        "201603": "23.26",
        "201604": "23.02",
        "201605": "22.14",
        "201606": "22.97",
        "201607": "24.11",
        "201608": "24.64",
        "201609": "25.27",
        "201610": "25.04",
        "201611": "23.11",
        "201612": "22.99",
        "201701": "24.17",
        "201702": "24.43",
        "201703": "26.24",
        "201704": "26.56",
        "201705": "25.75",
        "201706": "25.60",
        "201707": "25.05",
        "201708": "24.77",
        "201709": "24.82",
        "201710": "24.75",
        "201711": "26.10",
        "201712": "25.90",
        "201801": "26.05",
        "201802": "26.00",
        "201803": "26.58",
        "201804": "29.48",
        "201805": "30.01",
        "201806": "30.44",
        "201807": "30.22",
        "201808": "31.18",
        "201809": "31.81",
        "201810": "30.88",
        "201811": "28.76",
        "201812": "27.73",
        "201901": "28.52",
        "201902": "30.36",
        "201903": "31.47",
        "201904": "31.09",
        "201905": "32.03",
        "201906": "32.29",
        "201907": "32.73",
        "201908": "33.17",
        "201909": "42.86",
        "201910": "42.51",
        "201911": "38.19",
        "201912": "38.79",
        "202001": "40.05",
        "202002": "37.53",
        "202003": "31.73",
        "202004": "29.70",
        "202005": "30.84",
        "202006": "30.49",
        "202007": "34.59",
        "202008": "35.54",
        "202009": "34.56",
        "202010": "34.13",
        "202011": "34.98",
        "202012": "37.49",
        "202101": "35.91",
        "202102": "37.34",
        "202103": "40.69",
        "202104": "41.74",
        "202105": "35.96",
        "202106": "37.59",
        "202107": "39.35",
        "202108": "39.48",
        "202109": "38.16",
        "202110": "36.31",
        "202111": "35.63",
        "202112": "35.32",
        "202201": "34.67",
        "202202": "33.84",
        "202203": "32.54",
        "202204": "31.97",
        "202205": "30.84",
        "202206": "31.04",
        "202207": "28.10",
        "202208": "27.47",
        "202209": "28.18",
        "202210": "27.20",
        "202211": "25.49",
        "202212": "25.23",
        "202301": "25.41",
        "202302": "24.98",
        "202303": "24.92",
        "202304": "25.03",
        "202305": "26.95"
    },
    "quarters": {
        "20011": {
            "year_quarter": 20011,
            "year": 2001,
            "quarter": 1,
            "eps": 0.62,
            "eps_growth_year": -40.38,
            "eps_4q": 3.34,
            "eps_4q_growth_year": null,
            "roe": 3,
            "gross_profit": 30994,
            "gross_margin": 32.03,
            "net_income": 15873,
            "revenue": 96779,
            "common_shares": 257688,
            "equity": 536326,
            "current_ratio": 607.22,
            "debt_ratio": 13.09,
            "inventory_turnover_ratio": 1.74,
            "account_receivable_turnover_ratio": null,
            "reinvestment_rate": null,
            "research_to_sale_ratio": null,
            "price_fair": 0,
            "eps_avg_yearly": 0,
            "eps_latest_yearly": 0,
            "eps_growth_yearly": 0
        },
        "20012": {
            "year_quarter": 20012,
            "year": 2001,
            "quarter": 2,
            "eps": 0.62,
            "eps_growth_year": -53.73,
            "eps_4q": 2.93,
            "eps_4q_growth_year": null,
            "roe": 3,
            "gross_profit": 30312,
            "gross_margin": 40.49,
            "net_income": 16079,
            "revenue": 74856,
            "common_shares": 257688,
            "equity": 535048,
            "current_ratio": 595.15,
            "debt_ratio": 13.62,
            "inventory_turnover_ratio": 1.19,
            "account_receivable_turnover_ratio": null,
            "reinvestment_rate": null,
            "research_to_sale_ratio": null,
            "price_fair": 0,
            "eps_avg_yearly": 0,
            "eps_latest_yearly": 0,
            "eps_growth_yearly": 0
        },
        "20013": {
            "year_quarter": 20013,
            "year": 2001,
            "quarter": 3,
            "eps": 0.28,
            "eps_growth_year": -77.05,
            "eps_4q": 1.86,
            "eps_4q_growth_year": null,
            "roe": 1.73,
            "gross_profit": 24728,
            "gross_margin": 40.64,
            "net_income": 9334,
            "revenue": 60851,
            "common_shares": 336604,
            "equity": 544367,
            "current_ratio": 1056.98,
            "debt_ratio": 8.95,
            "inventory_turnover_ratio": 0.93,
            "account_receivable_turnover_ratio": null,
            "reinvestment_rate": null,
            "research_to_sale_ratio": null,
            "price_fair": 0,
            "eps_avg_yearly": 0,
            "eps_latest_yearly": 0,
            "eps_growth_yearly": 0
        },
        "20014": {
            "year_quarter": 20014,
            "year": 2001,
            "quarter": 4,
            "eps": 0.28,
            "eps_growth_year": -65.43,
            "eps_4q": 1.52,
            "eps_4q_growth_year": -56.1,
            "roe": 1.69,
            "gross_profit": 27326,
            "gross_margin": 42.16,
            "net_income": 9298,
            "revenue": 64821,
            "common_shares": 336604,
            "equity": 553775,
            "current_ratio": 966.75,
            "debt_ratio": 9.76,
            "inventory_turnover_ratio": 0.98,
            "account_receivable_turnover_ratio": null,
            "reinvestment_rate": null,
            "research_to_sale_ratio": null,
            "price_fair": 0,
            "eps_avg_yearly": 0,
            "eps_latest_yearly": 0,
            "eps_growth_yearly": 0
        },
        "20021": {
            "year_quarter": 20021,
            "year": 2002,
            "quarter": 1,
            "eps": 0.3,
            "eps_growth_year": -51.61,
            "eps_4q": 1.34,
            "eps_4q_growth_year": -59.88,
            "roe": 1.79,
            "gross_profit": 28431,
            "gross_margin": 40.85,
            "net_income": 10017,
            "revenue": 69600,
            "common_shares": 336604,
            "equity": 563860,
            "current_ratio": 943.09,
            "debt_ratio": 10.15,
            "inventory_turnover_ratio": 1.12,
            "account_receivable_turnover_ratio": null,
            "reinvestment_rate": null,
            "research_to_sale_ratio": null,
            "price_fair": 42,
            "eps_avg_yearly": 1.2,
            "eps_latest_yearly": 1.2,
            "eps_growth_yearly": 28.57
        },
        "20022": {
            "year_quarter": 20022,
            "year": 2002,
            "quarter": 2,
            "eps": 0.43,
            "eps_growth_year": -30.65,
            "eps_4q": 1.27,
            "eps_4q_growth_year": -56.63,
            "roe": 2.58,
            "gross_profit": 35918,
            "gross_margin": 41.05,
            "net_income": 14633,
            "revenue": 87496,
            "common_shares": 336604,
            "equity": 569371,
            "current_ratio": 688.42,
            "debt_ratio": 13.13,
            "inventory_turnover_ratio": 1.44,
            "account_receivable_turnover_ratio": null,
            "reinvestment_rate": null,
            "research_to_sale_ratio": null,
            "price_fair": 51.1,
            "eps_avg_yearly": 1.46,
            "eps_latest_yearly": 1.72,
            "eps_growth_yearly": 100.95
        },
        "20023": {
            "year_quarter": 20023,
            "year": 2002,
            "quarter": 3,
            "eps": 0.31,
            "eps_growth_year": 10.71,
            "eps_4q": 1.24,
            "eps_4q_growth_year": -33.73,
            "roe": 1.98,
            "gross_profit": 31690,
            "gross_margin": 38.38,
            "net_income": 11375,
            "revenue": 82559,
            "common_shares": 369844,
            "equity": 581015,
            "current_ratio": 706.46,
            "debt_ratio": 12.8,
            "inventory_turnover_ratio": 1.51,
            "account_receivable_turnover_ratio": null,
            "reinvestment_rate": null,
            "research_to_sale_ratio": null,
            "price_fair": 48.53,
            "eps_avg_yearly": 1.39,
            "eps_latest_yearly": 1.24,
            "eps_growth_yearly": 30.09
        },
        "20024": {
            "year_quarter": 20024,
            "year": 2002,
            "quarter": 4,
            "eps": 0.5,
            "eps_growth_year": 78.57,
            "eps_4q": 1.47,
            "eps_4q_growth_year": -3.17,
            "roe": 3.13,
            "gross_profit": 34821,
            "gross_margin": 40.52,
            "net_income": 18475,
            "revenue": 85940,
            "common_shares": 369844,
            "equity": 599458,
            "current_ratio": 790.15,
            "debt_ratio": 12.11,
            "inventory_turnover_ratio": 1.82,
            "account_receivable_turnover_ratio": null,
            "reinvestment_rate": null,
            "research_to_sale_ratio": null,
            "price_fair": 53.9,
            "eps_avg_yearly": 1.54,
            "eps_latest_yearly": 2,
            "eps_growth_yearly": 83.86
        },
        "20031": {
            "year_quarter": 20031,
            "year": 2003,
            "quarter": 1,
            "eps": 0.48,
            "eps_growth_year": 60,
            "eps_4q": 1.68,
            "eps_4q_growth_year": 25.23,
            "roe": 2.93,
            "gross_profit": 41259,
            "gross_margin": 45.83,
            "net_income": 17830,
            "revenue": 90020,
            "common_shares": 369844,
            "equity": 617288,
            "current_ratio": 764.97,
            "debt_ratio": 12.59,
            "inventory_turnover_ratio": 1.84,
            "account_receivable_turnover_ratio": null,
            "reinvestment_rate": null,
            "research_to_sale_ratio": null,
            "price_fair": 56.56,
            "eps_avg_yearly": 1.62,
            "eps_latest_yearly": 1.92,
            "eps_growth_yearly": 63.89
        },
        "20032": {
            "year_quarter": 20032,
            "year": 2003,
            "quarter": 2,
            "eps": 0.93,
            "eps_growth_year": 116.28,
            "eps_4q": 2.22,
            "eps_4q_growth_year": 74.77,
            "roe": 5.45,
            "gross_profit": 64299,
            "gross_margin": 52.45,
            "net_income": 34297,
            "revenue": 122597,
            "common_shares": 369844,
            "equity": 641842,
            "current_ratio": 650.61,
            "debt_ratio": 14.5,
            "inventory_turnover_ratio": 2.04,
            "account_receivable_turnover_ratio": null,
            "reinvestment_rate": null,
            "research_to_sale_ratio": null,
            "price_fair": 68.83,
            "eps_avg_yearly": 1.97,
            "eps_latest_yearly": 3.72,
            "eps_growth_yearly": 115.74
        },
        "20033": {
            "year_quarter": 20033,
            "year": 2003,
            "quarter": 3,
            "eps": 0.57,
            "eps_growth_year": 83.87,
            "eps_4q": 2.32,
            "eps_4q_growth_year": 87.71,
            "roe": 3.52,
            "gross_profit": 46545,
            "gross_margin": 50.43,
            "net_income": 23015,
            "revenue": 92299,
            "common_shares": 406366,
            "equity": 664709,
            "current_ratio": 893.47,
            "debt_ratio": 11.6,
            "inventory_turnover_ratio": 1.54,
            "account_receivable_turnover_ratio": null,
            "reinvestment_rate": null,
            "research_to_sale_ratio": null,
            "price_fair": 70.4,
            "eps_avg_yearly": 2.01,
            "eps_latest_yearly": 2.28,
            "eps_growth_yearly": 77.09
        },
        "20034": {
            "year_quarter": 20034,
            "year": 2003,
            "quarter": 4,
            "eps": 0.42,
            "eps_growth_year": -16,
            "eps_4q": 2.27,
            "eps_4q_growth_year": 54.09,
            "roe": 2.53,
            "gross_profit": 39448,
            "gross_margin": 43.05,
            "net_income": 17034,
            "revenue": 91626,
            "common_shares": 406366,
            "equity": 681793,
            "current_ratio": 763.61,
            "debt_ratio": 13.28,
            "inventory_turnover_ratio": 1.95,
            "account_receivable_turnover_ratio": null,
            "reinvestment_rate": -5.16,
            "research_to_sale_ratio": null,
            "price_fair": 68.95,
            "eps_avg_yearly": 1.97,
            "eps_latest_yearly": 1.68,
            "eps_growth_yearly": 54.29
        },
        "20041": {
            "year_quarter": 20041,
            "year": 2004,
            "quarter": 1,
            "eps": 0.85,
            "eps_growth_year": 77.08,
            "eps_4q": 2.66,
            "eps_4q_growth_year": 58.76,
            "roe": 4.97,
            "gross_profit": 41275,
            "gross_margin": 46.06,
            "net_income": 34852,
            "revenue": 89606,
            "common_shares": 406366,
            "equity": 721459,
            "current_ratio": 886.29,
            "debt_ratio": 13.63,
            "inventory_turnover_ratio": 1.71,
            "account_receivable_turnover_ratio": null,
            "reinvestment_rate": -7.88,
            "research_to_sale_ratio": null,
            "price_fair": 74.51,
            "eps_avg_yearly": 2.13,
            "eps_latest_yearly": 3.4,
            "eps_growth_yearly": 93.76
        },
        "20042": {
            "year_quarter": 20042,
            "year": 2004,
            "quarter": 2,
            "eps": 0.52,
            "eps_growth_year": -44.09,
            "eps_4q": 2.34,
            "eps_4q_growth_year": 5.3,
            "roe": 3.03,
            "gross_profit": 46848,
            "gross_margin": 45.17,
            "net_income": 21392,
            "revenue": 103705,
            "common_shares": 409296,
            "equity": 691835,
            "current_ratio": 479.13,
            "debt_ratio": 18.27,
            "inventory_turnover_ratio": 1.88,
            "account_receivable_turnover_ratio": null,
            "reinvestment_rate": -8.55,
            "research_to_sale_ratio": null,
            "price_fair": 74.34,
            "eps_avg_yearly": 2.12,
            "eps_latest_yearly": 2.08,
            "eps_growth_yearly": 68.86
        },
        "20043": {
            "year_quarter": 20043,
            "year": 2004,
            "quarter": 3,
            "eps": 0.6,
            "eps_growth_year": 5.26,
            "eps_4q": 2.27,
            "eps_4q_growth_year": -1.97,
            "roe": 3.73,
            "gross_profit": 42619,
            "gross_margin": 41.54,
            "net_income": 26282,
            "revenue": 102608,
            "common_shares": 439367,
            "equity": 718174,
            "current_ratio": 707.85,
            "debt_ratio": 14.21,
            "inventory_turnover_ratio": 1.72,
            "account_receivable_turnover_ratio": null,
            "reinvestment_rate": -7.92,
            "research_to_sale_ratio": null,
            "price_fair": 75.22,
            "eps_avg_yearly": 2.15,
            "eps_latest_yearly": 2.4,
            "eps_growth_yearly": 68.19
        },
        "20044": {
            "year_quarter": 20044,
            "year": 2004,
            "quarter": 4,
            "eps": 0.38,
            "eps_growth_year": -9.52,
            "eps_4q": 2.25,
            "eps_4q_growth_year": -1.13,
            "roe": 2.31,
            "gross_profit": 40806,
            "gross_margin": 42.32,
            "net_income": 16797,
            "revenue": 96413,
            "common_shares": 439367,
            "equity": 734394,
            "current_ratio": 951.03,
            "debt_ratio": 13.9,
            "inventory_turnover_ratio": 1.25,
            "account_receivable_turnover_ratio": null,
            "reinvestment_rate": -6.71,
            "research_to_sale_ratio": null,
            "price_fair": 73.38,
            "eps_avg_yearly": 2.1,
            "eps_latest_yearly": 1.52,
            "eps_growth_yearly": 50.29
        },
        "20051": {
            "year_quarter": 20051,
            "year": 2005,
            "quarter": 1,
            "eps": 0.02,
            "eps_growth_year": -97.65,
            "eps_4q": 1.63,
            "eps_4q_growth_year": -38.8,
            "roe": 0.11,
            "gross_profit": 23705,
            "gross_margin": 35.28,
            "net_income": 801,
            "revenue": 67196,
            "common_shares": 439367,
            "equity": 737488,
            "current_ratio": 1065.2,
            "debt_ratio": 11.77,
            "inventory_turnover_ratio": 1.01,
            "account_receivable_turnover_ratio": null,
            "reinvestment_rate": -6.19,
            "research_to_sale_ratio": null,
            "price_fair": 52.94,
            "eps_avg_yearly": 1.94,
            "eps_latest_yearly": 0.08,
            "eps_growth_yearly": 17.27
        },
        "20052": {
            "year_quarter": 20052,
            "year": 2005,
            "quarter": 2,
            "eps": 0.14,
            "eps_growth_year": -73.08,
            "eps_4q": 1.14,
            "eps_4q_growth_year": -51.44,
            "roe": 0.86,
            "gross_profit": 30833,
            "gross_margin": 42.07,
            "net_income": 6164,
            "revenue": 73291,
            "common_shares": 441167,
            "equity": 688709,
            "current_ratio": 535.61,
            "debt_ratio": 18.24,
            "inventory_turnover_ratio": 1.24,
            "account_receivable_turnover_ratio": null,
            "reinvestment_rate": -5.29,
            "research_to_sale_ratio": null,
            "price_fair": 64.5,
            "eps_avg_yearly": 1.84,
            "eps_latest_yearly": 0.56,
            "eps_growth_yearly": 187.46
        },
        "20053": {
            "year_quarter": 20053,
            "year": 2005,
            "quarter": 3,
            "eps": 0.12,
            "eps_growth_year": -80,
            "eps_4q": 0.62,
            "eps_4q_growth_year": -72.61,
            "roe": 0.82,
            "gross_profit": 34473,
            "gross_margin": 44.35,
            "net_income": 5673,
            "revenue": 77729,
            "common_shares": 473680,
            "equity": 694265,
            "current_ratio": 780.12,
            "debt_ratio": 14.17,
            "inventory_turnover_ratio": 1.49,
            "account_receivable_turnover_ratio": null,
            "reinvestment_rate": -4.94,
            "research_to_sale_ratio": null,
            "price_fair": 61.32,
            "eps_avg_yearly": 1.75,
            "eps_latest_yearly": 0.48,
            "eps_growth_yearly": 171.16
        },
        "20054": {
            "year_quarter": 20054,
            "year": 2005,
            "quarter": 4,
            "eps": 0.4,
            "eps_growth_year": 5.26,
            "eps_4q": 0.67,
            "eps_4q_growth_year": -70.31,
            "roe": 2.72,
            "gross_profit": 33198,
            "gross_margin": 43.36,
            "net_income": 18925,
            "revenue": 76563,
            "common_shares": 473680,
            "equity": 697012,
            "current_ratio": 875.95,
            "debt_ratio": 14.73,
            "inventory_turnover_ratio": 1.38,
            "account_receivable_turnover_ratio": null,
            "reinvestment_rate": -4.2,
            "research_to_sale_ratio": null,
            "price_fair": 60.99,
            "eps_avg_yearly": 1.74,
            "eps_latest_yearly": 1.6,
            "eps_growth_yearly": 218.79
        },
        "20061": {
            "year_quarter": 20061,
            "year": 2006,
            "quarter": 1,
            "eps": 0.21,
            "eps_growth_year": 950,
            "eps_4q": 0.86,
            "eps_4q_growth_year": -47.42,
            "roe": 1.44,
            "gross_profit": 25682,
            "gross_margin": 38.47,
            "net_income": 9986,
            "revenue": 66752,
            "common_shares": 447880,
            "equity": 691367,
            "current_ratio": 871.2,
            "debt_ratio": 13.48,
            "inventory_turnover_ratio": 1.13,
            "account_receivable_turnover_ratio": null,
            "reinvestment_rate": -3.68,
            "research_to_sale_ratio": null,
            "price_fair": 60.2,
            "eps_avg_yearly": 1.72,
            "eps_latest_yearly": 0.84,
            "eps_growth_yearly": 205.13
        },
        "20062": {
            "year_quarter": 20062,
            "year": 2006,
            "quarter": 2,
            "eps": 0.35,
            "eps_growth_year": 150,
            "eps_4q": 1.09,
            "eps_4q_growth_year": -4.35,
            "roe": 2.4,
            "gross_profit": 35444,
            "gross_margin": 41.6,
            "net_income": 16420,
            "revenue": 85194,
            "common_shares": 447880,
            "equity": 679778,
            "current_ratio": 616.17,
            "debt_ratio": 16.65,
            "inventory_turnover_ratio": 1.3,
            "account_receivable_turnover_ratio": null,
            "reinvestment_rate": -2.78,
            "research_to_sale_ratio": null,
            "price_fair": 59.5,
            "eps_avg_yearly": 1.7,
            "eps_latest_yearly": 1.4,
            "eps_growth_yearly": 210.97
        },
        "20063": {
            "year_quarter": 20063,
            "year": 2006,
            "quarter": 3,
            "eps": 0.35,
            "eps_growth_year": 191.67,
            "eps_4q": 1.31,
            "eps_4q_growth_year": 110.27,
            "roe": 2.4,
            "gross_profit": 34292,
            "gross_margin": 40.12,
            "net_income": 16541,
            "revenue": 85465,
            "common_shares": 447080,
            "equity": 696481,
            "current_ratio": 558.06,
            "debt_ratio": 17.95,
            "inventory_turnover_ratio": 1.19,
            "account_receivable_turnover_ratio": null,
            "reinvestment_rate": -6.63,
            "research_to_sale_ratio": null,
            "price_fair": 59.85,
            "eps_avg_yearly": 1.71,
            "eps_latest_yearly": 1.4,
            "eps_growth_yearly": 217.94
        },
        "20064": {
            "year_quarter": 20064,
            "year": 2006,
            "quarter": 4,
            "eps": 0.43,
            "eps_growth_year": 7.5,
            "eps_4q": 1.34,
            "eps_4q_growth_year": 101.2,
            "roe": 2.86,
            "gross_profit": 35621,
            "gross_margin": 39.25,
            "net_income": 20244,
            "revenue": 90762,
            "common_shares": 447080,
            "equity": 721413,
            "current_ratio": 985.84,
            "debt_ratio": 13.96,
            "inventory_turnover_ratio": 1.29,
            "account_receivable_turnover_ratio": null,
            "reinvestment_rate": -5.87,
            "research_to_sale_ratio": null,
            "price_fair": 59.24,
            "eps_avg_yearly": 1.69,
            "eps_latest_yearly": 1.72,
            "eps_growth_yearly": 208.33
        },
        "20071": {
            "year_quarter": 20071,
            "year": 2007,
            "quarter": 1,
            "eps": 0.27,
            "eps_growth_year": 28.57,
            "eps_4q": 1.47,
            "eps_4q_growth_year": 71.99,
            "roe": 1.64,
            "gross_profit": 29080,
            "gross_margin": 36.06,
            "net_income": 11933,
            "revenue": 80653,
            "common_shares": 452870,
            "equity": 735967,
            "current_ratio": 938.97,
            "debt_ratio": 12.65,
            "inventory_turnover_ratio": 1.32,
            "account_receivable_turnover_ratio": null,
            "reinvestment_rate": -6.48,
            "research_to_sale_ratio": null,
            "price_fair": 57.4,
            "eps_avg_yearly": 1.64,
            "eps_latest_yearly": 1.08,
            "eps_growth_yearly": 200.03
        },
        "20072": {
            "year_quarter": 20072,
            "year": 2007,
            "quarter": 2,
            "eps": 0.54,
            "eps_growth_year": 54.29,
            "eps_4q": 1.62,
            "eps_4q_growth_year": 48.66,
            "roe": 3.39,
            "gross_profit": 39319,
            "gross_margin": 36.34,
            "net_income": 24445,
            "revenue": 108184,
            "common_shares": 452870,
            "equity": 705098,
            "current_ratio": 453.88,
            "debt_ratio": 20.25,
            "inventory_turnover_ratio": 1.73,
            "account_receivable_turnover_ratio": null,
            "reinvestment_rate": -6.07,
            "research_to_sale_ratio": null,
            "price_fair": 53.99,
            "eps_avg_yearly": 1.54,
            "eps_latest_yearly": 2.16,
            "eps_growth_yearly": 201.59
        },
        "20073": {
            "year_quarter": 20073,
            "year": 2007,
            "quarter": 3,
            "eps": 0.36,
            "eps_growth_year": 2.86,
            "eps_4q": 1.6,
            "eps_4q_growth_year": 22.3,
            "roe": 2.3,
            "gross_profit": 36791,
            "gross_margin": 36.36,
            "net_income": 16423,
            "revenue": 101174,
            "common_shares": 455070,
            "equity": 722984,
            "current_ratio": 635.45,
            "debt_ratio": 16.04,
            "inventory_turnover_ratio": 1.43,
            "account_receivable_turnover_ratio": null,
            "reinvestment_rate": -5.79,
            "research_to_sale_ratio": null,
            "price_fair": 52.15,
            "eps_avg_yearly": 1.49,
            "eps_latest_yearly": 1.44,
            "eps_growth_yearly": 202.94
        },
        "20074": {
            "year_quarter": 20074,
            "year": 2007,
            "quarter": 4,
            "eps": 0.39,
            "eps_growth_year": -9.3,
            "eps_4q": 1.56,
            "eps_4q_growth_year": 16.48,
            "roe": 2.4,
            "gross_profit": 38078,
            "gross_margin": 34.16,
            "net_income": 17549,
            "revenue": 111473,
            "common_shares": 455070,
            "equity": 741150,
            "current_ratio": 829.79,
            "debt_ratio": 15.45,
            "inventory_turnover_ratio": 1.33,
            "account_receivable_turnover_ratio": null,
            "reinvestment_rate": -5.04,
            "research_to_sale_ratio": null,
            "price_fair": 51.89,
            "eps_avg_yearly": 1.48,
            "eps_latest_yearly": 1.56,
            "eps_growth_yearly": 211.6
        },
        "20081": {
            "year_quarter": 20081,
            "year": 2008,
            "quarter": 1,
            "eps": 0.15,
            "eps_growth_year": -44.44,
            "eps_4q": 1.4,
            "eps_4q_growth_year": -4.75,
            "roe": 0.93,
            "gross_profit": 35085,
            "gross_margin": 33.93,
            "net_income": 6989,
            "revenue": 103399,
            "common_shares": 462160,
            "equity": 756194,
            "current_ratio": 987.69,
            "debt_ratio": 13.55,
            "inventory_turnover_ratio": 1.15,
            "account_receivable_turnover_ratio": null,
            "reinvestment_rate": -4.87,
            "research_to_sale_ratio": null,
            "price_fair": 45.76,
            "eps_avg_yearly": 1.31,
            "eps_latest_yearly": 0.6,
            "eps_growth_yearly": 170.62
        },
        "20082": {
            "year_quarter": 20082,
            "year": 2008,
            "quarter": 2,
            "eps": 0.41,
            "eps_growth_year": -24.07,
            "eps_4q": 1.31,
            "eps_4q_growth_year": -18.96,
            "roe": 2.54,
            "gross_profit": 45308,
            "gross_margin": 36.64,
            "net_income": 18666,
            "revenue": 123671,
            "common_shares": 464060,
            "equity": 714072,
            "current_ratio": 504.69,
            "debt_ratio": 21.56,
            "inventory_turnover_ratio": 1.26,
            "account_receivable_turnover_ratio": null,
            "reinvestment_rate": -4.58,
            "research_to_sale_ratio": null,
            "price_fair": 44.8,
            "eps_avg_yearly": 1.28,
            "eps_latest_yearly": 1.64,
            "eps_growth_yearly": 223.66
        },
        "20083": {
            "year_quarter": 20083,
            "year": 2008,
            "quarter": 3,
            "eps": 0.27,
            "eps_growth_year": -25,
            "eps_4q": 1.19,
            "eps_4q_growth_year": -25.45,
            "roe": 1.76,
            "gross_profit": 38334,
            "gross_margin": 35.61,
            "net_income": 12629,
            "revenue": 107663,
            "common_shares": 464060,
            "equity": 724110,
            "current_ratio": 864.99,
            "debt_ratio": 14.91,
            "inventory_turnover_ratio": 1.1,
            "account_receivable_turnover_ratio": null,
            "reinvestment_rate": -4.95,
            "research_to_sale_ratio": null,
            "price_fair": 41.91,
            "eps_avg_yearly": 1.2,
            "eps_latest_yearly": 1.08,
            "eps_growth_yearly": 211.28
        },
        "20084": {
            "year_quarter": 20084,
            "year": 2008,
            "quarter": 4,
            "eps": 0.29,
            "eps_growth_year": -25.64,
            "eps_4q": 1.12,
            "eps_4q_growth_year": -28.35,
            "roe": 1.84,
            "gross_profit": 35333,
            "gross_margin": 34.84,
            "net_income": 13373,
            "revenue": 101421,
            "common_shares": 452190,
            "equity": 728603,
            "current_ratio": 920.56,
            "debt_ratio": 14.32,
            "inventory_turnover_ratio": 1.12,
            "account_receivable_turnover_ratio": 2.44,
            "reinvestment_rate": -5.13,
            "research_to_sale_ratio": null,
            "price_fair": 41.13,
            "eps_avg_yearly": 1.18,
            "eps_latest_yearly": 1.16,
            "eps_growth_yearly": 222.3
        },
        "20091": {
            "year_quarter": 20091,
            "year": 2009,
            "quarter": 1,
            "eps": 0.25,
            "eps_growth_year": 66.67,
            "eps_4q": 1.25,
            "eps_4q_growth_year": -11.12,
            "roe": 1.52,
            "gross_profit": 33294,
            "gross_margin": 36.61,
            "net_income": 11193,
            "revenue": 90951,
            "common_shares": 452190,
            "equity": 740184,
            "current_ratio": 936.44,
            "debt_ratio": 13.98,
            "inventory_turnover_ratio": 1.09,
            "account_receivable_turnover_ratio": 1.13,
            "reinvestment_rate": -4.81,
            "research_to_sale_ratio": null,
            "price_fair": 43.14,
            "eps_avg_yearly": 1.23,
            "eps_latest_yearly": 1,
            "eps_growth_yearly": 242.53
        },
        "20092": {
            "year_quarter": 20092,
            "year": 2009,
            "quarter": 2,
            "eps": 0.38,
            "eps_growth_year": -7.32,
            "eps_4q": 1.2,
            "eps_4q_growth_year": -8.5,
            "roe": 2.38,
            "gross_profit": 46717,
            "gross_margin": 36.83,
            "net_income": 17271,
            "revenue": 126860,
            "common_shares": 452190,
            "equity": 711854,
            "current_ratio": 506.9,
            "debt_ratio": 21.31,
            "inventory_turnover_ratio": 1.39,
            "account_receivable_turnover_ratio": 1.5,
            "reinvestment_rate": -4.7,
            "research_to_sale_ratio": null,
            "price_fair": 45.24,
            "eps_avg_yearly": 1.29,
            "eps_latest_yearly": 1.52,
            "eps_growth_yearly": 105.53
        },
        "20093": {
            "year_quarter": 20093,
            "year": 2009,
            "quarter": 3,
            "eps": 0.34,
            "eps_growth_year": 25.93,
            "eps_4q": 1.26,
            "eps_4q_growth_year": 5.43,
            "roe": 2.15,
            "gross_profit": 44735,
            "gross_margin": 38.28,
            "net_income": 15487,
            "revenue": 116873,
            "common_shares": 452190,
            "equity": 727115,
            "current_ratio": 699.12,
            "debt_ratio": 16.94,
            "inventory_turnover_ratio": 1.04,
            "account_receivable_turnover_ratio": 1.28,
            "reinvestment_rate": -3.79,
            "research_to_sale_ratio": null,
            "price_fair": 47.16,
            "eps_avg_yearly": 1.35,
            "eps_latest_yearly": 1.36,
            "eps_growth_yearly": 106.47
        },
        "20094": {
            "year_quarter": 20094,
            "year": 2009,
            "quarter": 4,
            "eps": 0.46,
            "eps_growth_year": 58.62,
            "eps_4q": 1.43,
            "eps_4q_growth_year": 27.87,
            "roe": 2.82,
            "gross_profit": 47171,
            "gross_margin": 33.35,
            "net_income": 20823,
            "revenue": 141427,
            "common_shares": 452190,
            "equity": 747853,
            "current_ratio": 678.95,
            "debt_ratio": 17.28,
            "inventory_turnover_ratio": 1.3,
            "account_receivable_turnover_ratio": 2.13,
            "reinvestment_rate": 1.04,
            "research_to_sale_ratio": null,
            "price_fair": 47.69,
            "eps_avg_yearly": 1.36,
            "eps_latest_yearly": 1.84,
            "eps_growth_yearly": 56.96
        },
        "20101": {
            "year_quarter": 20101,
            "year": 2010,
            "quarter": 1,
            "eps": 0.34,
            "eps_growth_year": 36,
            "eps_4q": 1.53,
            "eps_4q_growth_year": 22.24,
            "roe": 2.04,
            "gross_profit": 42577,
            "gross_margin": 36.81,
            "net_income": 15388,
            "revenue": 115657,
            "common_shares": 452190,
            "equity": 763155,
            "current_ratio": 797.18,
            "debt_ratio": 15.47,
            "inventory_turnover_ratio": 1,
            "account_receivable_turnover_ratio": 0.94,
            "reinvestment_rate": 1.38,
            "research_to_sale_ratio": 10.93,
            "price_fair": 48.83,
            "eps_avg_yearly": 1.4,
            "eps_latest_yearly": 1.36,
            "eps_growth_yearly": 62.31
        },
        "20102": {
            "year_quarter": 20102,
            "year": 2010,
            "quarter": 2,
            "eps": 0.39,
            "eps_growth_year": 3.76,
            "eps_4q": 1.54,
            "eps_4q_growth_year": 28.3,
            "roe": 2.4,
            "gross_profit": 45985,
            "gross_margin": 33.42,
            "net_income": 17829,
            "revenue": 137594,
            "common_shares": 452190,
            "equity": 724552,
            "current_ratio": 460.32,
            "debt_ratio": 22.99,
            "inventory_turnover_ratio": 1.19,
            "account_receivable_turnover_ratio": 1.19,
            "reinvestment_rate": 0.91,
            "research_to_sale_ratio": 11.35,
            "price_fair": 49.18,
            "eps_avg_yearly": 1.41,
            "eps_latest_yearly": 1.56,
            "eps_growth_yearly": 49.32
        },
        "20103": {
            "year_quarter": 20103,
            "year": 2010,
            "quarter": 3,
            "eps": 0.25,
            "eps_growth_year": -25.44,
            "eps_4q": 1.45,
            "eps_4q_growth_year": 15.1,
            "roe": 1.57,
            "gross_profit": 47052,
            "gross_margin": 34.86,
            "net_income": 11463,
            "revenue": 134980,
            "common_shares": 452190,
            "equity": 735746,
            "current_ratio": 613.46,
            "debt_ratio": 18.5,
            "inventory_turnover_ratio": 1.06,
            "account_receivable_turnover_ratio": 1.21,
            "reinvestment_rate": 1.35,
            "research_to_sale_ratio": 9.49,
            "price_fair": 48.3,
            "eps_avg_yearly": 1.38,
            "eps_latest_yearly": 1,
            "eps_growth_yearly": 40.35
        },
        "20104": {
            "year_quarter": 20104,
            "year": 2010,
            "quarter": 4,
            "eps": 0.18,
            "eps_growth_year": -59.92,
            "eps_4q": 1.17,
            "eps_4q_growth_year": -18.15,
            "roe": 1.13,
            "gross_profit": 33878,
            "gross_margin": 28.3,
            "net_income": 8337,
            "revenue": 119718,
            "common_shares": 452190,
            "equity": 743221,
            "current_ratio": 926.25,
            "debt_ratio": 14.14,
            "inventory_turnover_ratio": 1.17,
            "account_receivable_turnover_ratio": 1.19,
            "reinvestment_rate": 1.72,
            "research_to_sale_ratio": 8.03,
            "price_fair": 46.11,
            "eps_avg_yearly": 1.32,
            "eps_latest_yearly": 0.72,
            "eps_growth_yearly": 27.64
        },
        "20111": {
            "year_quarter": 20111,
            "year": 2011,
            "quarter": 1,
            "eps": 0.21,
            "eps_growth_year": -38.24,
            "eps_4q": 1.04,
            "eps_4q_growth_year": -31.69,
            "roe": 1.27,
            "gross_profit": 34405,
            "gross_margin": 33.74,
            "net_income": 9485,
            "revenue": 101986,
            "common_shares": 452190,
            "equity": 752886,
            "current_ratio": 963.83,
            "debt_ratio": 13.56,
            "inventory_turnover_ratio": 1.17,
            "account_receivable_turnover_ratio": 1.04,
            "reinvestment_rate": 2.56,
            "research_to_sale_ratio": 11.23,
            "price_fair": 45.59,
            "eps_avg_yearly": 1.3,
            "eps_latest_yearly": 0.84,
            "eps_growth_yearly": 41.1
        },
        "20112": {
            "year_quarter": 20112,
            "year": 2011,
            "quarter": 2,
            "eps": 0.22,
            "eps_growth_year": -45.06,
            "eps_4q": 0.86,
            "eps_4q_growth_year": -43.79,
            "roe": 1.33,
            "gross_profit": 40062,
            "gross_margin": 35.37,
            "net_income": 9795,
            "revenue": 113258,
            "common_shares": 452190,
            "equity": 717189,
            "current_ratio": 572.04,
            "debt_ratio": 19.13,
            "inventory_turnover_ratio": 1.35,
            "account_receivable_turnover_ratio": 1.11,
            "reinvestment_rate": 2.68,
            "research_to_sale_ratio": 11.7,
            "price_fair": 33.37,
            "eps_avg_yearly": 1.22,
            "eps_latest_yearly": 0.88,
            "eps_growth_yearly": 17.3
        },
        "20113": {
            "year_quarter": 20113,
            "year": 2011,
            "quarter": 3,
            "eps": 0.27,
            "eps_growth_year": 4.95,
            "eps_4q": 0.88,
            "eps_4q_growth_year": -38.99,
            "roe": 1.65,
            "gross_profit": 40702,
            "gross_margin": 32.58,
            "net_income": 11896,
            "revenue": 124937,
            "common_shares": 452190,
            "equity": 722561,
            "current_ratio": 701.93,
            "debt_ratio": 16.61,
            "inventory_turnover_ratio": 1.48,
            "account_receivable_turnover_ratio": 1.11,
            "reinvestment_rate": 2.98,
            "research_to_sale_ratio": 10.52,
            "price_fair": 42,
            "eps_avg_yearly": 1.2,
            "eps_latest_yearly": 1.08,
            "eps_growth_yearly": 31.31
        },
        "20114": {
            "year_quarter": 20114,
            "year": 2011,
            "quarter": 4,
            "eps": 0.22,
            "eps_growth_year": 18.91,
            "eps_4q": 0.92,
            "eps_4q_growth_year": -21.24,
            "roe": 1.34,
            "gross_profit": 36687,
            "gross_margin": 31.88,
            "net_income": 9705,
            "revenue": 115079,
            "common_shares": 442690,
            "equity": 725743,
            "current_ratio": 882.08,
            "debt_ratio": 14.49,
            "inventory_turnover_ratio": 1.36,
            "account_receivable_turnover_ratio": 1.02,
            "reinvestment_rate": 3.34,
            "research_to_sale_ratio": 11.59,
            "price_fair": 40.05,
            "eps_avg_yearly": 1.16,
            "eps_latest_yearly": 0.88,
            "eps_growth_yearly": 24.6
        },
        "20121": {
            "year_quarter": 20121,
            "year": 2012,
            "quarter": 1,
            "eps": 0.1,
            "eps_growth_year": -52.38,
            "eps_4q": 0.81,
            "eps_4q_growth_year": -22.68,
            "roe": 0.59,
            "gross_profit": 33149,
            "gross_margin": 35.93,
            "net_income": 4267,
            "revenue": 92264,
            "common_shares": 442690,
            "equity": 729713,
            "current_ratio": 915.97,
            "debt_ratio": 14.08,
            "inventory_turnover_ratio": 1.01,
            "account_receivable_turnover_ratio": 0.93,
            "reinvestment_rate": 2.43,
            "research_to_sale_ratio": 12.92,
            "price_fair": 40.08,
            "eps_avg_yearly": 1.15,
            "eps_latest_yearly": 0.4,
            "eps_growth_yearly": 26.35
        },
        "20122": {
            "year_quarter": 20122,
            "year": 2012,
            "quarter": 2,
            "eps": 0.41,
            "eps_growth_year": 90.86,
            "eps_4q": 1,
            "eps_4q_growth_year": 15.45,
            "roe": 2.54,
            "gross_profit": 45642,
            "gross_margin": 38.37,
            "net_income": 18302,
            "revenue": 118955,
            "common_shares": 442690,
            "equity": 711119,
            "current_ratio": 573.27,
            "debt_ratio": 19.08,
            "inventory_turnover_ratio": 1.15,
            "account_receivable_turnover_ratio": 1.2,
            "reinvestment_rate": 7.8,
            "research_to_sale_ratio": 11.25,
            "price_fair": 40.08,
            "eps_avg_yearly": 1.15,
            "eps_latest_yearly": 1.64,
            "eps_growth_yearly": 60.51
        },
        "20123": {
            "year_quarter": 20123,
            "year": 2012,
            "quarter": 3,
            "eps": 0.31,
            "eps_growth_year": 17.74,
            "eps_4q": 1.77,
            "eps_4q_growth_year": 100.44,
            "roe": 1.15,
            "gross_profit": 38370,
            "gross_margin": 36.53,
            "net_income": 6934,
            "revenue": 105046,
            "common_shares": 221345,
            "equity": 496312,
            "current_ratio": 226.31,
            "debt_ratio": 40.63,
            "inventory_turnover_ratio": 1.03,
            "account_receivable_turnover_ratio": 1.02,
            "reinvestment_rate": 7.35,
            "research_to_sale_ratio": 13.73,
            "price_fair": 40.43,
            "eps_avg_yearly": 1.16,
            "eps_latest_yearly": 1.24,
            "eps_growth_yearly": 62.95
        },
        "20124": {
            "year_quarter": 20124,
            "year": 2012,
            "quarter": 4,
            "eps": 0.29,
            "eps_growth_year": 30.7,
            "eps_4q": 1.62,
            "eps_4q_growth_year": 75.36,
            "roe": 1.27,
            "gross_profit": 30603,
            "gross_margin": 33.03,
            "net_income": 6342,
            "revenue": 92663,
            "common_shares": 221345,
            "equity": 502524,
            "current_ratio": 769.29,
            "debt_ratio": 17.22,
            "inventory_turnover_ratio": 1.06,
            "account_receivable_turnover_ratio": 1.06,
            "reinvestment_rate": 8.11,
            "research_to_sale_ratio": 13.17,
            "price_fair": 40.43,
            "eps_avg_yearly": 1.16,
            "eps_latest_yearly": 1.16,
            "eps_growth_yearly": 59.49
        },
        "20131": {
            "year_quarter": 20131,
            "year": 2013,
            "quarter": 1,
            "eps": 0.17,
            "eps_growth_year": 70,
            "eps_4q": 1.59,
            "eps_4q_growth_year": 97.77,
            "roe": 0.73,
            "gross_profit": 27784,
            "gross_margin": 39.38,
            "net_income": 3687,
            "revenue": 70562,
            "common_shares": 221345,
            "equity": 508061,
            "current_ratio": 838.61,
            "debt_ratio": 15.33,
            "inventory_turnover_ratio": 0.82,
            "account_receivable_turnover_ratio": 1.16,
            "reinvestment_rate": -3.19,
            "research_to_sale_ratio": 19.87,
            "price_fair": 39.73,
            "eps_avg_yearly": 1.14,
            "eps_latest_yearly": 0.68,
            "eps_growth_yearly": 52.59
        },
        "20132": {
            "year_quarter": 20132,
            "year": 2013,
            "quarter": 2,
            "eps": 0.6,
            "eps_growth_year": 45.13,
            "eps_4q": 1.37,
            "eps_4q_growth_year": 37.32,
            "roe": 2.71,
            "gross_profit": 35875,
            "gross_margin": 34.93,
            "net_income": 13364,
            "revenue": 102708,
            "common_shares": 221345,
            "equity": 477328,
            "current_ratio": 414.77,
            "debt_ratio": 24.13,
            "inventory_turnover_ratio": 1.46,
            "account_receivable_turnover_ratio": 1.79,
            "reinvestment_rate": -8.51,
            "research_to_sale_ratio": 6.64,
            "price_fair": 41.65,
            "eps_avg_yearly": 1.19,
            "eps_latest_yearly": 2.4,
            "eps_growth_yearly": 102.83
        },
        "20133": {
            "year_quarter": 20133,
            "year": 2013,
            "quarter": 3,
            "eps": 0.56,
            "eps_growth_year": 78.76,
            "eps_4q": 1.62,
            "eps_4q_growth_year": -8.59,
            "roe": 2.57,
            "gross_profit": 36283,
            "gross_margin": 37.89,
            "net_income": 12447,
            "revenue": 95754,
            "common_shares": 221345,
            "equity": 489556,
            "current_ratio": 722.41,
            "debt_ratio": 16.58,
            "inventory_turnover_ratio": 1.45,
            "account_receivable_turnover_ratio": 1.47,
            "reinvestment_rate": -9.07,
            "research_to_sale_ratio": 7.79,
            "price_fair": 43.58,
            "eps_avg_yearly": 1.25,
            "eps_latest_yearly": 2.24,
            "eps_growth_yearly": 103.79
        },
        "20134": {
            "year_quarter": 20134,
            "year": 2013,
            "quarter": 4,
            "eps": 0.53,
            "eps_growth_year": 85.23,
            "eps_4q": 1.86,
            "eps_4q_growth_year": 15.06,
            "roe": 2.35,
            "gross_profit": 29296,
            "gross_margin": 34.3,
            "net_income": 11747,
            "revenue": 85417,
            "common_shares": 221345,
            "equity": 509898,
            "current_ratio": 699.56,
            "debt_ratio": 14.96,
            "inventory_turnover_ratio": 1.54,
            "account_receivable_turnover_ratio": 1.42,
            "reinvestment_rate": -16.56,
            "research_to_sale_ratio": 9.88,
            "price_fair": 44.19,
            "eps_avg_yearly": 1.26,
            "eps_latest_yearly": 2.12,
            "eps_growth_yearly": 93.63
        },
        "20141": {
            "year_quarter": 20141,
            "year": 2014,
            "quarter": 1,
            "eps": 0.5,
            "eps_growth_year": 194.12,
            "eps_4q": 2.19,
            "eps_4q_growth_year": 37.62,
            "roe": 2.13,
            "gross_profit": 27776,
            "gross_margin": 36.87,
            "net_income": 10972,
            "revenue": 75338,
            "common_shares": 221345,
            "equity": 521192,
            "current_ratio": 664.76,
            "debt_ratio": 15.51,
            "inventory_turnover_ratio": 1.33,
            "account_receivable_turnover_ratio": 1.41,
            "reinvestment_rate": -16.94,
            "research_to_sale_ratio": 8.84,
            "price_fair": 45.59,
            "eps_avg_yearly": 1.3,
            "eps_latest_yearly": 2,
            "eps_growth_yearly": 98.73
        },
        "20142": {
            "year_quarter": 20142,
            "year": 2014,
            "quarter": 2,
            "eps": 0.34,
            "eps_growth_year": -43.33,
            "eps_4q": 1.93,
            "eps_4q_growth_year": 40.59,
            "roe": 1.5,
            "gross_profit": 26881,
            "gross_margin": 32.96,
            "net_income": 7471,
            "revenue": 81553,
            "common_shares": 221345,
            "equity": 472942,
            "current_ratio": 393.1,
            "debt_ratio": 23.17,
            "inventory_turnover_ratio": 1.46,
            "account_receivable_turnover_ratio": 1.52,
            "reinvestment_rate": -18.12,
            "research_to_sale_ratio": 8.51,
            "price_fair": 45.15,
            "eps_avg_yearly": 1.29,
            "eps_latest_yearly": 1.36,
            "eps_growth_yearly": 87.06
        },
        "20143": {
            "year_quarter": 20143,
            "year": 2014,
            "quarter": 3,
            "eps": 0.44,
            "eps_growth_year": -21.43,
            "eps_4q": 1.8,
            "eps_4q_growth_year": 11.09,
            "roe": 2.01,
            "gross_profit": 26419,
            "gross_margin": 35.06,
            "net_income": 9624,
            "revenue": 75357,
            "common_shares": 221345,
            "equity": 482933,
            "current_ratio": 771.14,
            "debt_ratio": 14.12,
            "inventory_turnover_ratio": 1.24,
            "account_receivable_turnover_ratio": 1.32,
            "reinvestment_rate": -18.78,
            "research_to_sale_ratio": 9.14,
            "price_fair": 46.81,
            "eps_avg_yearly": 1.34,
            "eps_latest_yearly": 1.76,
            "eps_growth_yearly": 103.38
        },
        "20144": {
            "year_quarter": 20144,
            "year": 2014,
            "quarter": 4,
            "eps": 0.59,
            "eps_growth_year": 10.62,
            "eps_4q": 1.86,
            "eps_4q_growth_year": -0.45,
            "roe": 2.65,
            "gross_profit": 30783,
            "gross_margin": 35.65,
            "net_income": 12994,
            "revenue": 86344,
            "common_shares": 221345,
            "equity": 497089,
            "current_ratio": 619.51,
            "debt_ratio": 16.34,
            "inventory_turnover_ratio": 1.09,
            "account_receivable_turnover_ratio": 1.44,
            "reinvestment_rate": -18.35,
            "research_to_sale_ratio": 8.75,
            "price_fair": 50.4,
            "eps_avg_yearly": 1.44,
            "eps_latest_yearly": 2.36,
            "eps_growth_yearly": 118.91
        },
        "20151": {
            "year_quarter": 20151,
            "year": 2015,
            "quarter": 1,
            "eps": 0.29,
            "eps_growth_year": -42,
            "eps_4q": 1.65,
            "eps_4q_growth_year": -24.68,
            "roe": 1.29,
            "gross_profit": 25405,
            "gross_margin": 36.98,
            "net_income": 6462,
            "revenue": 68694,
            "common_shares": 221345,
            "equity": 503295,
            "current_ratio": 716.86,
            "debt_ratio": 14.73,
            "inventory_turnover_ratio": 0.69,
            "account_receivable_turnover_ratio": 1.21,
            "reinvestment_rate": -19.39,
            "research_to_sale_ratio": 8.41,
            "price_fair": 51.1,
            "eps_avg_yearly": 1.46,
            "eps_latest_yearly": 1.16,
            "eps_growth_yearly": 102.03
        },
        "20152": {
            "year_quarter": 20152,
            "year": 2015,
            "quarter": 2,
            "eps": 0.41,
            "eps_growth_year": 20.59,
            "eps_4q": 1.72,
            "eps_4q_growth_year": -10.73,
            "roe": 1.85,
            "gross_profit": 29931,
            "gross_margin": 35.94,
            "net_income": 8982,
            "revenue": 83289,
            "common_shares": 221345,
            "equity": 467757,
            "current_ratio": 410.24,
            "debt_ratio": 22.5,
            "inventory_turnover_ratio": 0.77,
            "account_receivable_turnover_ratio": 1.44,
            "reinvestment_rate": -19.97,
            "research_to_sale_ratio": 8.3,
            "price_fair": 52.76,
            "eps_avg_yearly": 1.51,
            "eps_latest_yearly": 1.64,
            "eps_growth_yearly": 111.18
        },
        "20153": {
            "year_quarter": 20153,
            "year": 2015,
            "quarter": 3,
            "eps": 0.47,
            "eps_growth_year": 6.82,
            "eps_4q": 1.76,
            "eps_4q_growth_year": -2.27,
            "roe": 2.21,
            "gross_profit": 26832,
            "gross_margin": 34.38,
            "net_income": 10472,
            "revenue": 78046,
            "common_shares": 221345,
            "equity": 479595,
            "current_ratio": 850.18,
            "debt_ratio": 13.8,
            "inventory_turnover_ratio": 0.79,
            "account_receivable_turnover_ratio": 1.19,
            "reinvestment_rate": -20.07,
            "research_to_sale_ratio": 8.84,
            "price_fair": 54.51,
            "eps_avg_yearly": 1.56,
            "eps_latest_yearly": 1.88,
            "eps_growth_yearly": 109.16
        },
        "20154": {
            "year_quarter": 20154,
            "year": 2015,
            "quarter": 4,
            "eps": 0.37,
            "eps_growth_year": -36.22,
            "eps_4q": 1.55,
            "eps_4q_growth_year": -16.7,
            "roe": 1.72,
            "gross_profit": 33100,
            "gross_margin": 36.06,
            "net_income": 8287,
            "revenue": 91798,
            "common_shares": 221345,
            "equity": 483592,
            "current_ratio": 684,
            "debt_ratio": 16.54,
            "inventory_turnover_ratio": 1.06,
            "account_receivable_turnover_ratio": 1.35,
            "reinvestment_rate": -20.87,
            "research_to_sale_ratio": 8.21,
            "price_fair": 55.83,
            "eps_avg_yearly": 1.6,
            "eps_latest_yearly": 1.48,
            "eps_growth_yearly": 108.47
        },
        "20161": {
            "year_quarter": 20161,
            "year": 2016,
            "quarter": 1,
            "eps": 0.34,
            "eps_growth_year": 17.24,
            "eps_4q": 1.59,
            "eps_4q_growth_year": -3.44,
            "roe": 1.55,
            "gross_profit": 32284,
            "gross_margin": 38.82,
            "net_income": 7551,
            "revenue": 83154,
            "common_shares": 221345,
            "equity": 490823,
            "current_ratio": 639.54,
            "debt_ratio": 17.2,
            "inventory_turnover_ratio": 0.87,
            "account_receivable_turnover_ratio": 1.23,
            "reinvestment_rate": -19.02,
            "research_to_sale_ratio": 8.43,
            "price_fair": 57.93,
            "eps_avg_yearly": 1.66,
            "eps_latest_yearly": 1.36,
            "eps_growth_yearly": 120.08
        },
        "20162": {
            "year_quarter": 20162,
            "year": 2016,
            "quarter": 2,
            "eps": 0.6,
            "eps_growth_year": 46.34,
            "eps_4q": 1.79,
            "eps_4q_growth_year": 4.14,
            "roe": 2.78,
            "gross_profit": 38406,
            "gross_margin": 37.1,
            "net_income": 13326,
            "revenue": 103532,
            "common_shares": 221345,
            "equity": 466241,
            "current_ratio": 417.56,
            "debt_ratio": 23.37,
            "inventory_turnover_ratio": 1.01,
            "account_receivable_turnover_ratio": 1.43,
            "reinvestment_rate": -27.47,
            "research_to_sale_ratio": 5.94,
            "price_fair": 59.59,
            "eps_avg_yearly": 1.7,
            "eps_latest_yearly": 2.4,
            "eps_growth_yearly": 61.7
        },
        "20163": {
            "year_quarter": 20163,
            "year": 2016,
            "quarter": 3,
            "eps": 0.44,
            "eps_growth_year": -6.38,
            "eps_4q": 1.76,
            "eps_4q_growth_year": 0.06,
            "roe": 2.08,
            "gross_profit": 34268,
            "gross_margin": 33.11,
            "net_income": 9770,
            "revenue": 103501,
            "common_shares": 221345,
            "equity": 475160,
            "current_ratio": 618.3,
            "debt_ratio": 17.82,
            "inventory_turnover_ratio": 1.12,
            "account_receivable_turnover_ratio": 1.32,
            "reinvestment_rate": -25.73,
            "research_to_sale_ratio": 6.38,
            "price_fair": 60.73,
            "eps_avg_yearly": 1.74,
            "eps_latest_yearly": 1.76,
            "eps_growth_yearly": 61.13
        },
        "20164": {
            "year_quarter": 20164,
            "year": 2016,
            "quarter": 4,
            "eps": 0.46,
            "eps_growth_year": 23.48,
            "eps_4q": 1.85,
            "eps_4q_growth_year": 19.52,
            "roe": 2.13,
            "gross_profit": 31723,
            "gross_margin": 33.17,
            "net_income": 10233,
            "revenue": 95631,
            "common_shares": 221345,
            "equity": 486193,
            "current_ratio": 575.01,
            "debt_ratio": 18.64,
            "inventory_turnover_ratio": 1.02,
            "account_receivable_turnover_ratio": 1.27,
            "reinvestment_rate": -25.47,
            "research_to_sale_ratio": 8.35,
            "price_fair": 62.21,
            "eps_avg_yearly": 1.78,
            "eps_latest_yearly": 1.84,
            "eps_growth_yearly": 63.88
        },
        "20171": {
            "year_quarter": 20171,
            "year": 2017,
            "quarter": 1,
            "eps": 0.04,
            "eps_growth_year": -88.24,
            "eps_4q": 1.55,
            "eps_4q_growth_year": -2.8,
            "roe": 0.2,
            "gross_profit": 30870,
            "gross_margin": 31.79,
            "net_income": 976,
            "revenue": 97097,
            "common_shares": 221345,
            "equity": 485689,
            "current_ratio": 615.42,
            "debt_ratio": 17.75,
            "inventory_turnover_ratio": 1.06,
            "account_receivable_turnover_ratio": 1.34,
            "reinvestment_rate": -11.39,
            "research_to_sale_ratio": 6.03,
            "price_fair": 61.08,
            "eps_avg_yearly": 1.75,
            "eps_latest_yearly": 0.16,
            "eps_growth_yearly": 51.4
        },
        "20172": {
            "year_quarter": 20172,
            "year": 2017,
            "quarter": 2,
            "eps": 0.48,
            "eps_growth_year": -20,
            "eps_4q": 1.42,
            "eps_4q_growth_year": -20.75,
            "roe": 2.23,
            "gross_profit": 32006,
            "gross_margin": 31.24,
            "net_income": 10433,
            "revenue": 102444,
            "common_shares": 221345,
            "equity": 452029,
            "current_ratio": 388.7,
            "debt_ratio": 24.77,
            "inventory_turnover_ratio": 1.24,
            "account_receivable_turnover_ratio": 1.34,
            "reinvestment_rate": -4.76,
            "research_to_sale_ratio": 7.2,
            "price_fair": 60.03,
            "eps_avg_yearly": 1.72,
            "eps_latest_yearly": 1.92,
            "eps_growth_yearly": 263.16
        },
        "20173": {
            "year_quarter": 20173,
            "year": 2017,
            "quarter": 3,
            "eps": 0.4,
            "eps_growth_year": -9.09,
            "eps_4q": 1.38,
            "eps_4q_growth_year": -21.34,
            "roe": 1.97,
            "gross_profit": 29765,
            "gross_margin": 29.11,
            "net_income": 8984,
            "revenue": 102253,
            "common_shares": 221345,
            "equity": 461094,
            "current_ratio": 508.54,
            "debt_ratio": 20.33,
            "inventory_turnover_ratio": 1.24,
            "account_receivable_turnover_ratio": 1.26,
            "reinvestment_rate": -4.37,
            "research_to_sale_ratio": 6.64,
            "price_fair": 58.63,
            "eps_avg_yearly": 1.68,
            "eps_latest_yearly": 1.6,
            "eps_growth_yearly": 260.66
        },
        "20174": {
            "year_quarter": 20174,
            "year": 2017,
            "quarter": 4,
            "eps": 0.4,
            "eps_growth_year": -13.4,
            "eps_4q": 1.32,
            "eps_4q_growth_year": -28.44,
            "roe": 1.91,
            "gross_profit": 30784,
            "gross_margin": 30.3,
            "net_income": 8862,
            "revenue": 101608,
            "common_shares": 221345,
            "equity": 468326,
            "current_ratio": 512.7,
            "debt_ratio": 20.43,
            "inventory_turnover_ratio": 0.94,
            "account_receivable_turnover_ratio": 1.3,
            "reinvestment_rate": -4.23,
            "research_to_sale_ratio": 6.62,
            "price_fair": 57.49,
            "eps_avg_yearly": 1.64,
            "eps_latest_yearly": 1.6,
            "eps_growth_yearly": 262
        },
        "20181": {
            "year_quarter": 20181,
            "year": 2018,
            "quarter": 1,
            "eps": 0.15,
            "eps_growth_year": 275,
            "eps_4q": 1.39,
            "eps_4q_growth_year": -10.48,
            "roe": 0.68,
            "gross_profit": 27828,
            "gross_margin": 31.82,
            "net_income": 3217,
            "revenue": 87442,
            "common_shares": 221345,
            "equity": 478815,
            "current_ratio": 645.56,
            "debt_ratio": 17.55,
            "inventory_turnover_ratio": 0.65,
            "account_receivable_turnover_ratio": 1.17,
            "reinvestment_rate": -4.34,
            "research_to_sale_ratio": 8.82,
            "price_fair": 54.43,
            "eps_avg_yearly": 1.56,
            "eps_latest_yearly": 0.6,
            "eps_growth_yearly": 247.79
        },
        "20182": {
            "year_quarter": 20182,
            "year": 2018,
            "quarter": 2,
            "eps": 0.53,
            "eps_growth_year": 10.42,
            "eps_4q": 1.46,
            "eps_4q_growth_year": 2.78,
            "roe": 2.51,
            "gross_profit": 33312,
            "gross_margin": 33.2,
            "net_income": 11789,
            "revenue": 100338,
            "common_shares": 225235,
            "equity": 461126,
            "current_ratio": 457.04,
            "debt_ratio": 22.22,
            "inventory_turnover_ratio": 0.73,
            "account_receivable_turnover_ratio": 1.35,
            "reinvestment_rate": -4.07,
            "research_to_sale_ratio": 8.08,
            "price_fair": 56.09,
            "eps_avg_yearly": 1.6,
            "eps_latest_yearly": 2.12,
            "eps_growth_yearly": 319.12
        },
        "20183": {
            "year_quarter": 20183,
            "year": 2018,
            "quarter": 3,
            "eps": 0.16,
            "eps_growth_year": -60,
            "eps_4q": 1.21,
            "eps_4q_growth_year": -12.27,
            "roe": 0.75,
            "gross_profit": 27642,
            "gross_margin": 30.61,
            "net_income": 3492,
            "revenue": 90301,
            "common_shares": 225235,
            "equity": 465971,
            "current_ratio": 598.98,
            "debt_ratio": 18.15,
            "inventory_turnover_ratio": 0.65,
            "account_receivable_turnover_ratio": 1.24,
            "reinvestment_rate": -4,
            "research_to_sale_ratio": 9.01,
            "price_fair": 53.64,
            "eps_avg_yearly": 1.53,
            "eps_latest_yearly": 0.64,
            "eps_growth_yearly": 294.32
        },
        "20184": {
            "year_quarter": 20184,
            "year": 2018,
            "quarter": 4,
            "eps": 0.18,
            "eps_growth_year": -53.82,
            "eps_4q": 0.99,
            "eps_4q_growth_year": -24.96,
            "roe": 0.9,
            "gross_profit": 26791,
            "gross_margin": 30.29,
            "net_income": 4238,
            "revenue": 88445,
            "common_shares": 225335,
            "equity": 475775,
            "current_ratio": 830.17,
            "debt_ratio": 14.46,
            "inventory_turnover_ratio": 0.63,
            "account_receivable_turnover_ratio": 1.24,
            "reinvestment_rate": -4.93,
            "research_to_sale_ratio": 8.75,
            "price_fair": 50.05,
            "eps_avg_yearly": 1.43,
            "eps_latest_yearly": 0.72,
            "eps_growth_yearly": 288.92
        },
        "20191": {
            "year_quarter": 20191,
            "year": 2019,
            "quarter": 1,
            "eps": 0.84,
            "eps_growth_year": 460,
            "eps_4q": 1.68,
            "eps_4q_growth_year": 21.05,
            "roe": 3.89,
            "gross_profit": 17442,
            "gross_margin": 23.52,
            "net_income": 18999,
            "revenue": 74162,
            "common_shares": 229075,
            "equity": 499948,
            "current_ratio": 859.16,
            "debt_ratio": 14.42,
            "inventory_turnover_ratio": 0.63,
            "account_receivable_turnover_ratio": 1.11,
            "reinvestment_rate": -4.33,
            "research_to_sale_ratio": 11.87,
            "price_fair": 54.86,
            "eps_avg_yearly": 1.57,
            "eps_latest_yearly": 3.36,
            "eps_growth_yearly": 393.3
        },
        "20192": {
            "year_quarter": 20192,
            "year": 2019,
            "quarter": 2,
            "eps": 1.29,
            "eps_growth_year": 143.4,
            "eps_4q": 2.44,
            "eps_4q_growth_year": 67.34,
            "roe": 5.68,
            "gross_profit": 28272,
            "gross_margin": 25.75,
            "net_income": 29263,
            "revenue": 109789,
            "common_shares": 229075,
            "equity": 530862,
            "current_ratio": 734.16,
            "debt_ratio": 17.22,
            "inventory_turnover_ratio": 1,
            "account_receivable_turnover_ratio": 1.51,
            "reinvestment_rate": -3.3,
            "research_to_sale_ratio": 7.09,
            "price_fair": 62.56,
            "eps_avg_yearly": 1.79,
            "eps_latest_yearly": 5.16,
            "eps_growth_yearly": 396.35
        },
        "20193": {
            "year_quarter": 20193,
            "year": 2019,
            "quarter": 3,
            "eps": 0.53,
            "eps_growth_year": 231.25,
            "eps_4q": 2.79,
            "eps_4q_growth_year": 130.02,
            "roe": 2.29,
            "gross_profit": 31737,
            "gross_margin": 27.1,
            "net_income": 12107,
            "revenue": 117103,
            "common_shares": 229075,
            "equity": 524379,
            "current_ratio": 661.13,
            "debt_ratio": 18.43,
            "inventory_turnover_ratio": 1.17,
            "account_receivable_turnover_ratio": 1.21,
            "reinvestment_rate": -2.72,
            "research_to_sale_ratio": 5.7,
            "price_fair": 63.09,
            "eps_avg_yearly": 1.8,
            "eps_latest_yearly": 2.12,
            "eps_growth_yearly": 377.96
        },
        "20194": {
            "year_quarter": 20194,
            "year": 2019,
            "quarter": 4,
            "eps": 0.04,
            "eps_growth_year": -76.18,
            "eps_4q": 2.62,
            "eps_4q_growth_year": 164.12,
            "roe": 0.19,
            "gross_profit": 27392,
            "gross_margin": 27.99,
            "net_income": 1032,
            "revenue": 97873,
            "common_shares": 231275,
            "equity": 536009,
            "current_ratio": 716.17,
            "debt_ratio": 16.59,
            "inventory_turnover_ratio": 1.08,
            "account_receivable_turnover_ratio": 1.01,
            "reinvestment_rate": -2.82,
            "research_to_sale_ratio": 7.83,
            "price_fair": 60.2,
            "eps_avg_yearly": 1.72,
            "eps_latest_yearly": 0.16,
            "eps_growth_yearly": 360.17
        },
        "20201": {
            "year_quarter": 20201,
            "year": 2020,
            "quarter": 1,
            "eps": 0.11,
            "eps_growth_year": -86.9,
            "eps_4q": 1.87,
            "eps_4q_growth_year": 11.43,
            "roe": 0.48,
            "gross_profit": 21886,
            "gross_margin": 26.46,
            "net_income": 2620,
            "revenue": 82720,
            "common_shares": 231275,
            "equity": 545256,
            "current_ratio": 727.34,
            "debt_ratio": 16.88,
            "inventory_turnover_ratio": 0.86,
            "account_receivable_turnover_ratio": 0.98,
            "reinvestment_rate": -2.93,
            "research_to_sale_ratio": 7.66,
            "price_fair": 58.19,
            "eps_avg_yearly": 1.66,
            "eps_latest_yearly": 0.44,
            "eps_growth_yearly": 405.94
        },
        "20202": {
            "year_quarter": 20202,
            "year": 2020,
            "quarter": 2,
            "eps": 0.38,
            "eps_growth_year": -70.54,
            "eps_4q": 1.05,
            "eps_4q_growth_year": -57.08,
            "roe": 1.67,
            "gross_profit": 41149,
            "gross_margin": 29.94,
            "net_income": 8999,
            "revenue": 137450,
            "common_shares": 236365,
            "equity": 530446,
            "current_ratio": 475.8,
            "debt_ratio": 23.7,
            "inventory_turnover_ratio": 1.19,
            "account_receivable_turnover_ratio": 1.37,
            "reinvestment_rate": -3.03,
            "research_to_sale_ratio": 5,
            "price_fair": 56.26,
            "eps_avg_yearly": 1.61,
            "eps_latest_yearly": 1.52,
            "eps_growth_yearly": 448.19
        },
        "20203": {
            "year_quarter": 20203,
            "year": 2020,
            "quarter": 3,
            "eps": 0.87,
            "eps_growth_year": 64.15,
            "eps_4q": 1.4,
            "eps_4q_growth_year": -49.78,
            "roe": 3.79,
            "gross_profit": 44047,
            "gross_margin": 31.93,
            "net_income": 20521,
            "revenue": 137945,
            "common_shares": 236365,
            "equity": 551950,
            "current_ratio": 675.71,
            "debt_ratio": 18.83,
            "inventory_turnover_ratio": 1.11,
            "account_receivable_turnover_ratio": 1.25,
            "reinvestment_rate": 1.56,
            "research_to_sale_ratio": 3.31,
            "price_fair": 60.03,
            "eps_avg_yearly": 1.72,
            "eps_latest_yearly": 3.48,
            "eps_growth_yearly": 487.09
        },
        "20204": {
            "year_quarter": 20204,
            "year": 2020,
            "quarter": 4,
            "eps": 0.31,
            "eps_growth_year": 595.66,
            "eps_4q": 1.65,
            "eps_4q_growth_year": -37.02,
            "roe": 1.32,
            "gross_profit": 36027,
            "gross_margin": 33.06,
            "net_income": 7327,
            "revenue": 108972,
            "common_shares": 236365,
            "equity": 561815,
            "current_ratio": 704.07,
            "debt_ratio": 19.2,
            "inventory_turnover_ratio": 0.83,
            "account_receivable_turnover_ratio": 1.14,
            "reinvestment_rate": 1.5,
            "research_to_sale_ratio": 10.07,
            "price_fair": 58.71,
            "eps_avg_yearly": 1.68,
            "eps_latest_yearly": 1.24,
            "eps_growth_yearly": 469.86
        },
        "20211": {
            "year_quarter": 20211,
            "year": 2021,
            "quarter": 1,
            "eps": 0.43,
            "eps_growth_year": 290.91,
            "eps_4q": 1.97,
            "eps_4q_growth_year": 5.32,
            "roe": 1.8,
            "gross_profit": 32458,
            "gross_margin": 30.77,
            "net_income": 10202,
            "revenue": 105482,
            "common_shares": 238405,
            "equity": 573702,
            "current_ratio": 799.94,
            "debt_ratio": 17.9,
            "inventory_turnover_ratio": 0.87,
            "account_receivable_turnover_ratio": 1.29,
            "reinvestment_rate": 3.46,
            "research_to_sale_ratio": 7.14,
            "price_fair": 62.13,
            "eps_avg_yearly": 1.78,
            "eps_latest_yearly": 1.72,
            "eps_growth_yearly": 502.37
        },
        "20212": {
            "year_quarter": 20212,
            "year": 2021,
            "quarter": 2,
            "eps": 0.49,
            "eps_growth_year": 28.95,
            "eps_4q": 2.09,
            "eps_4q_growth_year": 99.3,
            "roe": 2.08,
            "gross_profit": 42986,
            "gross_margin": 36.94,
            "net_income": 11781,
            "revenue": 116371,
            "common_shares": 238405,
            "equity": 559347,
            "current_ratio": 651.1,
            "debt_ratio": 20.08,
            "inventory_turnover_ratio": 1.02,
            "account_receivable_turnover_ratio": 1.5,
            "reinvestment_rate": 3.59,
            "research_to_sale_ratio": 7.13,
            "price_fair": 62.21,
            "eps_avg_yearly": 1.78,
            "eps_latest_yearly": 1.96,
            "eps_growth_yearly": 230.86
        },
        "20213": {
            "year_quarter": 20213,
            "year": 2021,
            "quarter": 3,
            "eps": 0.68,
            "eps_growth_year": -21.84,
            "eps_4q": 1.91,
            "eps_4q_growth_year": 35.92,
            "roe": 2.86,
            "gross_profit": 45139,
            "gross_margin": 38.41,
            "net_income": 16258,
            "revenue": 117511,
            "common_shares": 238405,
            "equity": 575881,
            "current_ratio": 586,
            "debt_ratio": 21.51,
            "inventory_turnover_ratio": 1.23,
            "account_receivable_turnover_ratio": 1.48,
            "reinvestment_rate": 4.64,
            "research_to_sale_ratio": 7.32,
            "price_fair": 64.66,
            "eps_avg_yearly": 1.85,
            "eps_latest_yearly": 2.72,
            "eps_growth_yearly": 244.72
        },
        "20214": {
            "year_quarter": 20214,
            "year": 2021,
            "quarter": 4,
            "eps": 0.42,
            "eps_growth_year": 36.44,
            "eps_4q": 2.01,
            "eps_4q_growth_year": 21.89,
            "roe": 1.72,
            "gross_profit": 37483,
            "gross_margin": 38.34,
            "net_income": 10031,
            "revenue": 97767,
            "common_shares": 239305,
            "equity": 589253,
            "current_ratio": 902.28,
            "debt_ratio": 16.81,
            "inventory_turnover_ratio": 0.96,
            "account_receivable_turnover_ratio": 1.38,
            "reinvestment_rate": 3.99,
            "research_to_sale_ratio": 8.57,
            "price_fair": 64.84,
            "eps_avg_yearly": 1.85,
            "eps_latest_yearly": 1.68,
            "eps_growth_yearly": 235.16
        },
        "20221": {
            "year_quarter": 20221,
            "year": 2022,
            "quarter": 1,
            "eps": 0.24,
            "eps_growth_year": -44.19,
            "eps_4q": 1.81,
            "eps_4q_growth_year": -8,
            "roe": 0.97,
            "gross_profit": 26214,
            "gross_margin": 35.32,
            "net_income": 5769,
            "revenue": 74208,
            "common_shares": 239305,
            "equity": 600734,
            "current_ratio": 1047.73,
            "debt_ratio": 15.55,
            "inventory_turnover_ratio": 0.68,
            "account_receivable_turnover_ratio": 1.2,
            "reinvestment_rate": 3.98,
            "research_to_sale_ratio": 11.01,
            "price_fair": 65.63,
            "eps_avg_yearly": 1.88,
            "eps_latest_yearly": 0.96,
            "eps_growth_yearly": 240.07
        },
        "20222": {
            "year_quarter": 20222,
            "year": 2022,
            "quarter": 2,
            "eps": 0.11,
            "eps_growth_year": -77.55,
            "eps_4q": 1.44,
            "eps_4q_growth_year": -31.06,
            "roe": 0.44,
            "gross_profit": 20673,
            "gross_margin": 28.93,
            "net_income": 2574,
            "revenue": 71450,
            "common_shares": 240625,
            "equity": 569104,
            "current_ratio": 648.52,
            "debt_ratio": 20.09,
            "inventory_turnover_ratio": 0.74,
            "account_receivable_turnover_ratio": 1.07,
            "reinvestment_rate": 4.61,
            "research_to_sale_ratio": 9.05,
            "price_fair": 61.95,
            "eps_avg_yearly": 1.77,
            "eps_latest_yearly": 0.44,
            "eps_growth_yearly": 163.19
        },
        "20223": {
            "year_quarter": 20223,
            "year": 2022,
            "quarter": 3,
            "eps": -0.08,
            "eps_growth_year": -111.76,
            "eps_4q": 0.69,
            "eps_4q_growth_year": -64,
            "roe": -0.33,
            "gross_profit": 15272,
            "gross_margin": 31.53,
            "net_income": -1867,
            "revenue": 48429,
            "common_shares": 240625,
            "equity": 568285,
            "current_ratio": 1333.62,
            "debt_ratio": 13.69,
            "inventory_turnover_ratio": 0.46,
            "account_receivable_turnover_ratio": 0.78,
            "reinvestment_rate": 4.31,
            "research_to_sale_ratio": 17.42,
            "price_fair": 64.59,
            "eps_avg_yearly": 1.85,
            "eps_latest_yearly": 0.44,
            "eps_growth_yearly": 192.69
        },
        "20224": {
            "year_quarter": 20224,
            "year": 2022,
            "quarter": 4,
            "eps": -0.34,
            "eps_growth_year": -182.36,
            "eps_4q": -0.08,
            "eps_4q_growth_year": -103.75,
            "roe": -1.47,
            "gross_profit": 9921,
            "gross_margin": 23.81,
            "net_income": -8294,
            "revenue": 41669,
            "common_shares": 240625,
            "equity": 560578,
            "current_ratio": 1675.74,
            "debt_ratio": 10.68,
            "inventory_turnover_ratio": 0.44,
            "account_receivable_turnover_ratio": 0.87,
            "reinvestment_rate": 5.37,
            "research_to_sale_ratio": 17.03,
            "price_fair": 67.4,
            "eps_avg_yearly": 1.93,
            "eps_latest_yearly": 0.44,
            "eps_growth_yearly": 202.88
        },
        "20231": {
            "year_quarter": 20231,
            "year": 2023,
            "quarter": 1,
            "eps": -0.17,
            "eps_growth_year": -170.83,
            "eps_4q": -0.48,
            "eps_4q_growth_year": -126.5,
            "roe": -0.72,
            "gross_profit": 14435,
            "gross_margin": 34.54,
            "net_income": -4024,
            "revenue": 41798,
            "common_shares": 240625,
            "equity": 557670,
            "current_ratio": 2229.08,
            "debt_ratio": 9.16,
            "inventory_turnover_ratio": 0.42,
            "account_receivable_turnover_ratio": 1.05,
            "reinvestment_rate": 6.33,
            "research_to_sale_ratio": 19.7,
            "price_fair": 63.54,
            "eps_avg_yearly": 1.82,
            "eps_latest_yearly": 0.44,
            "eps_growth_yearly": 105.67
        }
    },
    "months": {
        "2001-06": {
            "month": "2001-06",
            "price": "44.44",
            "revenue": 21046
        },
        "2001-07": {
            "month": "2001-07",
            "price": "37.51",
            "revenue": 20104
        },
        "2001-08": {
            "month": "2001-08",
            "price": "27.95",
            "revenue": 20312
        },
        "2001-09": {
            "month": "2001-09",
            "price": "21.15",
            "revenue": 20435
        },
        "2001-10": {
            "month": "2001-10",
            "price": "16.53",
            "revenue": 20626
        },
        "2001-11": {
            "month": "2001-11",
            "price": "22.40",
            "revenue": 20793
        },
        "2001-12": {
            "month": "2001-12",
            "price": "30.00",
            "revenue": 23402
        },
        "2002-01": {
            "month": "2002-01",
            "price": "45.37",
            "revenue": 23456
        },
        "2002-02": {
            "month": "2002-02",
            "price": "41.24",
            "revenue": 20624
        },
        "2002-03": {
            "month": "2002-03",
            "price": "39.02",
            "revenue": 25520
        },
        "2002-04": {
            "month": "2002-04",
            "price": "39.89",
            "revenue": 28833
        },
        "2002-05": {
            "month": "2002-05",
            "price": "32.40",
            "revenue": 29584
        },
        "2002-06": {
            "month": "2002-06",
            "price": "31.12",
            "revenue": 29079
        },
        "2002-07": {
            "month": "2002-07",
            "price": "26.88",
            "revenue": 29554
        },
        "2002-08": {
            "month": "2002-08",
            "price": "24.41",
            "revenue": 28534
        },
        "2002-09": {
            "month": "2002-09",
            "price": "23.22",
            "revenue": 24471
        },
        "2002-10": {
            "month": "2002-10",
            "price": "19.94",
            "revenue": 26135
        },
        "2002-11": {
            "month": "2002-11",
            "price": "20.54",
            "revenue": 30090
        },
        "2002-12": {
            "month": "2002-12",
            "price": "19.52",
            "revenue": 29715
        },
        "2003-01": {
            "month": "2003-01",
            "price": "19.25",
            "revenue": 32110
        },
        "2003-02": {
            "month": "2003-02",
            "price": "18.43",
            "revenue": 27161
        },
        "2003-03": {
            "month": "2003-03",
            "price": "18.08",
            "revenue": 30749
        },
        "2003-04": {
            "month": "2003-04",
            "price": "18.69",
            "revenue": 34911
        },
        "2003-05": {
            "month": "2003-05",
            "price": "23.25",
            "revenue": 47314
        },
        "2003-06": {
            "month": "2003-06",
            "price": "26.26",
            "revenue": 40372
        },
        "2003-07": {
            "month": "2003-07",
            "price": "29.57",
            "revenue": 34520
        },
        "2003-08": {
            "month": "2003-08",
            "price": "29.32",
            "revenue": 30594
        },
        "2003-09": {
            "month": "2003-09",
            "price": "26.78",
            "revenue": 27185
        },
        "2003-10": {
            "month": "2003-10",
            "price": "24.48",
            "revenue": 31066
        },
        "2003-11": {
            "month": "2003-11",
            "price": "25.29",
            "revenue": 30250
        },
        "2003-12": {
            "month": "2003-12",
            "price": "25.65",
            "revenue": 30310
        },
        "2004-01": {
            "month": "2004-01",
            "price": "25.30",
            "revenue": 25867
        },
        "2004-02": {
            "month": "2004-02",
            "price": "25.66",
            "revenue": 32443
        },
        "2004-03": {
            "month": "2004-03",
            "price": "24.15",
            "revenue": 31295
        },
        "2004-04": {
            "month": "2004-04",
            "price": "23.14",
            "revenue": 32702
        },
        "2004-05": {
            "month": "2004-05",
            "price": "21.30",
            "revenue": 33553
        },
        "2004-06": {
            "month": "2004-06",
            "price": "19.58",
            "revenue": 37451
        },
        "2004-07": {
            "month": "2004-07",
            "price": "17.91",
            "revenue": 35978
        },
        "2004-08": {
            "month": "2004-08",
            "price": "16.32",
            "revenue": 33485
        },
        "2004-09": {
            "month": "2004-09",
            "price": "16.45",
            "revenue": 33145
        },
        "2004-10": {
            "month": "2004-10",
            "price": "15.98",
            "revenue": 33067
        },
        "2004-11": {
            "month": "2004-11",
            "price": "15.97",
            "revenue": 37760
        },
        "2004-12": {
            "month": "2004-12",
            "price": "16.52",
            "revenue": 25586
        },
        "2005-01": {
            "month": "2005-01",
            "price": "15.82",
            "revenue": 22257
        },
        "2005-02": {
            "month": "2005-02",
            "price": "16.45",
            "revenue": 22400
        },
        "2005-03": {
            "month": "2005-03",
            "price": "17.70",
            "revenue": 22539
        },
        "2005-04": {
            "month": "2005-04",
            "price": "15.94",
            "revenue": 23023
        },
        "2005-05": {
            "month": "2005-05",
            "price": "13.21",
            "revenue": 25222
        },
        "2005-06": {
            "month": "2005-06",
            "price": "14.26",
            "revenue": 25046
        },
        "2005-07": {
            "month": "2005-07",
            "price": "14.86",
            "revenue": 26724
        },
        "2005-08": {
            "month": "2005-08",
            "price": "12.00",
            "revenue": 26658
        },
        "2005-09": {
            "month": "2005-09",
            "price": "11.51",
            "revenue": 24347
        },
        "2005-10": {
            "month": "2005-10",
            "price": "12.52",
            "revenue": 25834
        },
        "2005-11": {
            "month": "2005-11",
            "price": "12.16",
            "revenue": 22631
        },
        "2005-12": {
            "month": "2005-12",
            "price": "12.01",
            "revenue": 28098
        },
        "2006-01": {
            "month": "2006-01",
            "price": "12.73",
            "revenue": 16275
        },
        "2006-02": {
            "month": "2006-02",
            "price": "11.99",
            "revenue": 22156
        },
        "2006-03": {
            "month": "2006-03",
            "price": "11.85",
            "revenue": 28321
        },
        "2006-04": {
            "month": "2006-04",
            "price": "15.11",
            "revenue": 29787
        },
        "2006-05": {
            "month": "2006-05",
            "price": "16.22",
            "revenue": 27227
        },
        "2006-06": {
            "month": "2006-06",
            "price": "13.84",
            "revenue": 28180
        },
        "2006-07": {
            "month": "2006-07",
            "price": "14.40",
            "revenue": 27268
        },
        "2006-08": {
            "month": "2006-08",
            "price": "13.48",
            "revenue": 28912
        },
        "2006-09": {
            "month": "2006-09",
            "price": "14.18",
            "revenue": 29285
        },
        "2006-10": {
            "month": "2006-10",
            "price": "15.96",
            "revenue": 28081
        },
        "2006-11": {
            "month": "2006-11",
            "price": "16.90",
            "revenue": 29970
        },
        "2006-12": {
            "month": "2006-12",
            "price": "19.91",
            "revenue": 32711
        },
        "2007-01": {
            "month": "2007-01",
            "price": "20.82",
            "revenue": 27594
        },
        "2007-02": {
            "month": "2007-02",
            "price": "19.35",
            "revenue": 22235
        },
        "2007-03": {
            "month": "2007-03",
            "price": "19.98",
            "revenue": 30824
        },
        "2007-04": {
            "month": "2007-04",
            "price": "21.33",
            "revenue": 33131
        },
        "2007-05": {
            "month": "2007-05",
            "price": "22.04",
            "revenue": 39100
        },
        "2007-06": {
            "month": "2007-06",
            "price": "31.99",
            "revenue": 35952
        },
        "2007-07": {
            "month": "2007-07",
            "price": "34.45",
            "revenue": 33453
        },
        "2007-08": {
            "month": "2007-08",
            "price": "27.78",
            "revenue": 32662
        },
        "2007-09": {
            "month": "2007-09",
            "price": "26.16",
            "revenue": 35060
        },
        "2007-10": {
            "month": "2007-10",
            "price": "24.92",
            "revenue": 37215
        },
        "2007-11": {
            "month": "2007-11",
            "price": "22.63",
            "revenue": 37833
        },
        "2007-12": {
            "month": "2007-12",
            "price": "20.73",
            "revenue": 36425
        },
        "2008-01": {
            "month": "2008-01",
            "price": "19.08",
            "revenue": 37183
        },
        "2008-02": {
            "month": "2008-02",
            "price": "17.84",
            "revenue": 25246
        },
        "2008-03": {
            "month": "2008-03",
            "price": "19.83",
            "revenue": 39503
        },
        "2008-04": {
            "month": "2008-04",
            "price": "23.26",
            "revenue": 40317
        },
        "2008-05": {
            "month": "2008-05",
            "price": "22.57",
            "revenue": 40053
        },
        "2008-06": {
            "month": "2008-06",
            "price": "18.52",
            "revenue": 41573
        },
        "2008-07": {
            "month": "2008-07",
            "price": "15.54",
            "revenue": 36830
        },
        "2008-08": {
            "month": "2008-08",
            "price": "15.45",
            "revenue": 35075
        },
        "2008-09": {
            "month": "2008-09",
            "price": "13.38",
            "revenue": 33552
        },
        "2008-10": {
            "month": "2008-10",
            "price": "11.30",
            "revenue": 36188
        },
        "2008-11": {
            "month": "2008-11",
            "price": "9.79",
            "revenue": 30120
        },
        "2008-12": {
            "month": "2008-12",
            "price": "9.39",
            "revenue": 27395
        },
        "2009-01": {
            "month": "2009-01",
            "price": "9.62",
            "revenue": 20011
        },
        "2009-02": {
            "month": "2009-02",
            "price": "9.44",
            "revenue": 30299
        },
        "2009-03": {
            "month": "2009-03",
            "price": "11.62",
            "revenue": 39175
        },
        "2009-04": {
            "month": "2009-04",
            "price": "13.97",
            "revenue": 40160
        },
        "2009-05": {
            "month": "2009-05",
            "price": "16.22",
            "revenue": 41417
        },
        "2009-06": {
            "month": "2009-06",
            "price": "15.29",
            "revenue": 41703
        },
        "2009-07": {
            "month": "2009-07",
            "price": "16.55",
            "revenue": 35610
        },
        "2009-08": {
            "month": "2009-08",
            "price": "17.04",
            "revenue": 35103
        },
        "2009-09": {
            "month": "2009-09",
            "price": "18.01",
            "revenue": 44086
        },
        "2009-10": {
            "month": "2009-10",
            "price": "19.56",
            "revenue": 44555
        },
        "2009-11": {
            "month": "2009-11",
            "price": "18.97",
            "revenue": 48159
        },
        "2009-12": {
            "month": "2009-12",
            "price": "23.39",
            "revenue": 44955
        },
        "2010-01": {
            "month": "2010-01",
            "price": "22.43",
            "revenue": 39358
        },
        "2010-02": {
            "month": "2010-02",
            "price": "19.25",
            "revenue": 27028
        },
        "2010-03": {
            "month": "2010-03",
            "price": "21.19",
            "revenue": 47751
        },
        "2010-04": {
            "month": "2010-04",
            "price": "22.38",
            "revenue": 48161
        },
        "2010-05": {
            "month": "2010-05",
            "price": "20.96",
            "revenue": 41700
        },
        "2010-06": {
            "month": "2010-06",
            "price": "20.18",
            "revenue": 44966
        },
        "2010-07": {
            "month": "2010-07",
            "price": "20.40",
            "revenue": 47109
        },
        "2010-08": {
            "month": "2010-08",
            "price": "21.23",
            "revenue": 44470
        },
        "2010-09": {
            "month": "2010-09",
            "price": "20.21",
            "revenue": 41037
        },
        "2010-10": {
            "month": "2010-10",
            "price": "18.49",
            "revenue": 38868
        },
        "2010-11": {
            "month": "2010-11",
            "price": "17.42",
            "revenue": 37691
        },
        "2010-12": {
            "month": "2010-12",
            "price": "18.00",
            "revenue": 39561
        },
        "2011-01": {
            "month": "2011-01",
            "price": "18.17",
            "revenue": 31050
        },
        "2011-02": {
            "month": "2011-02",
            "price": "17.73",
            "revenue": 27194
        },
        "2011-03": {
            "month": "2011-03",
            "price": "17.04",
            "revenue": 40077
        },
        "2011-04": {
            "month": "2011-04",
            "price": "16.50",
            "revenue": 34267
        },
        "2011-05": {
            "month": "2011-05",
            "price": "16.36",
            "revenue": 37252
        },
        "2011-06": {
            "month": "2011-06",
            "price": "16.27",
            "revenue": 38362
        },
        "2011-07": {
            "month": "2011-07",
            "price": "15.53",
            "revenue": 40530
        },
        "2011-08": {
            "month": "2011-08",
            "price": "14.33",
            "revenue": 40891
        },
        "2011-09": {
            "month": "2011-09",
            "price": "14.39",
            "revenue": 40062
        },
        "2011-10": {
            "month": "2011-10",
            "price": "14.45",
            "revenue": 39197
        },
        "2011-11": {
            "month": "2011-11",
            "price": "13.48",
            "revenue": 40545
        },
        "2011-12": {
            "month": "2011-12",
            "price": "13.05",
            "revenue": 33524
        },
        "2012-01": {
            "month": "2012-01",
            "price": "13.14",
            "revenue": 19212
        },
        "2012-02": {
            "month": "2012-02",
            "price": "14.34",
            "revenue": 26083
        },
        "2012-03": {
            "month": "2012-03",
            "price": "14.80",
            "revenue": 45802
        },
        "2012-04": {
            "month": "2012-04",
            "price": "15.34",
            "revenue": 41790
        },
        "2012-05": {
            "month": "2012-05",
            "price": "14.61",
            "revenue": 37588
        },
        "2012-06": {
            "month": "2012-06",
            "price": "14.04",
            "revenue": 36816
        },
        "2012-07": {
            "month": "2012-07",
            "price": "13.31",
            "revenue": 36409
        },
        "2012-08": {
            "month": "2012-08",
            "price": "13.99",
            "revenue": 33105
        },
        "2012-09": {
            "month": "2012-09",
            "price": "14.81",
            "revenue": 32270
        },
        "2012-10": {
            "month": "2012-10",
            "price": "14.22",
            "revenue": 31848
        },
        "2012-11": {
            "month": "2012-11",
            "price": "16.11",
            "revenue": 30363
        },
        "2012-12": {
            "month": "2012-12",
            "price": "18.83",
            "revenue": 25118
        },
        "2013-01": {
            "month": "2013-01",
            "price": "18.73",
            "revenue": 19467
        },
        "2013-02": {
            "month": "2013-02",
            "price": "18.33",
            "revenue": 21070
        },
        "2013-03": {
            "month": "2013-03",
            "price": "19.22",
            "revenue": 30025
        },
        "2013-04": {
            "month": "2013-04",
            "price": "20.98",
            "revenue": 33609
        },
        "2013-05": {
            "month": "2013-05",
            "price": "20.86",
            "revenue": 35351
        },
        "2013-06": {
            "month": "2013-06",
            "price": "21.39",
            "revenue": 33748
        },
        "2013-07": {
            "month": "2013-07",
            "price": "19.21",
            "revenue": 37059
        },
        "2013-08": {
            "month": "2013-08",
            "price": "18.80",
            "revenue": 27302
        },
        "2013-09": {
            "month": "2013-09",
            "price": "19.16",
            "revenue": 31393
        },
        "2013-10": {
            "month": "2013-10",
            "price": "18.90",
            "revenue": 27129
        },
        "2013-11": {
            "month": "2013-11",
            "price": "18.90",
            "revenue": 28583
        },
        "2013-12": {
            "month": "2013-12",
            "price": "20.05",
            "revenue": 29705
        },
        "2014-01": {
            "month": "2014-01",
            "price": "22.18",
            "revenue": 20887
        },
        "2014-02": {
            "month": "2014-02",
            "price": "23.45",
            "revenue": 21728
        },
        "2014-03": {
            "month": "2014-03",
            "price": "26.61",
            "revenue": 32723
        },
        "2014-04": {
            "month": "2014-04",
            "price": "28.19",
            "revenue": 26721
        },
        "2014-05": {
            "month": "2014-05",
            "price": "27.28",
            "revenue": 33206
        },
        "2014-06": {
            "month": "2014-06",
            "price": "29.27",
            "revenue": 21626
        },
        "2014-07": {
            "month": "2014-07",
            "price": "27.24",
            "revenue": 24852
        },
        "2014-08": {
            "month": "2014-08",
            "price": "23.11",
            "revenue": 24110
        },
        "2014-09": {
            "month": "2014-09",
            "price": "22.87",
            "revenue": 26416
        },
        "2014-10": {
            "month": "2014-10",
            "price": "25.40",
            "revenue": 29498
        },
        "2014-11": {
            "month": "2014-11",
            "price": "27.81",
            "revenue": 24039
        },
        "2014-12": {
            "month": "2014-12",
            "price": "28.30",
            "revenue": 32786
        },
        "2015-01": {
            "month": "2015-01",
            "price": "27.10",
            "revenue": 24112
        },
        "2015-02": {
            "month": "2015-02",
            "price": "25.33",
            "revenue": 13218
        },
        "2015-03": {
            "month": "2015-03",
            "price": "25.80",
            "revenue": 31365
        },
        "2015-04": {
            "month": "2015-04",
            "price": "26.10",
            "revenue": 29059
        },
        "2015-05": {
            "month": "2015-05",
            "price": "24.46",
            "revenue": 30779
        },
        "2015-06": {
            "month": "2015-06",
            "price": "23.71",
            "revenue": 23450
        },
        "2015-07": {
            "month": "2015-07",
            "price": "21.53",
            "revenue": 26220
        },
        "2015-08": {
            "month": "2015-08",
            "price": "19.19",
            "revenue": 25395
        },
        "2015-09": {
            "month": "2015-09",
            "price": "19.80",
            "revenue": 26431
        },
        "2015-10": {
            "month": "2015-10",
            "price": "20.06",
            "revenue": 27999
        },
        "2015-11": {
            "month": "2015-11",
            "price": "20.79",
            "revenue": 29322
        },
        "2015-12": {
            "month": "2015-12",
            "price": "20.50",
            "revenue": 34478
        },
        "2016-01": {
            "month": "2016-01",
            "price": "20.35",
            "revenue": 31496
        },
        "2016-02": {
            "month": "2016-02",
            "price": "21.83",
            "revenue": 14275
        },
        "2016-03": {
            "month": "2016-03",
            "price": "23.26",
            "revenue": 37383
        },
        "2016-04": {
            "month": "2016-04",
            "price": "23.02",
            "revenue": 34099
        },
        "2016-05": {
            "month": "2016-05",
            "price": "22.14",
            "revenue": 38482
        },
        "2016-06": {
            "month": "2016-06",
            "price": "22.97",
            "revenue": 30951
        },
        "2016-07": {
            "month": "2016-07",
            "price": "24.11",
            "revenue": 36058
        },
        "2016-08": {
            "month": "2016-08",
            "price": "24.64",
            "revenue": 37671
        },
        "2016-09": {
            "month": "2016-09",
            "price": "25.27",
            "revenue": 29772
        },
        "2016-10": {
            "month": "2016-10",
            "price": "25.04",
            "revenue": 27240
        },
        "2016-11": {
            "month": "2016-11",
            "price": "23.11",
            "revenue": 35956
        },
        "2016-12": {
            "month": "2016-12",
            "price": "22.99",
            "revenue": 32435
        },
        "2017-01": {
            "month": "2017-01",
            "price": "24.17",
            "revenue": 26598
        },
        "2017-02": {
            "month": "2017-02",
            "price": "24.43",
            "revenue": 31920
        },
        "2017-03": {
            "month": "2017-03",
            "price": "26.24",
            "revenue": 38579
        },
        "2017-04": {
            "month": "2017-04",
            "price": "26.56",
            "revenue": 26862
        },
        "2017-05": {
            "month": "2017-05",
            "price": "25.75",
            "revenue": 31952
        },
        "2017-06": {
            "month": "2017-06",
            "price": "25.60",
            "revenue": 43630
        },
        "2017-07": {
            "month": "2017-07",
            "price": "25.05",
            "revenue": 36900
        },
        "2017-08": {
            "month": "2017-08",
            "price": "24.77",
            "revenue": 32303
        },
        "2017-09": {
            "month": "2017-09",
            "price": "24.82",
            "revenue": 33050
        },
        "2017-10": {
            "month": "2017-10",
            "price": "24.75",
            "revenue": 32085
        },
        "2017-11": {
            "month": "2017-11",
            "price": "26.10",
            "revenue": 33360
        },
        "2017-12": {
            "month": "2017-12",
            "price": "25.90",
            "revenue": 36163
        },
        "2018-01": {
            "month": "2018-01",
            "price": "26.05",
            "revenue": 39890
        },
        "2018-02": {
            "month": "2018-02",
            "price": "26.00",
            "revenue": 10851
        },
        "2018-03": {
            "month": "2018-03",
            "price": "26.58",
            "revenue": 36701
        },
        "2018-04": {
            "month": "2018-04",
            "price": "29.48",
            "revenue": 34232
        },
        "2018-05": {
            "month": "2018-05",
            "price": "30.01",
            "revenue": 33079
        },
        "2018-06": {
            "month": "2018-06",
            "price": "30.44",
            "revenue": 33027
        },
        "2018-07": {
            "month": "2018-07",
            "price": "30.22",
            "revenue": 33560
        },
        "2018-08": {
            "month": "2018-08",
            "price": "31.18",
            "revenue": 30940
        },
        "2018-09": {
            "month": "2018-09",
            "price": "31.81",
            "revenue": 25801
        },
        "2018-10": {
            "month": "2018-10",
            "price": "30.88",
            "revenue": 30087
        },
        "2018-11": {
            "month": "2018-11",
            "price": "28.76",
            "revenue": 37357
        },
        "2018-12": {
            "month": "2018-12",
            "price": "27.73",
            "revenue": 21001
        },
        "2019-01": {
            "month": "2019-01",
            "price": "28.52",
            "revenue": 23413
        },
        "2019-02": {
            "month": "2019-02",
            "price": "30.36",
            "revenue": 16173
        },
        "2019-03": {
            "month": "2019-03",
            "price": "31.47",
            "revenue": 34576
        },
        "2019-04": {
            "month": "2019-04",
            "price": "31.09",
            "revenue": 35602
        },
        "2019-05": {
            "month": "2019-05",
            "price": "32.03",
            "revenue": 40029
        },
        "2019-06": {
            "month": "2019-06",
            "price": "32.29",
            "revenue": 34158
        },
        "2019-07": {
            "month": "2019-07",
            "price": "32.73",
            "revenue": 33237
        },
        "2019-08": {
            "month": "2019-08",
            "price": "33.17",
            "revenue": 48856
        },
        "2019-09": {
            "month": "2019-09",
            "price": "42.86",
            "revenue": 35010
        },
        "2019-10": {
            "month": "2019-10",
            "price": "42.51",
            "revenue": 29771
        },
        "2019-11": {
            "month": "2019-11",
            "price": "38.19",
            "revenue": 36717
        },
        "2019-12": {
            "month": "2019-12",
            "price": "38.79",
            "revenue": 31385
        },
        "2020-01": {
            "month": "2020-01",
            "price": "40.05",
            "revenue": 17860
        },
        "2020-02": {
            "month": "2020-02",
            "price": "37.53",
            "revenue": 19190
        },
        "2020-03": {
            "month": "2020-03",
            "price": "31.73",
            "revenue": 45670
        },
        "2020-04": {
            "month": "2020-04",
            "price": "29.70",
            "revenue": 40821
        },
        "2020-05": {
            "month": "2020-05",
            "price": "30.84",
            "revenue": 43323
        },
        "2020-06": {
            "month": "2020-06",
            "price": "30.49",
            "revenue": 53267
        },
        "2020-07": {
            "month": "2020-07",
            "price": "34.59",
            "revenue": 52507
        },
        "2020-08": {
            "month": "2020-08",
            "price": "35.54",
            "revenue": 42330
        },
        "2020-09": {
            "month": "2020-09",
            "price": "34.56",
            "revenue": 43147
        },
        "2020-10": {
            "month": "2020-10",
            "price": "34.13",
            "revenue": 42209
        },
        "2020-11": {
            "month": "2020-11",
            "price": "34.98",
            "revenue": 42707
        },
        "2020-12": {
            "month": "2020-12",
            "price": "37.49",
            "revenue": 24056
        },
        "2021-01": {
            "month": "2021-01",
            "price": "35.91",
            "revenue": 41402
        },
        "2021-02": {
            "month": "2021-02",
            "price": "37.34",
            "revenue": 31783
        },
        "2021-03": {
            "month": "2021-03",
            "price": "40.69",
            "revenue": 32297
        },
        "2021-04": {
            "month": "2021-04",
            "price": "41.74",
            "revenue": 35993
        },
        "2021-05": {
            "month": "2021-05",
            "price": "35.96",
            "revenue": 38043
        },
        "2021-06": {
            "month": "2021-06",
            "price": "37.59",
            "revenue": 42335
        },
        "2021-07": {
            "month": "2021-07",
            "price": "39.35",
            "revenue": 38042
        },
        "2021-08": {
            "month": "2021-08",
            "price": "39.48",
            "revenue": 40833
        },
        "2021-09": {
            "month": "2021-09",
            "price": "38.16",
            "revenue": 38636
        },
        "2021-10": {
            "month": "2021-10",
            "price": "36.31",
            "revenue": 37313
        },
        "2021-11": {
            "month": "2021-11",
            "price": "35.63",
            "revenue": 33105
        },
        "2021-12": {
            "month": "2021-12",
            "price": "35.32",
            "revenue": 27349
        },
        "2022-01": {
            "month": "2022-01",
            "price": "34.67",
            "revenue": 25066
        },
        "2022-02": {
            "month": "2022-02",
            "price": "33.84",
            "revenue": 26520
        },
        "2022-03": {
            "month": "2022-03",
            "price": "32.54",
            "revenue": 22622
        },
        "2022-04": {
            "month": "2022-04",
            "price": "31.97",
            "revenue": 32999
        },
        "2022-05": {
            "month": "2022-05",
            "price": "30.84",
            "revenue": 20673
        },
        "2022-06": {
            "month": "2022-06",
            "price": "31.04",
            "revenue": 17778
        },
        "2022-07": {
            "month": "2022-07",
            "price": "28.10",
            "revenue": 19196
        },
        "2022-08": {
            "month": "2022-08",
            "price": "27.47",
            "revenue": 15825
        },
        "2022-09": {
            "month": "2022-09",
            "price": "28.18",
            "revenue": 13408
        },
        "2022-10": {
            "month": "2022-10",
            "price": "27.20",
            "revenue": 14242
        },
        "2022-11": {
            "month": "2022-11",
            "price": "25.49",
            "revenue": 11561
        },
        "2022-12": {
            "month": "2022-12",
            "price": "25.23",
            "revenue": 15866
        },
        "2023-01": {
            "month": "2023-01",
            "price": "25.41",
            "revenue": 14177
        },
        "2023-02": {
            "month": "2023-02",
            "price": "24.98",
            "revenue": 14480
        },
        "2023-03": {
            "month": "2023-03",
            "price": "24.92",
            "revenue": 13141
        },
        "2023-04": {
            "month": "2023-04",
            "price": "25.03",
            "revenue": 13810
        }
    }
}
