{
    "summary": {
        "stock_name": "松普",
        "stock_id": "5488",
        "category": "電子零組件",
        "main_business": "3C產品用線",
        "website_url": "http://www.sunfpu.com.tw",
        "ceo": "駱秀勇",
        "pe_ratio": 56,
        "report_year_from": 2001,
        "report_year_to": 2023,
        "age": 22,
        "eps_negative_percentage": 52,
        "eps_growth_avg": {
            "last_all": -28.01,
            "last_2y": 100,
            "last_4y": 0,
            "last_8y": -33.33,
            "last_12y": -50,
            "last_16y": -38.4,
            "last_20y": -28.01,
            "at_2006_last_3y": 33.33,
            "at_2007_last_3y": 43.72,
            "at_2008_last_3y": 7.79,
            "at_2009_last_3y": -22.94,
            "at_2010_last_3y": -89.61,
            "at_2011_last_3y": -100,
            "at_2012_last_3y": -100,
            "at_2013_last_3y": -100,
            "at_2014_last_3y": null,
            "at_2015_last_3y": null,
            "at_2016_last_3y": null,
            "at_2017_last_3y": -100,
            "at_2018_last_3y": -100,
            "at_2019_last_3y": -100,
            "at_2020_last_3y": -100,
            "at_2021_last_3y": -100,
            "at_2022_last_3y": 0,
            "at_2023_last_3y": 0,
            "at_2006_last_all": 22.19,
            "at_2007_last_all": 3.99,
            "at_2008_last_all": -13.34,
            "at_2009_last_all": -13.34,
            "at_2010_last_all": -25.72,
            "at_2011_last_all": -25.72,
            "at_2012_last_all": -25.72,
            "at_2013_last_all": -25.72,
            "at_2014_last_all": -25.72,
            "at_2015_last_all": -25.72,
            "at_2016_last_all": -25.72,
            "at_2017_last_all": -35.01,
            "at_2018_last_all": -35.01,
            "at_2019_last_all": -42.23,
            "at_2020_last_all": -42.23,
            "at_2021_last_all": -42.23,
            "at_2022_last_all": -28.01,
            "at_2023_last_all": -28.01
        },
        "latest_eps": 0.21,
        "latest_price": 11.75,
        "latest_roe": 2.11,
        "latest_gross_margin": 13.26,
        "latest_equity": 894805,
        "latest_revenue": 305362,
        "latest_gross_profit": 40498,
        "latest_net_income": -1220,
        "latest_debt_ratio": 43.87,
        "latest_current_ratio": 294.17,
        "latest_account_receivable_turnover_ratio": 0.74,
        "latest_inventory_turnover_ratio": 1.29,
        "latest_reinvestment_rate": null,
        "latest_research_to_sale_ratio": 0.7
    },
    "eps_dividends": {
        "1999": {
            "cash": 0,
            "stock": 1,
            "eps": 0
        },
        "2000": {
            "cash": 0,
            "stock": 3,
            "eps": 0
        },
        "2001": {
            "cash": 1,
            "stock": 2,
            "eps": 4.54
        },
        "2002": {
            "cash": 1,
            "stock": 3,
            "eps": 4.03
        },
        "2003": {
            "cash": 1,
            "stock": 0,
            "eps": -0.5
        },
        "2004": {
            "cash": 1,
            "stock": 0,
            "eps": 0.22
        },
        "2005": {
            "cash": 0,
            "stock": 0,
            "eps": 0.91
        },
        "2006": {
            "cash": 0,
            "stock": 1,
            "eps": 3.69
        },
        "2007": {
            "cash": 1,
            "stock": 1,
            "eps": 1.15
        },
        "2008": {
            "cash": 1,
            "stock": 0,
            "eps": -0.87
        },
        "2009": {
            "cash": 0,
            "stock": 0,
            "eps": 0.74
        },
        "2010": {
            "cash": 0,
            "stock": 0,
            "eps": -0.56
        },
        "2011": {
            "cash": 0,
            "stock": 0,
            "eps": -0.96
        },
        "2012": {
            "cash": 0,
            "stock": 0,
            "eps": -1.35
        },
        "2013": {
            "cash": 0,
            "stock": 0,
            "eps": -1.25
        },
        "2014": {
            "cash": 0,
            "stock": 0,
            "eps": -0.75
        },
        "2015": {
            "cash": 0,
            "stock": 0,
            "eps": -0.29
        },
        "2016": {
            "cash": 0,
            "stock": 0,
            "eps": 0.75
        },
        "2017": {
            "cash": 0,
            "stock": 0,
            "eps": -0.14
        },
        "2018": {
            "cash": 0,
            "stock": 0,
            "eps": 1.84
        },
        "2019": {
            "cash": 1,
            "stock": 0,
            "eps": -0.42
        },
        "2020": {
            "cash": 0,
            "stock": 0,
            "eps": -0.32
        },
        "2021": {
            "cash": 0,
            "stock": 0,
            "eps": 0.08
        },
        "2022": {
            "cash": 0,
            "stock": 0,
            "eps": 0.2
        },
        "2023": {
            "cash": 0,
            "stock": 0,
            "eps": -0.01
        }
    },
    "dividends": {
        "1999-06-28": {
            "cash": 0,
            "stock": 1
        },
        "2000-04-20": {
            "cash": 0,
            "stock": 3
        },
        "2001-05-10": {
            "cash": 1,
            "stock": 2
        },
        "2002-04-29": {
            "cash": 0.6,
            "stock": 3
        },
        "2003-06-23": {
            "cash": 0.7,
            "stock": 0
        },
        "2004-03-17": {
            "cash": 0.5,
            "stock": 0
        },
        "2005-03-23": {
            "cash": 0.3,
            "stock": 0
        },
        "2006-04-21": {
            "cash": 0.2,
            "stock": 0.5
        },
        "2007-04-04": {
            "cash": 1,
            "stock": 0.5
        },
        "2008-04-25": {
            "cash": 0.5,
            "stock": 0.2
        },
        "2009-04-28": {
            "cash": 0.3,
            "stock": 0
        },
        "2010-04-30": {
            "cash": 0.3,
            "stock": 0
        },
        "2017-08-15": {
            "cash": 0.08,
            "stock": 0
        },
        "2019-08-13": {
            "cash": 1.35,
            "stock": 0
        }
    },
    "prices": {
        "200101": "無",
        "200102": "無",
        "200103": "57.48",
        "200104": "63.78",
        "200105": "56.38",
        "200106": "55.58",
        "200107": "46.08",
        "200108": "41.07",
        "200109": "35.44",
        "200110": "33.19",
        "200111": "40.54",
        "200112": "64.50",
        "200201": "100.34",
        "200202": "98.83",
        "200203": "106.83",
        "200204": "121.43",
        "200205": "101.64",
        "200206": "77.78",
        "200207": "58.59",
        "200208": "63.48",
        "200209": "60.95",
        "200210": "53.80",
        "200211": "53.67",
        "200212": "50.02",
        "200301": "40.81",
        "200302": "32.76",
        "200303": "30.42",
        "200304": "24.55",
        "200305": "20.84",
        "200306": "24.22",
        "200307": "25.90",
        "200308": "20.74",
        "200309": "16.19",
        "200310": "16.00",
        "200311": "16.30",
        "200312": "17.45",
        "200401": "18.59",
        "200402": "21.33",
        "200403": "20.71",
        "200404": "19.95",
        "200405": "15.65",
        "200406": "12.80",
        "200407": "10.23",
        "200408": "9.68",
        "200409": "9.93",
        "200410": "9.45",
        "200411": "8.07",
        "200412": "8.37",
        "200501": "9.27",
        "200502": "9.72",
        "200503": "9.03",
        "200504": "8.86",
        "200505": "8.44",
        "200506": "9.04",
        "200507": "9.89",
        "200508": "12.32",
        "200509": "12.76",
        "200510": "11.85",
        "200511": "11.12",
        "200512": "14.20",
        "200601": "15.82",
        "200602": "14.67",
        "200603": "15.76",
        "200604": "19.48",
        "200605": "23.52",
        "200606": "24.35",
        "200607": "24.95",
        "200608": "26.17",
        "200609": "25.71",
        "200610": "26.58",
        "200611": "23.40",
        "200612": "23.89",
        "200701": "24.11",
        "200702": "23.27",
        "200703": "23.67",
        "200704": "26.80",
        "200705": "24.62",
        "200706": "25.17",
        "200707": "27.15",
        "200708": "26.97",
        "200709": "20.88",
        "200710": "17.49",
        "200711": "15.09",
        "200712": "13.23",
        "200801": "12.21",
        "200802": "12.26",
        "200803": "13.31",
        "200804": "14.30",
        "200805": "12.96",
        "200806": "11.27",
        "200807": "8.81",
        "200808": "8.71",
        "200809": "7.81",
        "200810": "6.54",
        "200811": "5.03",
        "200812": "4.71",
        "200901": "4.50",
        "200902": "4.28",
        "200903": "5.75",
        "200904": "7.25",
        "200905": "10.51",
        "200906": "11.22",
        "200907": "11.84",
        "200908": "11.55",
        "200909": "14.33",
        "200910": "14.52",
        "200911": "14.13",
        "200912": "14.03",
        "201001": "15.30",
        "201002": "16.00",
        "201003": "18.41",
        "201004": "19.91",
        "201005": "17.42",
        "201006": "14.42",
        "201007": "14.13",
        "201008": "13.52",
        "201009": "11.97",
        "201010": "11.50",
        "201011": "10.58",
        "201012": "10.94",
        "201101": "10.46",
        "201102": "10.35",
        "201103": "10.81",
        "201104": "10.88",
        "201105": "10.13",
        "201106": "10.48",
        "201107": "9.31",
        "201108": "7.87",
        "201109": "6.78",
        "201110": "6.93",
        "201111": "6.77",
        "201112": "5.99",
        "201201": "6.27",
        "201202": "7.30",
        "201203": "7.21",
        "201204": "6.60",
        "201205": "5.89",
        "201206": "6.25",
        "201207": "6.59",
        "201208": "6.45",
        "201209": "6.53",
        "201210": "6.41",
        "201211": "6.09",
        "201212": "5.91",
        "201301": "6.56",
        "201302": "7.14",
        "201303": "7.17",
        "201304": "7.41",
        "201305": "6.92",
        "201306": "6.84",
        "201307": "6.66",
        "201308": "6.30",
        "201309": "6.05",
        "201310": "6.10",
        "201311": "6.36",
        "201312": "6.32",
        "201401": "7.09",
        "201402": "7.41",
        "201403": "8.18",
        "201404": "7.96",
        "201405": "7.03",
        "201406": "7.09",
        "201407": "7.52",
        "201408": "7.18",
        "201409": "7.00",
        "201410": "6.65",
        "201411": "6.42",
        "201412": "6.72",
        "201501": "7.07",
        "201502": "7.16",
        "201503": "7.15",
        "201504": "7.08",
        "201505": "6.81",
        "201506": "6.65",
        "201507": "6.54",
        "201508": "5.97",
        "201509": "5.67",
        "201510": "5.74",
        "201511": "5.78",
        "201512": "5.42",
        "201601": "5.34",
        "201602": "5.37",
        "201603": "5.67",
        "201604": "5.70",
        "201605": "5.60",
        "201606": "5.85",
        "201607": "6.53",
        "201608": "6.44",
        "201609": "6.79",
        "201610": "6.64",
        "201611": "6.89",
        "201612": "8.55",
        "201701": "9.13",
        "201702": "8.63",
        "201703": "9.65",
        "201704": "9.13",
        "201705": "8.52",
        "201706": "8.80",
        "201707": "8.71",
        "201708": "8.00",
        "201709": "7.81",
        "201710": "7.83",
        "201711": "7.66",
        "201712": "7.86",
        "201801": "8.98",
        "201802": "9.02",
        "201803": "8.93",
        "201804": "9.11",
        "201805": "8.39",
        "201806": "8.26",
        "201807": "8.09",
        "201808": "8.35",
        "201809": "8.48",
        "201810": "8.04",
        "201811": "8.20",
        "201812": "8.05",
        "201901": "7.90",
        "201902": "7.98",
        "201903": "8.29",
        "201904": "11.46",
        "201905": "10.70",
        "201906": "10.45",
        "201907": "10.39",
        "201908": "8.04",
        "201909": "8.01",
        "201910": "7.80",
        "201911": "7.34",
        "201912": "7.04",
        "202001": "6.98",
        "202002": "6.07",
        "202003": "4.62",
        "202004": "4.71",
        "202005": "5.23",
        "202006": "5.59",
        "202007": "5.88",
        "202008": "5.78",
        "202009": "6.55",
        "202010": "6.59",
        "202011": "6.35",
        "202012": "6.95",
        "202101": "6.80",
        "202102": "6.55",
        "202103": "7.62",
        "202104": "9.35",
        "202105": "7.91",
        "202106": "7.87",
        "202107": "8.30",
        "202108": "7.96",
        "202109": "8.03",
        "202110": "7.83",
        "202111": "8.38",
        "202112": "9.66",
        "202201": "9.45",
        "202202": "8.89",
        "202203": "8.45",
        "202204": "8.52",
        "202205": "7.92",
        "202206": "8.59",
        "202207": "8.56",
        "202208": "9.63",
        "202209": "10.86",
        "202210": "10.72",
        "202211": "10.64",
        "202212": "9.87",
        "202301": "9.87",
        "202302": "9.91",
        "202303": "10.45",
        "202304": "12.70",
        "202305": "12.71"
    },
    "quarters": {
        "20011": {
            "year_quarter": 20011,
            "year": 2001,
            "quarter": 1,
            "eps": 0.73,
            "eps_growth_year": -6.41,
            "eps_4q": 4.2,
            "eps_4q_growth_year": null,
            "roe": 4.39,
            "roe_4q": 4.39,
            "gross_profit": 20651,
            "gross_margin": 9.03,
            "gross_margin_4q_avg": 9.03,
            "net_income": 28814,
            "revenue": 228783,
            "common_shares": 393230,
            "book_valuer_per_share": 17.06,
            "book_valuer_per_share_4q_avg": 17.06,
            "equity": 670769,
            "current_ratio": 226.66,
            "debt_ratio": 26.36,
            "inventory_turnover_ratio": 2.77,
            "account_receivable_turnover_ratio": null,
            "reinvestment_rate": null,
            "research_to_sale_ratio": null,
            "price_fair": 0,
            "eps_avg_yearly": 0,
            "eps_latest_yearly": 0,
            "eps_growth_yearly": 0
        },
        "20012": {
            "year_quarter": 20012,
            "year": 2001,
            "quarter": 2,
            "eps": 0.91,
            "eps_growth_year": 68.52,
            "eps_4q": 3.94,
            "eps_4q_growth_year": null,
            "roe": 6.44,
            "roe_4q": 10.83,
            "gross_profit": 21232,
            "gross_margin": 8.53,
            "gross_margin_4q_avg": 8.78,
            "net_income": 43283,
            "revenue": 248810,
            "common_shares": 475546,
            "book_valuer_per_share": 14.18,
            "book_valuer_per_share_4q_avg": 15.62,
            "equity": 674130,
            "current_ratio": 197.72,
            "debt_ratio": 28.4,
            "inventory_turnover_ratio": 7.11,
            "account_receivable_turnover_ratio": null,
            "reinvestment_rate": null,
            "research_to_sale_ratio": null,
            "price_fair": 0,
            "eps_avg_yearly": 0,
            "eps_latest_yearly": 0,
            "eps_growth_yearly": 0
        },
        "20013": {
            "year_quarter": 20013,
            "year": 2001,
            "quarter": 3,
            "eps": 1.18,
            "eps_growth_year": -30.59,
            "eps_4q": 3.61,
            "eps_4q_growth_year": null,
            "roe": 7.24,
            "roe_4q": 18.07,
            "gross_profit": 13686,
            "gross_margin": 5.07,
            "gross_margin_4q_avg": 7.54,
            "net_income": 58504,
            "revenue": 269734,
            "common_shares": 535546,
            "book_valuer_per_share": 17.6,
            "book_valuer_per_share_4q_avg": 16.28,
            "equity": 942633,
            "current_ratio": 555.11,
            "debt_ratio": 14.06,
            "inventory_turnover_ratio": 8.57,
            "account_receivable_turnover_ratio": null,
            "reinvestment_rate": null,
            "research_to_sale_ratio": null,
            "price_fair": 0,
            "eps_avg_yearly": 0,
            "eps_latest_yearly": 0,
            "eps_growth_yearly": 0
        },
        "20014": {
            "year_quarter": 20014,
            "year": 2001,
            "quarter": 4,
            "eps": 1.72,
            "eps_growth_year": 39.84,
            "eps_4q": 4.33,
            "eps_4q_growth_year": 6.42,
            "roe": 8.74,
            "roe_4q": 26.810000000000002,
            "gross_profit": 26810,
            "gross_margin": 6.74,
            "gross_margin_4q_avg": 7.34,
            "net_income": 86160,
            "revenue": 397928,
            "common_shares": 535546,
            "book_valuer_per_share": 19.21,
            "book_valuer_per_share_4q_avg": 17.01,
            "equity": 1028793,
            "current_ratio": 308.91,
            "debt_ratio": 20.59,
            "inventory_turnover_ratio": 4.23,
            "account_receivable_turnover_ratio": null,
            "reinvestment_rate": null,
            "research_to_sale_ratio": null,
            "price_fair": 0,
            "eps_avg_yearly": 0,
            "eps_latest_yearly": 0,
            "eps_growth_yearly": 0
        },
        "20021": {
            "year_quarter": 20021,
            "year": 2002,
            "quarter": 1,
            "eps": 1.64,
            "eps_growth_year": 124.66,
            "eps_4q": 5.16,
            "eps_4q_growth_year": 22.94,
            "roe": 8.17,
            "roe_4q": 30.59,
            "gross_profit": 25061,
            "gross_margin": 7.18,
            "gross_margin_4q_avg": 6.88,
            "net_income": 87623,
            "revenue": 349196,
            "common_shares": 535546,
            "book_valuer_per_share": 20.85,
            "book_valuer_per_share_4q_avg": 17.96,
            "equity": 1116417,
            "current_ratio": 300.94,
            "debt_ratio": 18.19,
            "inventory_turnover_ratio": 3.79,
            "account_receivable_turnover_ratio": null,
            "reinvestment_rate": null,
            "research_to_sale_ratio": null,
            "price_fair": 19.68,
            "eps_avg_yearly": 6.56,
            "eps_latest_yearly": 6.56,
            "eps_growth_yearly": -18.6
        },
        "20022": {
            "year_quarter": 20022,
            "year": 2002,
            "quarter": 2,
            "eps": 0.79,
            "eps_growth_year": -13.19,
            "eps_4q": 4.08,
            "eps_4q_growth_year": 3.43,
            "roe": 4.95,
            "roe_4q": 29.1,
            "gross_profit": 28471,
            "gross_margin": 7.99,
            "gross_margin_4q_avg": 6.75,
            "net_income": 55790,
            "revenue": 356234,
            "common_shares": 710000,
            "book_valuer_per_share": 16.05,
            "book_valuer_per_share_4q_avg": 18.43,
            "equity": 1139273,
            "current_ratio": 192.75,
            "debt_ratio": 25.65,
            "inventory_turnover_ratio": 11.33,
            "account_receivable_turnover_ratio": null,
            "reinvestment_rate": null,
            "research_to_sale_ratio": null,
            "price_fair": 14.58,
            "eps_avg_yearly": 4.86,
            "eps_latest_yearly": 3.16,
            "eps_growth_yearly": -112.96
        },
        "20023": {
            "year_quarter": 20023,
            "year": 2002,
            "quarter": 3,
            "eps": 0.61,
            "eps_growth_year": -48.31,
            "eps_4q": 3.83,
            "eps_4q_growth_year": 5.96,
            "roe": 3.75,
            "roe_4q": 25.61,
            "gross_profit": 29173,
            "gross_margin": 9.5,
            "gross_margin_4q_avg": 7.85,
            "net_income": 43532,
            "revenue": 307173,
            "common_shares": 710000,
            "book_valuer_per_share": 16.66,
            "book_valuer_per_share_4q_avg": 18.19,
            "equity": 1182805,
            "current_ratio": 220.88,
            "debt_ratio": 22.14,
            "inventory_turnover_ratio": 9.34,
            "account_receivable_turnover_ratio": null,
            "reinvestment_rate": null,
            "research_to_sale_ratio": null,
            "price_fair": 12.16,
            "eps_avg_yearly": 4.05,
            "eps_latest_yearly": 2.44,
            "eps_growth_yearly": -105.69
        },
        "20024": {
            "year_quarter": 20024,
            "year": 2002,
            "quarter": 4,
            "eps": 0.99,
            "eps_growth_year": -42.44,
            "eps_4q": 3.63,
            "eps_4q_growth_year": -16.2,
            "roe": 5.76,
            "roe_4q": 22.630000000000003,
            "gross_profit": 43195,
            "gross_margin": 10.88,
            "gross_margin_4q_avg": 8.89,
            "net_income": 70210,
            "revenue": 396916,
            "common_shares": 710000,
            "book_valuer_per_share": 17.65,
            "book_valuer_per_share_4q_avg": 17.8,
            "equity": 1253016,
            "current_ratio": 198.85,
            "debt_ratio": 29.36,
            "inventory_turnover_ratio": 2.47,
            "account_receivable_turnover_ratio": null,
            "reinvestment_rate": null,
            "research_to_sale_ratio": null,
            "price_fair": 12.09,
            "eps_avg_yearly": 4.03,
            "eps_latest_yearly": 3.96,
            "eps_growth_yearly": -16.97
        },
        "20031": {
            "year_quarter": 20031,
            "year": 2003,
            "quarter": 1,
            "eps": -0.13,
            "eps_growth_year": -107.93,
            "eps_4q": 2.27,
            "eps_4q_growth_year": -56.02,
            "roe": -0.74,
            "roe_4q": 13.719999999999999,
            "gross_profit": 22676,
            "gross_margin": 7.36,
            "gross_margin_4q_avg": 8.93,
            "net_income": -9189,
            "revenue": 308064,
            "common_shares": 710000,
            "book_valuer_per_share": 17.52,
            "book_valuer_per_share_4q_avg": 16.97,
            "equity": 1243827,
            "current_ratio": 200.65,
            "debt_ratio": 25.26,
            "inventory_turnover_ratio": 1.98,
            "account_receivable_turnover_ratio": null,
            "reinvestment_rate": null,
            "research_to_sale_ratio": null,
            "price_fair": 12.09,
            "eps_avg_yearly": 4.03,
            "eps_latest_yearly": 3.96,
            "eps_growth_yearly": -16.97
        },
        "20032": {
            "year_quarter": 20032,
            "year": 2003,
            "quarter": 2,
            "eps": -0.57,
            "eps_growth_year": -172.15,
            "eps_4q": 0.91,
            "eps_4q_growth_year": -77.8,
            "roe": -3.29,
            "roe_4q": 5.4799999999999995,
            "gross_profit": 25432,
            "gross_margin": 11.23,
            "gross_margin_4q_avg": 9.74,
            "net_income": -40260,
            "revenue": 226466,
            "common_shares": 710000,
            "book_valuer_per_share": 16.95,
            "book_valuer_per_share_4q_avg": 17.2,
            "equity": 1203566,
            "current_ratio": 254.76,
            "debt_ratio": 20.25,
            "inventory_turnover_ratio": 6.28,
            "account_receivable_turnover_ratio": null,
            "reinvestment_rate": null,
            "research_to_sale_ratio": null,
            "price_fair": 12.09,
            "eps_avg_yearly": 4.03,
            "eps_latest_yearly": 3.96,
            "eps_growth_yearly": -16.97
        },
        "20033": {
            "year_quarter": 20033,
            "year": 2003,
            "quarter": 3,
            "eps": 0.07,
            "eps_growth_year": -88.52,
            "eps_4q": 0.33,
            "eps_4q_growth_year": -91.39,
            "roe": 0.47,
            "roe_4q": 2.1999999999999993,
            "gross_profit": 21465,
            "gross_margin": 7.16,
            "gross_margin_4q_avg": 9.16,
            "net_income": 5599,
            "revenue": 299650,
            "common_shares": 791700,
            "book_valuer_per_share": 14.63,
            "book_valuer_per_share_4q_avg": 16.69,
            "equity": 1158065,
            "current_ratio": 186.62,
            "debt_ratio": 27.18,
            "inventory_turnover_ratio": 8.86,
            "account_receivable_turnover_ratio": null,
            "reinvestment_rate": null,
            "research_to_sale_ratio": null,
            "price_fair": 12.09,
            "eps_avg_yearly": 4.03,
            "eps_latest_yearly": 3.96,
            "eps_growth_yearly": -16.97
        },
        "20034": {
            "year_quarter": 20034,
            "year": 2003,
            "quarter": 4,
            "eps": 0.13,
            "eps_growth_year": -86.87,
            "eps_4q": -0.42,
            "eps_4q_growth_year": -111.64,
            "roe": 0.89,
            "roe_4q": -2.67,
            "gross_profit": 24922,
            "gross_margin": 7.51,
            "gross_margin_4q_avg": 8.32,
            "net_income": 10325,
            "revenue": 331675,
            "common_shares": 791700,
            "book_valuer_per_share": 14.76,
            "book_valuer_per_share_4q_avg": 15.97,
            "equity": 1168390,
            "current_ratio": 175.49,
            "debt_ratio": 35.98,
            "inventory_turnover_ratio": 2.02,
            "account_receivable_turnover_ratio": null,
            "reinvestment_rate": 85.07,
            "research_to_sale_ratio": null,
            "price_fair": 116.48,
            "eps_avg_yearly": 3.33,
            "eps_latest_yearly": 0.52,
            "eps_growth_yearly": 55
        },
        "20041": {
            "year_quarter": 20041,
            "year": 2004,
            "quarter": 1,
            "eps": -0.01,
            "eps_growth_year": null,
            "eps_4q": -0.22,
            "eps_4q_growth_year": -109.92,
            "roe": -0.1,
            "roe_4q": -2.0300000000000002,
            "gross_profit": 27137,
            "gross_margin": 9.27,
            "gross_margin_4q_avg": 8.79,
            "net_income": -1132,
            "revenue": 292783,
            "common_shares": 791700,
            "book_valuer_per_share": 14.74,
            "book_valuer_per_share_4q_avg": 15.27,
            "equity": 1167258,
            "current_ratio": 182.04,
            "debt_ratio": 28.94,
            "inventory_turnover_ratio": 1.74,
            "account_receivable_turnover_ratio": null,
            "reinvestment_rate": 7.61,
            "research_to_sale_ratio": null,
            "price_fair": 116.48,
            "eps_avg_yearly": 3.33,
            "eps_latest_yearly": 0.52,
            "eps_growth_yearly": 55
        },
        "20042": {
            "year_quarter": 20042,
            "year": 2004,
            "quarter": 2,
            "eps": 0.08,
            "eps_growth_year": null,
            "eps_4q": 0.27,
            "eps_4q_growth_year": -70.11,
            "roe": 0.54,
            "roe_4q": 1.8,
            "gross_profit": 32191,
            "gross_margin": 8.59,
            "gross_margin_4q_avg": 8.13,
            "net_income": 6206,
            "revenue": 374912,
            "common_shares": 791700,
            "book_valuer_per_share": 14.32,
            "book_valuer_per_share_4q_avg": 14.61,
            "equity": 1133879,
            "current_ratio": 172.99,
            "debt_ratio": 29.71,
            "inventory_turnover_ratio": 11.36,
            "account_receivable_turnover_ratio": null,
            "reinvestment_rate": 8.28,
            "research_to_sale_ratio": null,
            "price_fair": 116.48,
            "eps_avg_yearly": 3.33,
            "eps_latest_yearly": 0.52,
            "eps_growth_yearly": 55
        },
        "20043": {
            "year_quarter": 20043,
            "year": 2004,
            "quarter": 3,
            "eps": 0.11,
            "eps_growth_year": 57.14,
            "eps_4q": 0.3,
            "eps_4q_growth_year": -8.35,
            "roe": 0.77,
            "roe_4q": 2.1,
            "gross_profit": 36223,
            "gross_margin": 9.89,
            "gross_margin_4q_avg": 8.82,
            "net_income": 8820,
            "revenue": 366315,
            "common_shares": 791700,
            "book_valuer_per_share": 14.43,
            "book_valuer_per_share_4q_avg": 14.56,
            "equity": 1142699,
            "current_ratio": 188.63,
            "debt_ratio": 27.15,
            "inventory_turnover_ratio": 9.79,
            "account_receivable_turnover_ratio": null,
            "reinvestment_rate": 9.57,
            "research_to_sale_ratio": null,
            "price_fair": 99.63,
            "eps_avg_yearly": 2.85,
            "eps_latest_yearly": 0.44,
            "eps_growth_yearly": 70.83
        },
        "20044": {
            "year_quarter": 20044,
            "year": 2004,
            "quarter": 4,
            "eps": 0.04,
            "eps_growth_year": -69.23,
            "eps_4q": 0.22,
            "eps_4q_growth_year": null,
            "roe": 0.28,
            "roe_4q": 1.49,
            "gross_profit": 23353,
            "gross_margin": 6.68,
            "gross_margin_4q_avg": 8.61,
            "net_income": 3159,
            "revenue": 349836,
            "common_shares": 791700,
            "book_valuer_per_share": 14.47,
            "book_valuer_per_share_4q_avg": 14.49,
            "equity": 1145859,
            "current_ratio": 123.48,
            "debt_ratio": 39.94,
            "inventory_turnover_ratio": 2.17,
            "account_receivable_turnover_ratio": null,
            "reinvestment_rate": 125.94,
            "research_to_sale_ratio": null,
            "price_fair": 84.59,
            "eps_avg_yearly": 2.46,
            "eps_latest_yearly": 0.16,
            "eps_growth_yearly": 24.35
        },
        "20051": {
            "year_quarter": 20051,
            "year": 2005,
            "quarter": 1,
            "eps": 0.03,
            "eps_growth_year": null,
            "eps_4q": 0.23,
            "eps_4q_growth_year": null,
            "roe": 0.24,
            "roe_4q": 1.83,
            "gross_profit": 17432,
            "gross_margin": 9.27,
            "gross_margin_4q_avg": 8.61,
            "net_income": 2699,
            "revenue": 188046,
            "common_shares": 791700,
            "book_valuer_per_share": 14.51,
            "book_valuer_per_share_4q_avg": 14.43,
            "equity": 1148558,
            "current_ratio": 247.06,
            "debt_ratio": 20.75,
            "inventory_turnover_ratio": 1.11,
            "account_receivable_turnover_ratio": null,
            "reinvestment_rate": 9.81,
            "research_to_sale_ratio": null,
            "price_fair": 40.8,
            "eps_avg_yearly": 2.17,
            "eps_latest_yearly": 0.12,
            "eps_growth_yearly": 8.8
        },
        "20052": {
            "year_quarter": 20052,
            "year": 2005,
            "quarter": 2,
            "eps": 0.18,
            "eps_growth_year": 125,
            "eps_4q": 0.36,
            "eps_4q_growth_year": 33.91,
            "roe": 1.27,
            "roe_4q": 2.56,
            "gross_profit": 13022,
            "gross_margin": 6.26,
            "gross_margin_4q_avg": 8.03,
            "net_income": 14480,
            "revenue": 207872,
            "common_shares": 791700,
            "book_valuer_per_share": 14.25,
            "book_valuer_per_share_4q_avg": 14.42,
            "equity": 1128096,
            "current_ratio": 218.69,
            "debt_ratio": 22.8,
            "inventory_turnover_ratio": 4.65,
            "account_receivable_turnover_ratio": null,
            "reinvestment_rate": 11.05,
            "research_to_sale_ratio": null,
            "price_fair": 70.31,
            "eps_avg_yearly": 2.01,
            "eps_latest_yearly": 0.72,
            "eps_growth_yearly": 230.05
        },
        "20053": {
            "year_quarter": 20053,
            "year": 2005,
            "quarter": 3,
            "eps": 0.48,
            "eps_growth_year": 336.36,
            "eps_4q": 0.74,
            "eps_4q_growth_year": 143.58,
            "roe": 3.3,
            "roe_4q": 5.090000000000001,
            "gross_profit": 22732,
            "gross_margin": 9.1,
            "gross_margin_4q_avg": 7.83,
            "net_income": 38171,
            "revenue": 249887,
            "common_shares": 791700,
            "book_valuer_per_share": 14.97,
            "book_valuer_per_share_4q_avg": 14.55,
            "equity": 1185041,
            "current_ratio": 220.65,
            "debt_ratio": 22.32,
            "inventory_turnover_ratio": 4.63,
            "account_receivable_turnover_ratio": null,
            "reinvestment_rate": 2.56,
            "research_to_sale_ratio": null,
            "price_fair": 70,
            "eps_avg_yearly": 2,
            "eps_latest_yearly": 1.92,
            "eps_growth_yearly": 273.71
        },
        "20054": {
            "year_quarter": 20054,
            "year": 2005,
            "quarter": 4,
            "eps": 0.22,
            "eps_growth_year": 450,
            "eps_4q": 0.92,
            "eps_4q_growth_year": 324.19,
            "roe": 1.46,
            "roe_4q": 6.27,
            "gross_profit": 23588,
            "gross_margin": 8.77,
            "gross_margin_4q_avg": 8.35,
            "net_income": 17497,
            "revenue": 269037,
            "common_shares": 791700,
            "book_valuer_per_share": 15.3,
            "book_valuer_per_share_4q_avg": 14.76,
            "equity": 1211498,
            "current_ratio": 135.73,
            "debt_ratio": 42.96,
            "inventory_turnover_ratio": 1.4,
            "account_receivable_turnover_ratio": null,
            "reinvestment_rate": 107.01,
            "research_to_sale_ratio": null,
            "price_fair": 66.44,
            "eps_avg_yearly": 1.9,
            "eps_latest_yearly": 0.88,
            "eps_growth_yearly": 229.13
        },
        "20061": {
            "year_quarter": 20061,
            "year": 2006,
            "quarter": 1,
            "eps": 0.31,
            "eps_growth_year": 933.33,
            "eps_4q": 1.2,
            "eps_4q_growth_year": 418.69,
            "roe": 1.99,
            "roe_4q": 8.02,
            "gross_profit": 24676,
            "gross_margin": 8.22,
            "gross_margin_4q_avg": 8.09,
            "net_income": 24323,
            "revenue": 300154,
            "common_shares": 791700,
            "book_valuer_per_share": 15.54,
            "book_valuer_per_share_4q_avg": 15.02,
            "equity": 1230457,
            "current_ratio": 210.16,
            "debt_ratio": 23.34,
            "inventory_turnover_ratio": 1.62,
            "account_receivable_turnover_ratio": null,
            "reinvestment_rate": -17.79,
            "research_to_sale_ratio": null,
            "price_fair": 49.51,
            "eps_avg_yearly": 1.41,
            "eps_latest_yearly": 1.24,
            "eps_growth_yearly": 245.7
        },
        "20062": {
            "year_quarter": 20062,
            "year": 2006,
            "quarter": 2,
            "eps": 1.2,
            "eps_growth_year": 566.67,
            "eps_4q": 2.21,
            "eps_4q_growth_year": 509.73,
            "roe": 7.49,
            "roe_4q": 14.240000000000002,
            "gross_profit": 37034,
            "gross_margin": 9.26,
            "gross_margin_4q_avg": 8.84,
            "net_income": 95036,
            "revenue": 399891,
            "common_shares": 791700,
            "book_valuer_per_share": 16.5,
            "book_valuer_per_share_4q_avg": 15.58,
            "equity": 1306517,
            "current_ratio": 190.73,
            "debt_ratio": 25.42,
            "inventory_turnover_ratio": 7.53,
            "account_receivable_turnover_ratio": null,
            "reinvestment_rate": -21.75,
            "research_to_sale_ratio": null,
            "price_fair": 54.73,
            "eps_avg_yearly": 1.56,
            "eps_latest_yearly": 4.8,
            "eps_growth_yearly": 368.94
        },
        "20063": {
            "year_quarter": 20063,
            "year": 2006,
            "quarter": 3,
            "eps": 0.97,
            "eps_growth_year": 102.08,
            "eps_4q": 2.61,
            "eps_4q_growth_year": 255.01,
            "roe": 5.97,
            "roe_4q": 16.91,
            "gross_profit": 50368,
            "gross_margin": 9.11,
            "gross_margin_4q_avg": 8.84,
            "net_income": 80848,
            "revenue": 552853,
            "common_shares": 836285,
            "book_valuer_per_share": 16.77,
            "book_valuer_per_share_4q_avg": 16.03,
            "equity": 1402437,
            "current_ratio": 175.18,
            "debt_ratio": 28.47,
            "inventory_turnover_ratio": 9.88,
            "account_receivable_turnover_ratio": null,
            "reinvestment_rate": -18.76,
            "research_to_sale_ratio": null,
            "price_fair": 59.31,
            "eps_avg_yearly": 1.69,
            "eps_latest_yearly": 3.88,
            "eps_growth_yearly": 370.26
        },
        "20064": {
            "year_quarter": 20064,
            "year": 2006,
            "quarter": 4,
            "eps": 1.21,
            "eps_growth_year": 450,
            "eps_4q": 3.6,
            "eps_4q_growth_year": 293.38,
            "roe": 6.97,
            "roe_4q": 22.419999999999998,
            "gross_profit": 28129,
            "gross_margin": 6.91,
            "gross_margin_4q_avg": 8.38,
            "net_income": 101227,
            "revenue": 407095,
            "common_shares": 836285,
            "book_valuer_per_share": 17.95,
            "book_valuer_per_share_4q_avg": 16.69,
            "equity": 1501182,
            "current_ratio": 215.19,
            "debt_ratio": 37.44,
            "inventory_turnover_ratio": 1.56,
            "account_receivable_turnover_ratio": null,
            "reinvestment_rate": 42.67,
            "research_to_sale_ratio": null,
            "price_fair": 62.11,
            "eps_avg_yearly": 1.77,
            "eps_latest_yearly": 4.84,
            "eps_growth_yearly": 356.6
        },
        "20071": {
            "year_quarter": 20071,
            "year": 2007,
            "quarter": 1,
            "eps": 0.1,
            "eps_growth_year": -67.74,
            "eps_4q": 3.52,
            "eps_4q_growth_year": 192.69,
            "roe": 0.54,
            "roe_4q": 20.97,
            "gross_profit": 23965,
            "gross_margin": 7.06,
            "gross_margin_4q_avg": 8.09,
            "net_income": 8093,
            "revenue": 339389,
            "common_shares": 836285,
            "book_valuer_per_share": 18.2,
            "book_valuer_per_share_4q_avg": 17.36,
            "equity": 1522106,
            "current_ratio": 220.63,
            "debt_ratio": 19.42,
            "inventory_turnover_ratio": 1.32,
            "account_receivable_turnover_ratio": null,
            "reinvestment_rate": -18.54,
            "research_to_sale_ratio": null,
            "price_fair": 58.1,
            "eps_avg_yearly": 1.66,
            "eps_latest_yearly": 0.4,
            "eps_growth_yearly": 296.31
        },
        "20072": {
            "year_quarter": 20072,
            "year": 2007,
            "quarter": 2,
            "eps": 0.01,
            "eps_growth_year": -99.17,
            "eps_4q": 2.29,
            "eps_4q_growth_year": 3.49,
            "roe": 0.07,
            "roe_4q": 13.55,
            "gross_profit": 33817,
            "gross_margin": 7.44,
            "gross_margin_4q_avg": 7.63,
            "net_income": 1104,
            "revenue": 454482,
            "common_shares": 836285,
            "book_valuer_per_share": 17.24,
            "book_valuer_per_share_4q_avg": 17.54,
            "equity": 1441783,
            "current_ratio": 174.22,
            "debt_ratio": 24.2,
            "inventory_turnover_ratio": 9.37,
            "account_receivable_turnover_ratio": null,
            "reinvestment_rate": -16.75,
            "research_to_sale_ratio": null,
            "price_fair": 53.74,
            "eps_avg_yearly": 1.54,
            "eps_latest_yearly": 0.04,
            "eps_growth_yearly": 245.82
        },
        "20073": {
            "year_quarter": 20073,
            "year": 2007,
            "quarter": 3,
            "eps": 0.65,
            "eps_growth_year": -32.99,
            "eps_4q": 1.89,
            "eps_4q_growth_year": -27.58,
            "roe": 3.95,
            "roe_4q": 11.530000000000001,
            "gross_profit": 26497,
            "gross_margin": 6.42,
            "gross_margin_4q_avg": 6.96,
            "net_income": 57809,
            "revenue": 412424,
            "common_shares": 888099,
            "book_valuer_per_share": 16.73,
            "book_valuer_per_share_4q_avg": 17.53,
            "equity": 1485762,
            "current_ratio": 160.09,
            "debt_ratio": 25.59,
            "inventory_turnover_ratio": 8.19,
            "account_receivable_turnover_ratio": null,
            "reinvestment_rate": -13.86,
            "research_to_sale_ratio": null,
            "price_fair": 56.4,
            "eps_avg_yearly": 1.61,
            "eps_latest_yearly": 2.6,
            "eps_growth_yearly": 2056.84
        },
        "20074": {
            "year_quarter": 20074,
            "year": 2007,
            "quarter": 4,
            "eps": 0.39,
            "eps_growth_year": -67.77,
            "eps_4q": 1.14,
            "eps_4q_growth_year": -68.3,
            "roe": 2.29,
            "roe_4q": 6.8500000000000005,
            "gross_profit": 23995,
            "gross_margin": 5.59,
            "gross_margin_4q_avg": 6.63,
            "net_income": 34738,
            "revenue": 428972,
            "common_shares": 888099,
            "book_valuer_per_share": 17.43,
            "book_valuer_per_share_4q_avg": 17.4,
            "equity": 1548337,
            "current_ratio": 143.18,
            "debt_ratio": 44.11,
            "inventory_turnover_ratio": 1.39,
            "account_receivable_turnover_ratio": null,
            "reinvestment_rate": 40.54,
            "research_to_sale_ratio": null,
            "price_fair": 59,
            "eps_avg_yearly": 1.69,
            "eps_latest_yearly": 1.56,
            "eps_growth_yearly": 2020.92
        },
        "20081": {
            "year_quarter": 20081,
            "year": 2008,
            "quarter": 1,
            "eps": -0.05,
            "eps_growth_year": -150,
            "eps_4q": 0.92,
            "eps_4q_growth_year": -73.85,
            "roe": -0.31,
            "roe_4q": 6,
            "gross_profit": 38156,
            "gross_margin": 5.77,
            "gross_margin_4q_avg": 6.31,
            "net_income": -4820,
            "revenue": 660959,
            "common_shares": 888099,
            "book_valuer_per_share": 17.27,
            "book_valuer_per_share_4q_avg": 17.17,
            "equity": 1533710,
            "current_ratio": 153.79,
            "debt_ratio": 40.48,
            "inventory_turnover_ratio": 1.26,
            "account_receivable_turnover_ratio": null,
            "reinvestment_rate": 175.76,
            "research_to_sale_ratio": null,
            "price_fair": 59,
            "eps_avg_yearly": 1.69,
            "eps_latest_yearly": 1.56,
            "eps_growth_yearly": 2020.92
        },
        "20082": {
            "year_quarter": 20082,
            "year": 2008,
            "quarter": 2,
            "eps": 0.22,
            "eps_growth_year": 2100,
            "eps_4q": 1.19,
            "eps_4q_growth_year": -47.94,
            "roe": 1.31,
            "roe_4q": 7.24,
            "gross_profit": 61489,
            "gross_margin": 7.29,
            "gross_margin_4q_avg": 6.27,
            "net_income": 19884,
            "revenue": 843124,
            "common_shares": 888099,
            "book_valuer_per_share": 17.03,
            "book_valuer_per_share_4q_avg": 17.12,
            "equity": 1512616,
            "current_ratio": 138.36,
            "debt_ratio": 44.81,
            "inventory_turnover_ratio": 1.7,
            "account_receivable_turnover_ratio": null,
            "reinvestment_rate": 171.57,
            "research_to_sale_ratio": null,
            "price_fair": 59,
            "eps_avg_yearly": 1.69,
            "eps_latest_yearly": 1.56,
            "eps_growth_yearly": 2020.92
        },
        "20083": {
            "year_quarter": 20083,
            "year": 2008,
            "quarter": 3,
            "eps": -0.07,
            "eps_growth_year": -110.77,
            "eps_4q": 0.49,
            "eps_4q_growth_year": -74,
            "roe": -0.41,
            "roe_4q": 2.88,
            "gross_profit": 37610,
            "gross_margin": 5.85,
            "gross_margin_4q_avg": 6.13,
            "net_income": -6126,
            "revenue": 642559,
            "common_shares": 888099,
            "book_valuer_per_share": 16.56,
            "book_valuer_per_share_4q_avg": 17.07,
            "equity": 1470821,
            "current_ratio": 145.38,
            "debt_ratio": 42.53,
            "inventory_turnover_ratio": 1.34,
            "account_receivable_turnover_ratio": null,
            "reinvestment_rate": 168.33,
            "research_to_sale_ratio": null,
            "price_fair": 62.35,
            "eps_avg_yearly": 1.78,
            "eps_latest_yearly": 1.56,
            "eps_growth_yearly": 2164.83
        },
        "20084": {
            "year_quarter": 20084,
            "year": 2008,
            "quarter": 4,
            "eps": -0.97,
            "eps_growth_year": -348.72,
            "eps_4q": -0.88,
            "eps_4q_growth_year": -177.04,
            "roe": -6.06,
            "roe_4q": -5.47,
            "gross_profit": 281,
            "gross_margin": 0.06,
            "gross_margin_4q_avg": 4.74,
            "net_income": -89234,
            "revenue": 473038,
            "common_shares": 915861,
            "book_valuer_per_share": 16.09,
            "book_valuer_per_share_4q_avg": 16.74,
            "equity": 1473499,
            "current_ratio": 137.77,
            "debt_ratio": 39.97,
            "inventory_turnover_ratio": 1.19,
            "account_receivable_turnover_ratio": 1.73,
            "reinvestment_rate": 26.61,
            "research_to_sale_ratio": null,
            "price_fair": 67.08,
            "eps_avg_yearly": 1.92,
            "eps_latest_yearly": 1.56,
            "eps_growth_yearly": 2366.45
        },
        "20091": {
            "year_quarter": 20091,
            "year": 2009,
            "quarter": 1,
            "eps": 0.11,
            "eps_growth_year": null,
            "eps_4q": -0.73,
            "eps_4q_growth_year": -178.89,
            "roe": 0.67,
            "roe_4q": -4.49,
            "gross_profit": 21417,
            "gross_margin": 5.79,
            "gross_margin_4q_avg": 4.75,
            "net_income": 9920,
            "revenue": 369928,
            "common_shares": 915861,
            "book_valuer_per_share": 16.46,
            "book_valuer_per_share_4q_avg": 16.54,
            "equity": 1507633,
            "current_ratio": 153.78,
            "debt_ratio": 34.95,
            "inventory_turnover_ratio": 0.96,
            "account_receivable_turnover_ratio": 0.77,
            "reinvestment_rate": 225.13,
            "research_to_sale_ratio": null,
            "price_fair": 72.8,
            "eps_avg_yearly": 2.08,
            "eps_latest_yearly": 1.56,
            "eps_growth_yearly": 2590.67
        },
        "20092": {
            "year_quarter": 20092,
            "year": 2009,
            "quarter": 2,
            "eps": 0.05,
            "eps_growth_year": -77.27,
            "eps_4q": -0.9,
            "eps_4q_growth_year": -175.2,
            "roe": 0.3,
            "roe_4q": -5.5,
            "gross_profit": 39545,
            "gross_margin": 9.95,
            "gross_margin_4q_avg": 5.41,
            "net_income": 4519,
            "revenue": 397403,
            "common_shares": 915861,
            "book_valuer_per_share": 15.89,
            "book_valuer_per_share_4q_avg": 16.25,
            "equity": 1455533,
            "current_ratio": 150.58,
            "debt_ratio": 33.97,
            "inventory_turnover_ratio": 0.95,
            "account_receivable_turnover_ratio": 0.87,
            "reinvestment_rate": 220.04,
            "research_to_sale_ratio": null,
            "price_fair": 71.15,
            "eps_avg_yearly": 2.03,
            "eps_latest_yearly": 0.2,
            "eps_growth_yearly": 2389.02
        },
        "20093": {
            "year_quarter": 20093,
            "year": 2009,
            "quarter": 3,
            "eps": 0.29,
            "eps_growth_year": null,
            "eps_4q": -0.54,
            "eps_4q_growth_year": -209.4,
            "roe": 1.79,
            "roe_4q": -3.3,
            "gross_profit": 66232,
            "gross_margin": 12.77,
            "gross_margin_4q_avg": 7.14,
            "net_income": 26195,
            "revenue": 518695,
            "common_shares": 915861,
            "book_valuer_per_share": 16.13,
            "book_valuer_per_share_4q_avg": 16.14,
            "equity": 1477361,
            "current_ratio": 146.55,
            "debt_ratio": 37.74,
            "inventory_turnover_ratio": 1.1,
            "account_receivable_turnover_ratio": 0.93,
            "reinvestment_rate": 221.39,
            "research_to_sale_ratio": null,
            "price_fair": 68.73,
            "eps_avg_yearly": 1.96,
            "eps_latest_yearly": 1.16,
            "eps_growth_yearly": 2502.96
        },
        "20094": {
            "year_quarter": 20094,
            "year": 2009,
            "quarter": 4,
            "eps": 0.29,
            "eps_growth_year": null,
            "eps_4q": 0.74,
            "eps_4q_growth_year": null,
            "roe": 1.8,
            "roe_4q": 4.56,
            "gross_profit": 89198,
            "gross_margin": 16.87,
            "gross_margin_4q_avg": 11.35,
            "net_income": 26699,
            "revenue": 528697,
            "common_shares": 915861,
            "book_valuer_per_share": 16.27,
            "book_valuer_per_share_4q_avg": 16.19,
            "equity": 1490001,
            "current_ratio": 150.79,
            "debt_ratio": 38.14,
            "inventory_turnover_ratio": 0.99,
            "account_receivable_turnover_ratio": 1.75,
            "reinvestment_rate": 361.45,
            "research_to_sale_ratio": null,
            "price_fair": 69.62,
            "eps_avg_yearly": 1.99,
            "eps_latest_yearly": 1.16,
            "eps_growth_yearly": 2522.65
        },
        "20101": {
            "year_quarter": 20101,
            "year": 2010,
            "quarter": 1,
            "eps": -0.16,
            "eps_growth_year": -245.45,
            "eps_4q": 0.46,
            "eps_4q_growth_year": null,
            "roe": -1.01,
            "roe_4q": 2.88,
            "gross_profit": 31042,
            "gross_margin": 5.47,
            "gross_margin_4q_avg": 11.27,
            "net_income": -15010,
            "revenue": 567031,
            "common_shares": 915861,
            "book_valuer_per_share": 16.1,
            "book_valuer_per_share_4q_avg": 16.1,
            "equity": 1474870,
            "current_ratio": 148.52,
            "debt_ratio": 41.58,
            "inventory_turnover_ratio": 1.12,
            "account_receivable_turnover_ratio": 0.82,
            "reinvestment_rate": 623.06,
            "research_to_sale_ratio": 0.81,
            "price_fair": 72.24,
            "eps_avg_yearly": 2.06,
            "eps_latest_yearly": 1.16,
            "eps_growth_yearly": 2758.56
        },
        "20102": {
            "year_quarter": 20102,
            "year": 2010,
            "quarter": 2,
            "eps": 0.06,
            "eps_growth_year": 16.7,
            "eps_4q": 0.47,
            "eps_4q_growth_year": null,
            "roe": 0.36,
            "roe_4q": 2.94,
            "gross_profit": 63374,
            "gross_margin": 8.43,
            "gross_margin_4q_avg": 10.89,
            "net_income": 5344,
            "revenue": 751992,
            "common_shares": 915861,
            "book_valuer_per_share": 16.02,
            "book_valuer_per_share_4q_avg": 16.13,
            "equity": 1466953,
            "current_ratio": 148.31,
            "debt_ratio": 41.63,
            "inventory_turnover_ratio": 1.41,
            "account_receivable_turnover_ratio": 0.95,
            "reinvestment_rate": 852.37,
            "research_to_sale_ratio": 0.08,
            "price_fair": 61.6,
            "eps_avg_yearly": 1.76,
            "eps_latest_yearly": 1.16,
            "eps_growth_yearly": 2937.46
        },
        "20103": {
            "year_quarter": 20103,
            "year": 2010,
            "quarter": 3,
            "eps": 0.16,
            "eps_growth_year": -45.52,
            "eps_4q": 0.34,
            "eps_4q_growth_year": null,
            "roe": 0.98,
            "roe_4q": 2.13,
            "gross_profit": 68792,
            "gross_margin": 9.65,
            "gross_margin_4q_avg": 10.11,
            "net_income": 14471,
            "revenue": 712975,
            "common_shares": 915861,
            "book_valuer_per_share": 16.07,
            "book_valuer_per_share_4q_avg": 16.12,
            "equity": 1471860,
            "current_ratio": 152.24,
            "debt_ratio": 41.18,
            "inventory_turnover_ratio": 1.4,
            "account_receivable_turnover_ratio": 0.88,
            "reinvestment_rate": 1147.71,
            "research_to_sale_ratio": 0.37,
            "price_fair": 49,
            "eps_avg_yearly": 1.4,
            "eps_latest_yearly": 0.64,
            "eps_growth_yearly": 3020.06
        },
        "20104": {
            "year_quarter": 20104,
            "year": 2010,
            "quarter": 4,
            "eps": -0.62,
            "eps_growth_year": -313.48,
            "eps_4q": -0.57,
            "eps_4q_growth_year": -177.07,
            "roe": -3.99,
            "roe_4q": -3.66,
            "gross_profit": 78604,
            "gross_margin": 13.45,
            "gross_margin_4q_avg": 9.25,
            "net_income": -56699,
            "revenue": 584392,
            "common_shares": 915861,
            "book_valuer_per_share": 14.95,
            "book_valuer_per_share_4q_avg": 15.79,
            "equity": 1369260,
            "current_ratio": 162.04,
            "debt_ratio": 40.39,
            "inventory_turnover_ratio": 1.06,
            "account_receivable_turnover_ratio": 0.78,
            "reinvestment_rate": 3326.5,
            "research_to_sale_ratio": 0.46,
            "price_fair": 33.95,
            "eps_avg_yearly": 0.97,
            "eps_latest_yearly": 0.64,
            "eps_growth_yearly": 3385.19
        },
        "20111": {
            "year_quarter": 20111,
            "year": 2011,
            "quarter": 1,
            "eps": -0.11,
            "eps_growth_year": null,
            "eps_4q": -0.51,
            "eps_4q_growth_year": -210.7,
            "roe": -0.74,
            "roe_4q": -3.3900000000000006,
            "gross_profit": 42170,
            "gross_margin": 6.33,
            "gross_margin_4q_avg": 9.47,
            "net_income": -10058,
            "revenue": 665697,
            "common_shares": 915861,
            "book_valuer_per_share": 14.82,
            "book_valuer_per_share_4q_avg": 15.47,
            "equity": 1357469,
            "current_ratio": 155.81,
            "debt_ratio": 43.56,
            "inventory_turnover_ratio": 1.26,
            "account_receivable_turnover_ratio": 0.9,
            "reinvestment_rate": 10642.86,
            "research_to_sale_ratio": 0.39,
            "price_fair": 36.8,
            "eps_avg_yearly": 1.05,
            "eps_latest_yearly": 0.64,
            "eps_growth_yearly": 3921.21
        },
        "20112": {
            "year_quarter": 20112,
            "year": 2011,
            "quarter": 2,
            "eps": -0.16,
            "eps_growth_year": -376.24,
            "eps_4q": -0.73,
            "eps_4q_growth_year": -255.1,
            "roe": -1.09,
            "roe_4q": -4.84,
            "gross_profit": 34306,
            "gross_margin": 4.68,
            "gross_margin_4q_avg": 8.53,
            "net_income": -14762,
            "revenue": 733062,
            "common_shares": 915861,
            "book_valuer_per_share": 14.69,
            "book_valuer_per_share_4q_avg": 15.13,
            "equity": 1345159,
            "current_ratio": 161.61,
            "debt_ratio": 42.21,
            "inventory_turnover_ratio": 1.52,
            "account_receivable_turnover_ratio": 0.94,
            "reinvestment_rate": 68886.1,
            "research_to_sale_ratio": 0.37,
            "price_fair": 42.7,
            "eps_avg_yearly": 1.22,
            "eps_latest_yearly": 0.64,
            "eps_growth_yearly": 4634.75
        },
        "20113": {
            "year_quarter": 20113,
            "year": 2011,
            "quarter": 3,
            "eps": 0.33,
            "eps_growth_year": 110.61,
            "eps_4q": -0.56,
            "eps_4q_growth_year": -262.01,
            "roe": 2.19,
            "roe_4q": -3.6300000000000003,
            "gross_profit": 60674,
            "gross_margin": 9.29,
            "gross_margin_4q_avg": 8.44,
            "net_income": 30478,
            "revenue": 653312,
            "common_shares": 915861,
            "book_valuer_per_share": 15.66,
            "book_valuer_per_share_4q_avg": 15.03,
            "equity": 1434180,
            "current_ratio": 177.15,
            "debt_ratio": 38.57,
            "inventory_turnover_ratio": 1.35,
            "account_receivable_turnover_ratio": 0.91,
            "reinvestment_rate": null,
            "research_to_sale_ratio": 0.26,
            "price_fair": 33.04,
            "eps_avg_yearly": 0.94,
            "eps_latest_yearly": 0.64,
            "eps_growth_yearly": 441.7
        },
        "20114": {
            "year_quarter": 20114,
            "year": 2011,
            "quarter": 4,
            "eps": -1.02,
            "eps_growth_year": null,
            "eps_4q": -0.96,
            "eps_4q_growth_year": null,
            "roe": -6.72,
            "roe_4q": -6.359999999999999,
            "gross_profit": -37647,
            "gross_margin": -7.68,
            "gross_margin_4q_avg": 3.16,
            "net_income": -93359,
            "revenue": 490438,
            "common_shares": 915861,
            "book_valuer_per_share": 14.66,
            "book_valuer_per_share_4q_avg": 14.96,
            "equity": 1342772,
            "current_ratio": 175.27,
            "debt_ratio": 38.11,
            "inventory_turnover_ratio": 1.25,
            "account_receivable_turnover_ratio": 0.73,
            "reinvestment_rate": null,
            "research_to_sale_ratio": 0.19,
            "price_fair": 27.65,
            "eps_avg_yearly": 0.79,
            "eps_latest_yearly": 0.64,
            "eps_growth_yearly": 592.12
        },
        "20121": {
            "year_quarter": 20121,
            "year": 2012,
            "quarter": 1,
            "eps": -0.28,
            "eps_growth_year": null,
            "eps_4q": -1.12,
            "eps_4q_growth_year": null,
            "roe": -1.92,
            "roe_4q": -7.540000000000001,
            "gross_profit": 26788,
            "gross_margin": 4.59,
            "gross_margin_4q_avg": 2.72,
            "net_income": -25231,
            "revenue": 583083,
            "common_shares": 915861,
            "book_valuer_per_share": 14.02,
            "book_valuer_per_share_4q_avg": 14.76,
            "equity": 1284229,
            "current_ratio": 189.63,
            "debt_ratio": 43.88,
            "inventory_turnover_ratio": 1.45,
            "account_receivable_turnover_ratio": 0.84,
            "reinvestment_rate": null,
            "research_to_sale_ratio": 0.28,
            "price_fair": 27.65,
            "eps_avg_yearly": 0.79,
            "eps_latest_yearly": 0.64,
            "eps_growth_yearly": 592.12
        },
        "20122": {
            "year_quarter": 20122,
            "year": 2012,
            "quarter": 2,
            "eps": -0.04,
            "eps_growth_year": null,
            "eps_4q": -1,
            "eps_4q_growth_year": null,
            "roe": -0.29,
            "roe_4q": -6.74,
            "gross_profit": 37480,
            "gross_margin": 7.52,
            "gross_margin_4q_avg": 3.43,
            "net_income": -3714,
            "revenue": 498294,
            "common_shares": 915861,
            "book_valuer_per_share": 14.01,
            "book_valuer_per_share_4q_avg": 14.59,
            "equity": 1283251,
            "current_ratio": 236.99,
            "debt_ratio": 36.38,
            "inventory_turnover_ratio": 1.34,
            "account_receivable_turnover_ratio": 0.74,
            "reinvestment_rate": null,
            "research_to_sale_ratio": 0.2,
            "price_fair": 27.65,
            "eps_avg_yearly": 0.79,
            "eps_latest_yearly": 0.64,
            "eps_growth_yearly": 592.12
        },
        "20123": {
            "year_quarter": 20123,
            "year": 2012,
            "quarter": 3,
            "eps": -0.52,
            "eps_growth_year": -254.91,
            "eps_4q": -1.85,
            "eps_4q_growth_year": null,
            "roe": -3.76,
            "roe_4q": -12.69,
            "gross_profit": -4056,
            "gross_margin": -0.99,
            "gross_margin_4q_avg": 0.86,
            "net_income": -47214,
            "revenue": 408800,
            "common_shares": 915861,
            "book_valuer_per_share": 13.37,
            "book_valuer_per_share_4q_avg": 14.02,
            "equity": 1224876,
            "current_ratio": 275.76,
            "debt_ratio": 32.56,
            "inventory_turnover_ratio": 1.37,
            "account_receivable_turnover_ratio": 0.72,
            "reinvestment_rate": null,
            "research_to_sale_ratio": 0.55,
            "price_fair": 27.65,
            "eps_avg_yearly": 0.79,
            "eps_latest_yearly": 0.64,
            "eps_growth_yearly": 592.12
        },
        "20124": {
            "year_quarter": 20124,
            "year": 2012,
            "quarter": 4,
            "eps": -0.51,
            "eps_growth_year": null,
            "eps_4q": -1.34,
            "eps_4q_growth_year": null,
            "roe": -3.88,
            "roe_4q": -9.85,
            "gross_profit": 10862,
            "gross_margin": 2.82,
            "gross_margin_4q_avg": 3.49,
            "net_income": -46683,
            "revenue": 385508,
            "common_shares": 915861,
            "book_valuer_per_share": 12.87,
            "book_valuer_per_share_4q_avg": 13.57,
            "equity": 1178491,
            "current_ratio": 275.61,
            "debt_ratio": 32.75,
            "inventory_turnover_ratio": 1.33,
            "account_receivable_turnover_ratio": 0.78,
            "reinvestment_rate": null,
            "research_to_sale_ratio": 0.62,
            "price_fair": 27.65,
            "eps_avg_yearly": 0.79,
            "eps_latest_yearly": 0.64,
            "eps_growth_yearly": 592.12
        },
        "20131": {
            "year_quarter": 20131,
            "year": 2013,
            "quarter": 1,
            "eps": -0.36,
            "eps_growth_year": null,
            "eps_4q": -1.42,
            "eps_4q_growth_year": null,
            "roe": -2.8,
            "roe_4q": -10.729999999999999,
            "gross_profit": 5539,
            "gross_margin": 1.41,
            "gross_margin_4q_avg": 2.69,
            "net_income": -32871,
            "revenue": 392254,
            "common_shares": 915861,
            "book_valuer_per_share": 12.76,
            "book_valuer_per_share_4q_avg": 13.25,
            "equity": 1168574,
            "current_ratio": 275.34,
            "debt_ratio": 32.78,
            "inventory_turnover_ratio": 1.39,
            "account_receivable_turnover_ratio": 0.83,
            "reinvestment_rate": null,
            "research_to_sale_ratio": 0.56,
            "price_fair": 27.65,
            "eps_avg_yearly": 0.79,
            "eps_latest_yearly": 0.64,
            "eps_growth_yearly": 592.12
        },
        "20132": {
            "year_quarter": 20132,
            "year": 2013,
            "quarter": 2,
            "eps": -0.07,
            "eps_growth_year": null,
            "eps_4q": -1.45,
            "eps_4q_growth_year": null,
            "roe": -0.52,
            "roe_4q": -10.959999999999999,
            "gross_profit": 36172,
            "gross_margin": 6.92,
            "gross_margin_4q_avg": 2.54,
            "net_income": -6180,
            "revenue": 522864,
            "common_shares": 915861,
            "book_valuer_per_share": 12.94,
            "book_valuer_per_share_4q_avg": 12.99,
            "equity": 1185510,
            "current_ratio": 238.19,
            "debt_ratio": 36.62,
            "inventory_turnover_ratio": 1.6,
            "account_receivable_turnover_ratio": 0.96,
            "reinvestment_rate": null,
            "research_to_sale_ratio": 0.4,
            "price_fair": 34.53,
            "eps_avg_yearly": 0.99,
            "eps_latest_yearly": 0.64,
            "eps_growth_yearly": 862.22
        },
        "20133": {
            "year_quarter": 20133,
            "year": 2013,
            "quarter": 3,
            "eps": -0.25,
            "eps_growth_year": null,
            "eps_4q": -1.24,
            "eps_4q_growth_year": null,
            "roe": -2.35,
            "roe_4q": -9.55,
            "gross_profit": 24162,
            "gross_margin": 4.52,
            "gross_margin_4q_avg": 3.92,
            "net_income": -27406,
            "revenue": 534619,
            "common_shares": 915861,
            "book_valuer_per_share": 12.47,
            "book_valuer_per_share_4q_avg": 12.76,
            "equity": 1142513,
            "current_ratio": 260.68,
            "debt_ratio": 34.08,
            "inventory_turnover_ratio": 1.67,
            "account_receivable_turnover_ratio": 0.88,
            "reinvestment_rate": null,
            "research_to_sale_ratio": 0.34,
            "price_fair": 31.5,
            "eps_avg_yearly": 0.9,
            "eps_latest_yearly": 0.64,
            "eps_growth_yearly": 333.33
        },
        "20134": {
            "year_quarter": 20134,
            "year": 2013,
            "quarter": 4,
            "eps": -0.57,
            "eps_growth_year": null,
            "eps_4q": -1.3,
            "eps_4q_growth_year": null,
            "roe": -4.64,
            "roe_4q": -10.309999999999999,
            "gross_profit": 2287,
            "gross_margin": 0.42,
            "gross_margin_4q_avg": 3.32,
            "net_income": -52300,
            "revenue": 548052,
            "common_shares": 915861,
            "book_valuer_per_share": 12.15,
            "book_valuer_per_share_4q_avg": 12.58,
            "equity": 1112957,
            "current_ratio": 210.19,
            "debt_ratio": 40.31,
            "inventory_turnover_ratio": 2.02,
            "account_receivable_turnover_ratio": 0.85,
            "reinvestment_rate": null,
            "research_to_sale_ratio": 0.39,
            "price_fair": 22.4,
            "eps_avg_yearly": 0.64,
            "eps_latest_yearly": 0.64,
            "eps_growth_yearly": 666.67
        },
        "20141": {
            "year_quarter": 20141,
            "year": 2014,
            "quarter": 1,
            "eps": -0.57,
            "eps_growth_year": null,
            "eps_4q": -1.51,
            "eps_4q_growth_year": null,
            "roe": -4.84,
            "roe_4q": -12.35,
            "gross_profit": 18639,
            "gross_margin": 4.21,
            "gross_margin_4q_avg": 4.02,
            "net_income": -52457,
            "revenue": 442446,
            "common_shares": 915861,
            "book_valuer_per_share": 11.53,
            "book_valuer_per_share_4q_avg": 12.27,
            "equity": 1055635,
            "current_ratio": 258.87,
            "debt_ratio": 35.91,
            "inventory_turnover_ratio": 1.69,
            "account_receivable_turnover_ratio": 0.72,
            "reinvestment_rate": null,
            "research_to_sale_ratio": 0.5,
            "price_fair": 22.4,
            "eps_avg_yearly": 0.64,
            "eps_latest_yearly": 0.64,
            "eps_growth_yearly": 666.67
        },
        "20142": {
            "year_quarter": 20142,
            "year": 2014,
            "quarter": 2,
            "eps": -0.1,
            "eps_growth_year": null,
            "eps_4q": -1.55,
            "eps_4q_growth_year": null,
            "roe": -0.91,
            "roe_4q": -12.74,
            "gross_profit": 51678,
            "gross_margin": 9.23,
            "gross_margin_4q_avg": 4.6,
            "net_income": -9455,
            "revenue": 560054,
            "common_shares": 915861,
            "book_valuer_per_share": 11.17,
            "book_valuer_per_share_4q_avg": 11.83,
            "equity": 1023323,
            "current_ratio": 248.48,
            "debt_ratio": 37.34,
            "inventory_turnover_ratio": 2.23,
            "account_receivable_turnover_ratio": 0.94,
            "reinvestment_rate": null,
            "research_to_sale_ratio": 0.43,
            "price_fair": 22.4,
            "eps_avg_yearly": 0.64,
            "eps_latest_yearly": 0.64,
            "eps_growth_yearly": 666.67
        },
        "20143": {
            "year_quarter": 20143,
            "year": 2014,
            "quarter": 3,
            "eps": 0,
            "eps_growth_year": null,
            "eps_4q": -1.25,
            "eps_4q_growth_year": null,
            "roe": -0,
            "roe_4q": -10.39,
            "gross_profit": 49199,
            "gross_margin": 9.01,
            "gross_margin_4q_avg": 5.72,
            "net_income": -26,
            "revenue": 545875,
            "common_shares": 915861,
            "book_valuer_per_share": 11.52,
            "book_valuer_per_share_4q_avg": 11.59,
            "equity": 1054861,
            "current_ratio": 247.34,
            "debt_ratio": 36.88,
            "inventory_turnover_ratio": 2.12,
            "account_receivable_turnover_ratio": 0.84,
            "reinvestment_rate": null,
            "research_to_sale_ratio": 0.58,
            "price_fair": 0,
            "eps_avg_yearly": 0,
            "eps_latest_yearly": 0,
            "eps_growth_yearly": 0
        },
        "20144": {
            "year_quarter": 20144,
            "year": 2014,
            "quarter": 4,
            "eps": -0.08,
            "eps_growth_year": null,
            "eps_4q": -0.76,
            "eps_4q_growth_year": null,
            "roe": -0.69,
            "roe_4q": -6.4399999999999995,
            "gross_profit": 40062,
            "gross_margin": 7.08,
            "gross_margin_4q_avg": 7.38,
            "net_income": -7431,
            "revenue": 566074,
            "common_shares": 915861,
            "book_valuer_per_share": 11.89,
            "book_valuer_per_share_4q_avg": 11.53,
            "equity": 1089125,
            "current_ratio": 235.66,
            "debt_ratio": 38.9,
            "inventory_turnover_ratio": 2.09,
            "account_receivable_turnover_ratio": 0.84,
            "reinvestment_rate": null,
            "research_to_sale_ratio": 0.53,
            "price_fair": 0,
            "eps_avg_yearly": 0,
            "eps_latest_yearly": 0,
            "eps_growth_yearly": 0
        },
        "20151": {
            "year_quarter": 20151,
            "year": 2015,
            "quarter": 1,
            "eps": -0.11,
            "eps_growth_year": null,
            "eps_4q": -0.3,
            "eps_4q_growth_year": null,
            "roe": -0.98,
            "roe_4q": -2.58,
            "gross_profit": 31540,
            "gross_margin": 6.72,
            "gross_margin_4q_avg": 8.01,
            "net_income": -10520,
            "revenue": 469480,
            "common_shares": 915861,
            "book_valuer_per_share": 11.64,
            "book_valuer_per_share_4q_avg": 11.56,
            "equity": 1066327,
            "current_ratio": 251.25,
            "debt_ratio": 36.49,
            "inventory_turnover_ratio": 1.87,
            "account_receivable_turnover_ratio": 0.74,
            "reinvestment_rate": null,
            "research_to_sale_ratio": 0.56,
            "price_fair": 0,
            "eps_avg_yearly": 0,
            "eps_latest_yearly": 0,
            "eps_growth_yearly": 0
        },
        "20152": {
            "year_quarter": 20152,
            "year": 2015,
            "quarter": 2,
            "eps": 0.12,
            "eps_growth_year": null,
            "eps_4q": -0.07,
            "eps_4q_growth_year": null,
            "roe": 1.05,
            "roe_4q": -0.6199999999999999,
            "gross_profit": 49190,
            "gross_margin": 9.33,
            "gross_margin_4q_avg": 8.04,
            "net_income": 11189,
            "revenue": 527242,
            "common_shares": 915861,
            "book_valuer_per_share": 11.56,
            "book_valuer_per_share_4q_avg": 11.65,
            "equity": 1059156,
            "current_ratio": 241.43,
            "debt_ratio": 36.15,
            "inventory_turnover_ratio": 2.14,
            "account_receivable_turnover_ratio": 0.9,
            "reinvestment_rate": null,
            "research_to_sale_ratio": 0.54,
            "price_fair": 0,
            "eps_avg_yearly": 0,
            "eps_latest_yearly": 0,
            "eps_growth_yearly": 0
        },
        "20153": {
            "year_quarter": 20153,
            "year": 2015,
            "quarter": 3,
            "eps": -0.42,
            "eps_growth_year": null,
            "eps_4q": -0.49,
            "eps_4q_growth_year": null,
            "roe": -3.59,
            "roe_4q": -4.21,
            "gross_profit": 19506,
            "gross_margin": 4.11,
            "gross_margin_4q_avg": 6.81,
            "net_income": -38247,
            "revenue": 474617,
            "common_shares": 915861,
            "book_valuer_per_share": 11.72,
            "book_valuer_per_share_4q_avg": 11.7,
            "equity": 1073365,
            "current_ratio": 241.56,
            "debt_ratio": 35.52,
            "inventory_turnover_ratio": 2.22,
            "account_receivable_turnover_ratio": 0.82,
            "reinvestment_rate": null,
            "research_to_sale_ratio": 0.58,
            "price_fair": 0,
            "eps_avg_yearly": 0,
            "eps_latest_yearly": 0,
            "eps_growth_yearly": 0
        },
        "20154": {
            "year_quarter": 20154,
            "year": 2015,
            "quarter": 4,
            "eps": 0.12,
            "eps_growth_year": null,
            "eps_4q": -0.29,
            "eps_4q_growth_year": null,
            "roe": 1,
            "roe_4q": -2.5199999999999996,
            "gross_profit": 54057,
            "gross_margin": 11.61,
            "gross_margin_4q_avg": 7.94,
            "net_income": 10587,
            "revenue": 465609,
            "common_shares": 915861,
            "book_valuer_per_share": 11.34,
            "book_valuer_per_share_4q_avg": 11.57,
            "equity": 1038266,
            "current_ratio": 239.88,
            "debt_ratio": 35.78,
            "inventory_turnover_ratio": 2.48,
            "account_receivable_turnover_ratio": 0.86,
            "reinvestment_rate": null,
            "research_to_sale_ratio": 0.5,
            "price_fair": 0,
            "eps_avg_yearly": 0,
            "eps_latest_yearly": 0,
            "eps_growth_yearly": 0
        },
        "20161": {
            "year_quarter": 20161,
            "year": 2016,
            "quarter": 1,
            "eps": 0.15,
            "eps_growth_year": null,
            "eps_4q": -0.03,
            "eps_4q_growth_year": null,
            "roe": 1.28,
            "roe_4q": -0.25999999999999956,
            "gross_profit": 43295,
            "gross_margin": 11.33,
            "gross_margin_4q_avg": 9.1,
            "net_income": 13304,
            "revenue": 382151,
            "common_shares": 915861,
            "book_valuer_per_share": 11.42,
            "book_valuer_per_share_4q_avg": 11.51,
            "equity": 1045711,
            "current_ratio": 261.3,
            "debt_ratio": 33.06,
            "inventory_turnover_ratio": 2.28,
            "account_receivable_turnover_ratio": 0.79,
            "reinvestment_rate": null,
            "research_to_sale_ratio": 0.63,
            "price_fair": 21,
            "eps_avg_yearly": 0.6,
            "eps_latest_yearly": 0.6,
            "eps_growth_yearly": 100
        },
        "20162": {
            "year_quarter": 20162,
            "year": 2016,
            "quarter": 2,
            "eps": 0.04,
            "eps_growth_year": -66.67,
            "eps_4q": -0.12,
            "eps_4q_growth_year": null,
            "roe": 0.31,
            "roe_4q": -1,
            "gross_profit": 45127,
            "gross_margin": 11.67,
            "gross_margin_4q_avg": 9.68,
            "net_income": 3230,
            "revenue": 386723,
            "common_shares": 915861,
            "book_valuer_per_share": 10.99,
            "book_valuer_per_share_4q_avg": 11.37,
            "equity": 1006472,
            "current_ratio": 254.74,
            "debt_ratio": 33.42,
            "inventory_turnover_ratio": 2.42,
            "account_receivable_turnover_ratio": 0.89,
            "reinvestment_rate": null,
            "research_to_sale_ratio": 0.65,
            "price_fair": 1.14,
            "eps_avg_yearly": 0.38,
            "eps_latest_yearly": 0.16,
            "eps_growth_yearly": -96.67
        },
        "20163": {
            "year_quarter": 20163,
            "year": 2016,
            "quarter": 3,
            "eps": 0.29,
            "eps_growth_year": null,
            "eps_4q": 0.58,
            "eps_4q_growth_year": null,
            "roe": 2.63,
            "roe_4q": 5.22,
            "gross_profit": 64158,
            "gross_margin": 14.82,
            "gross_margin_4q_avg": 12.36,
            "net_income": 26285,
            "revenue": 432851,
            "common_shares": 915861,
            "book_valuer_per_share": 10.84,
            "book_valuer_per_share_4q_avg": 11.15,
            "equity": 992444,
            "current_ratio": 254.03,
            "debt_ratio": 35.21,
            "inventory_turnover_ratio": 2.7,
            "account_receivable_turnover_ratio": 0.99,
            "reinvestment_rate": null,
            "research_to_sale_ratio": 0.49,
            "price_fair": 22.4,
            "eps_avg_yearly": 0.64,
            "eps_latest_yearly": 1.16,
            "eps_growth_yearly": 768.89
        },
        "20164": {
            "year_quarter": 20164,
            "year": 2016,
            "quarter": 4,
            "eps": 0.27,
            "eps_growth_year": 130.58,
            "eps_4q": 0.73,
            "eps_4q_growth_year": null,
            "roe": 2.45,
            "roe_4q": 6.67,
            "gross_profit": 68408,
            "gross_margin": 14.65,
            "gross_margin_4q_avg": 13.12,
            "net_income": 24411,
            "revenue": 466937,
            "common_shares": 915861,
            "book_valuer_per_share": 10.88,
            "book_valuer_per_share_4q_avg": 11.03,
            "equity": 996351,
            "current_ratio": 254.43,
            "debt_ratio": 35.21,
            "inventory_turnover_ratio": 2.63,
            "account_receivable_turnover_ratio": 0.99,
            "reinvestment_rate": null,
            "research_to_sale_ratio": 0.5,
            "price_fair": 26.25,
            "eps_avg_yearly": 0.75,
            "eps_latest_yearly": 1.08,
            "eps_growth_yearly": 569.77
        },
        "20171": {
            "year_quarter": 20171,
            "year": 2017,
            "quarter": 1,
            "eps": 0.15,
            "eps_growth_year": 0,
            "eps_4q": 0.74,
            "eps_4q_growth_year": null,
            "roe": 1.42,
            "roe_4q": 6.81,
            "gross_profit": 64491,
            "gross_margin": 15.96,
            "gross_margin_4q_avg": 14.28,
            "net_income": 13849,
            "revenue": 404197,
            "common_shares": 915861,
            "book_valuer_per_share": 10.4,
            "book_valuer_per_share_4q_avg": 10.78,
            "equity": 952638,
            "current_ratio": 254.48,
            "debt_ratio": 35.08,
            "inventory_turnover_ratio": 1.97,
            "account_receivable_turnover_ratio": 0.87,
            "reinvestment_rate": null,
            "research_to_sale_ratio": 0.52,
            "price_fair": 25.2,
            "eps_avg_yearly": 0.72,
            "eps_latest_yearly": 0.6,
            "eps_growth_yearly": 420.26
        },
        "20172": {
            "year_quarter": 20172,
            "year": 2017,
            "quarter": 2,
            "eps": -0.12,
            "eps_growth_year": -400,
            "eps_4q": 0.58,
            "eps_4q_growth_year": null,
            "roe": -1.17,
            "roe_4q": 5.33,
            "gross_profit": 46800,
            "gross_margin": 11,
            "gross_margin_4q_avg": 14.11,
            "net_income": -11118,
            "revenue": 425556,
            "common_shares": 915861,
            "book_valuer_per_share": 10.42,
            "book_valuer_per_share_4q_avg": 10.64,
            "equity": 954352,
            "current_ratio": 252.34,
            "debt_ratio": 34.98,
            "inventory_turnover_ratio": 2.21,
            "account_receivable_turnover_ratio": 0.95,
            "reinvestment_rate": null,
            "research_to_sale_ratio": 0.51,
            "price_fair": 25.2,
            "eps_avg_yearly": 0.72,
            "eps_latest_yearly": 0.6,
            "eps_growth_yearly": 420.26
        },
        "20173": {
            "year_quarter": 20173,
            "year": 2017,
            "quarter": 3,
            "eps": -0.07,
            "eps_growth_year": -124.14,
            "eps_4q": 0.23,
            "eps_4q_growth_year": -60.98,
            "roe": -0.66,
            "roe_4q": 2.04,
            "gross_profit": 51715,
            "gross_margin": 11.97,
            "gross_margin_4q_avg": 13.4,
            "net_income": -6304,
            "revenue": 432003,
            "common_shares": 915861,
            "book_valuer_per_share": 10.55,
            "book_valuer_per_share_4q_avg": 10.56,
            "equity": 966628,
            "current_ratio": 251.41,
            "debt_ratio": 34.75,
            "inventory_turnover_ratio": 2.2,
            "account_receivable_turnover_ratio": 0.93,
            "reinvestment_rate": null,
            "research_to_sale_ratio": 0.5,
            "price_fair": 25.2,
            "eps_avg_yearly": 0.72,
            "eps_latest_yearly": 0.6,
            "eps_growth_yearly": 420.26
        },
        "20174": {
            "year_quarter": 20174,
            "year": 2017,
            "quarter": 4,
            "eps": -0.1,
            "eps_growth_year": -138.08,
            "eps_4q": -0.14,
            "eps_4q_growth_year": -119.14,
            "roe": -0.96,
            "roe_4q": -1.37,
            "gross_profit": 44382,
            "gross_margin": 9.94,
            "gross_margin_4q_avg": 12.22,
            "net_income": -9296,
            "revenue": 446622,
            "common_shares": 915861,
            "book_valuer_per_share": 10.51,
            "book_valuer_per_share_4q_avg": 10.47,
            "equity": 962492,
            "current_ratio": 238.24,
            "debt_ratio": 36.48,
            "inventory_turnover_ratio": 2.16,
            "account_receivable_turnover_ratio": 0.93,
            "reinvestment_rate": null,
            "research_to_sale_ratio": 0.57,
            "price_fair": 25.2,
            "eps_avg_yearly": 0.72,
            "eps_latest_yearly": 0.6,
            "eps_growth_yearly": 420.26
        },
        "20181": {
            "year_quarter": 20181,
            "year": 2018,
            "quarter": 1,
            "eps": -0.12,
            "eps_growth_year": -180,
            "eps_4q": -0.41,
            "eps_4q_growth_year": -155.12,
            "roe": -1.1,
            "roe_4q": -3.89,
            "gross_profit": 48418,
            "gross_margin": 12.85,
            "gross_margin_4q_avg": 11.44,
            "net_income": -10637,
            "revenue": 376663,
            "common_shares": 915861,
            "book_valuer_per_share": 10.6,
            "book_valuer_per_share_4q_avg": 10.52,
            "equity": 970413,
            "current_ratio": 266.14,
            "debt_ratio": 32.66,
            "inventory_turnover_ratio": 1.71,
            "account_receivable_turnover_ratio": 0.81,
            "reinvestment_rate": null,
            "research_to_sale_ratio": 0.61,
            "price_fair": 25.2,
            "eps_avg_yearly": 0.72,
            "eps_latest_yearly": 0.6,
            "eps_growth_yearly": 420.26
        },
        "20182": {
            "year_quarter": 20182,
            "year": 2018,
            "quarter": 2,
            "eps": 0.21,
            "eps_growth_year": null,
            "eps_4q": -0.08,
            "eps_4q_growth_year": -113.69,
            "roe": 1.94,
            "roe_4q": -0.7800000000000001,
            "gross_profit": 55478,
            "gross_margin": 13.01,
            "gross_margin_4q_avg": 11.94,
            "net_income": 18925,
            "revenue": 426581,
            "common_shares": 915861,
            "book_valuer_per_share": 10.65,
            "book_valuer_per_share_4q_avg": 10.58,
            "equity": 975765,
            "current_ratio": 267.48,
            "debt_ratio": 32.8,
            "inventory_turnover_ratio": 1.93,
            "account_receivable_turnover_ratio": 0.97,
            "reinvestment_rate": -620.51,
            "research_to_sale_ratio": 0.54,
            "price_fair": 25.2,
            "eps_avg_yearly": 0.72,
            "eps_latest_yearly": 0.6,
            "eps_growth_yearly": 420.26
        },
        "20183": {
            "year_quarter": 20183,
            "year": 2018,
            "quarter": 3,
            "eps": 1.61,
            "eps_growth_year": null,
            "eps_4q": 1.6,
            "eps_4q_growth_year": 602.43,
            "roe": 14.53,
            "roe_4q": 14.41,
            "gross_profit": 50014,
            "gross_margin": 12.38,
            "gross_margin_4q_avg": 12.05,
            "net_income": 147380,
            "revenue": 403860,
            "common_shares": 915861,
            "book_valuer_per_share": 11.5,
            "book_valuer_per_share_4q_avg": 10.82,
            "equity": 1053367,
            "current_ratio": 322.67,
            "debt_ratio": 30.64,
            "inventory_turnover_ratio": 1.88,
            "account_receivable_turnover_ratio": 0.95,
            "reinvestment_rate": -153.07,
            "research_to_sale_ratio": 0.65,
            "price_fair": 58.57,
            "eps_avg_yearly": 1.67,
            "eps_latest_yearly": 6.44,
            "eps_growth_yearly": 794.66
        },
        "20184": {
            "year_quarter": 20184,
            "year": 2018,
            "quarter": 4,
            "eps": 0.14,
            "eps_growth_year": null,
            "eps_4q": 1.84,
            "eps_4q_growth_year": null,
            "roe": 1.2,
            "roe_4q": 16.569999999999997,
            "gross_profit": 38411,
            "gross_margin": 11.66,
            "gross_margin_4q_avg": 12.48,
            "net_income": 12762,
            "revenue": 329429,
            "common_shares": 915861,
            "book_valuer_per_share": 11.74,
            "book_valuer_per_share_4q_avg": 11.12,
            "equity": 1075163,
            "current_ratio": 343.41,
            "debt_ratio": 29.02,
            "inventory_turnover_ratio": 1.62,
            "account_receivable_turnover_ratio": 0.84,
            "reinvestment_rate": -133.89,
            "research_to_sale_ratio": 0.96,
            "price_fair": 53,
            "eps_avg_yearly": 1.51,
            "eps_latest_yearly": 0.56,
            "eps_growth_yearly": 628.96
        },
        "20191": {
            "year_quarter": 20191,
            "year": 2019,
            "quarter": 1,
            "eps": -0.19,
            "eps_growth_year": null,
            "eps_4q": 1.76,
            "eps_4q_growth_year": null,
            "roe": -1.63,
            "roe_4q": 16.04,
            "gross_profit": 28307,
            "gross_margin": 9.72,
            "gross_margin_4q_avg": 11.69,
            "net_income": -17615,
            "revenue": 291138,
            "common_shares": 915861,
            "book_valuer_per_share": 11.86,
            "book_valuer_per_share_4q_avg": 11.44,
            "equity": 1086668,
            "current_ratio": 352.38,
            "debt_ratio": 30.04,
            "inventory_turnover_ratio": 1.45,
            "account_receivable_turnover_ratio": 0.81,
            "reinvestment_rate": -127.5,
            "research_to_sale_ratio": 0.95,
            "price_fair": 53,
            "eps_avg_yearly": 1.51,
            "eps_latest_yearly": 0.56,
            "eps_growth_yearly": 628.96
        },
        "20192": {
            "year_quarter": 20192,
            "year": 2019,
            "quarter": 2,
            "eps": 0,
            "eps_growth_year": -100,
            "eps_4q": 1.56,
            "eps_4q_growth_year": null,
            "roe": -0,
            "roe_4q": 14.1,
            "gross_profit": 39427,
            "gross_margin": 11.58,
            "gross_margin_4q_avg": 11.34,
            "net_income": -16,
            "revenue": 340479,
            "common_shares": 915861,
            "book_valuer_per_share": 10.34,
            "book_valuer_per_share_4q_avg": 11.36,
            "equity": 946606,
            "current_ratio": 259.78,
            "debt_ratio": 38.8,
            "inventory_turnover_ratio": 1.6,
            "account_receivable_turnover_ratio": 0.95,
            "reinvestment_rate": -131.28,
            "research_to_sale_ratio": 0.82,
            "price_fair": 53,
            "eps_avg_yearly": 1.51,
            "eps_latest_yearly": 0.56,
            "eps_growth_yearly": 628.96
        },
        "20193": {
            "year_quarter": 20193,
            "year": 2019,
            "quarter": 3,
            "eps": 0.04,
            "eps_growth_year": -97.52,
            "eps_4q": -0.02,
            "eps_4q_growth_year": -101.12,
            "roe": 0.35,
            "roe_4q": -0.07999999999999985,
            "gross_profit": 25114,
            "gross_margin": 8.54,
            "gross_margin_4q_avg": 10.38,
            "net_income": 3235,
            "revenue": 294147,
            "common_shares": 915861,
            "book_valuer_per_share": 9.9,
            "book_valuer_per_share_4q_avg": 10.96,
            "equity": 907140,
            "current_ratio": 321.18,
            "debt_ratio": 33.08,
            "inventory_turnover_ratio": 1.51,
            "account_receivable_turnover_ratio": 0.86,
            "reinvestment_rate": -113.15,
            "research_to_sale_ratio": 1.14,
            "price_fair": 53,
            "eps_avg_yearly": 1.51,
            "eps_latest_yearly": 0.56,
            "eps_growth_yearly": 628.96
        },
        "20194": {
            "year_quarter": 20194,
            "year": 2019,
            "quarter": 4,
            "eps": -0.27,
            "eps_growth_year": -295.2,
            "eps_4q": -0.43,
            "eps_4q_growth_year": -123.34,
            "roe": -2.81,
            "roe_4q": -4.09,
            "gross_profit": 27872,
            "gross_margin": 9.05,
            "gross_margin_4q_avg": 9.72,
            "net_income": -24911,
            "revenue": 307970,
            "common_shares": 915861,
            "book_valuer_per_share": 9.45,
            "book_valuer_per_share_4q_avg": 10.39,
            "equity": 865757,
            "current_ratio": 321.58,
            "debt_ratio": 33.71,
            "inventory_turnover_ratio": 1.65,
            "account_receivable_turnover_ratio": 0.96,
            "reinvestment_rate": -124.29,
            "research_to_sale_ratio": 0.84,
            "price_fair": 53,
            "eps_avg_yearly": 1.51,
            "eps_latest_yearly": 0.56,
            "eps_growth_yearly": 628.96
        },
        "20201": {
            "year_quarter": 20201,
            "year": 2020,
            "quarter": 1,
            "eps": -0.06,
            "eps_growth_year": null,
            "eps_4q": -0.3,
            "eps_4q_growth_year": -117.06,
            "roe": -0.68,
            "roe_4q": -3.14,
            "gross_profit": 25880,
            "gross_margin": 13.1,
            "gross_margin_4q_avg": 10.57,
            "net_income": -5845,
            "revenue": 197633,
            "common_shares": 915861,
            "book_valuer_per_share": 9.26,
            "book_valuer_per_share_4q_avg": 9.74,
            "equity": 847728,
            "current_ratio": 318.86,
            "debt_ratio": 34.04,
            "inventory_turnover_ratio": 1.01,
            "account_receivable_turnover_ratio": 0.69,
            "reinvestment_rate": -135.76,
            "research_to_sale_ratio": 1.13,
            "price_fair": 58.33,
            "eps_avg_yearly": 1.67,
            "eps_latest_yearly": 0.56,
            "eps_growth_yearly": 717.13
        },
        "20202": {
            "year_quarter": 20202,
            "year": 2020,
            "quarter": 2,
            "eps": 0.02,
            "eps_growth_year": null,
            "eps_4q": -0.28,
            "eps_4q_growth_year": -117.99,
            "roe": 0.22,
            "roe_4q": -2.92,
            "gross_profit": 30262,
            "gross_margin": 10.53,
            "gross_margin_4q_avg": 10.31,
            "net_income": 1881,
            "revenue": 287515,
            "common_shares": 915861,
            "book_valuer_per_share": 9.04,
            "book_valuer_per_share_4q_avg": 9.41,
            "equity": 828037,
            "current_ratio": 319.02,
            "debt_ratio": 35.74,
            "inventory_turnover_ratio": 1.63,
            "account_receivable_turnover_ratio": 1.04,
            "reinvestment_rate": -134.36,
            "research_to_sale_ratio": 0.79,
            "price_fair": 68.88,
            "eps_avg_yearly": 1.97,
            "eps_latest_yearly": 0.56,
            "eps_growth_yearly": 919.22
        },
        "20203": {
            "year_quarter": 20203,
            "year": 2020,
            "quarter": 3,
            "eps": -0.24,
            "eps_growth_year": -700,
            "eps_4q": -0.55,
            "eps_4q_growth_year": null,
            "roe": -2.61,
            "roe_4q": -5.88,
            "gross_profit": 19691,
            "gross_margin": 7.22,
            "gross_margin_4q_avg": 9.98,
            "net_income": -21676,
            "revenue": 272592,
            "common_shares": 915861,
            "book_valuer_per_share": 9.08,
            "book_valuer_per_share_4q_avg": 9.21,
            "equity": 831744,
            "current_ratio": 330.32,
            "debt_ratio": 34.83,
            "inventory_turnover_ratio": 1.67,
            "account_receivable_turnover_ratio": 0.9,
            "reinvestment_rate": -173.28,
            "research_to_sale_ratio": 0.88,
            "price_fair": 75.95,
            "eps_avg_yearly": 2.17,
            "eps_latest_yearly": 0.56,
            "eps_growth_yearly": 524.02
        },
        "20204": {
            "year_quarter": 20204,
            "year": 2020,
            "quarter": 4,
            "eps": -0.04,
            "eps_growth_year": null,
            "eps_4q": -0.32,
            "eps_4q_growth_year": null,
            "roe": -0.46,
            "roe_4q": -3.53,
            "gross_profit": 29170,
            "gross_margin": 9.83,
            "gross_margin_4q_avg": 10.17,
            "net_income": -3880,
            "revenue": 296858,
            "common_shares": 915861,
            "book_valuer_per_share": 9.18,
            "book_valuer_per_share_4q_avg": 9.14,
            "equity": 840518,
            "current_ratio": 331.14,
            "debt_ratio": 34.32,
            "inventory_turnover_ratio": 1.66,
            "account_receivable_turnover_ratio": 0.96,
            "reinvestment_rate": -210.25,
            "research_to_sale_ratio": 0.82,
            "price_fair": 88.67,
            "eps_avg_yearly": 2.53,
            "eps_latest_yearly": 0.56,
            "eps_growth_yearly": 707.89
        },
        "20211": {
            "year_quarter": 20211,
            "year": 2021,
            "quarter": 1,
            "eps": -0.01,
            "eps_growth_year": null,
            "eps_4q": -0.27,
            "eps_4q_growth_year": null,
            "roe": -0.09,
            "roe_4q": -2.94,
            "gross_profit": 34785,
            "gross_margin": 13.81,
            "gross_margin_4q_avg": 10.35,
            "net_income": -770,
            "revenue": 251962,
            "common_shares": 915861,
            "book_valuer_per_share": 9.24,
            "book_valuer_per_share_4q_avg": 9.14,
            "equity": 845811,
            "current_ratio": 357.43,
            "debt_ratio": 37.05,
            "inventory_turnover_ratio": 1.24,
            "account_receivable_turnover_ratio": 0.83,
            "reinvestment_rate": -220.23,
            "research_to_sale_ratio": 1.08,
            "price_fair": 122.5,
            "eps_avg_yearly": 3.5,
            "eps_latest_yearly": 0.56,
            "eps_growth_yearly": 1150.72
        },
        "20212": {
            "year_quarter": 20212,
            "year": 2021,
            "quarter": 2,
            "eps": 0.05,
            "eps_growth_year": 150,
            "eps_4q": -0.24,
            "eps_4q_growth_year": null,
            "roe": 0.53,
            "roe_4q": -2.63,
            "gross_profit": 43171,
            "gross_margin": 13.7,
            "gross_margin_4q_avg": 11.14,
            "net_income": 4442,
            "revenue": 315155,
            "common_shares": 915861,
            "book_valuer_per_share": 9.19,
            "book_valuer_per_share_4q_avg": 9.17,
            "equity": 841633,
            "current_ratio": 336.98,
            "debt_ratio": 37.98,
            "inventory_turnover_ratio": 1.33,
            "account_receivable_turnover_ratio": 1.05,
            "reinvestment_rate": -163.36,
            "research_to_sale_ratio": 0.89,
            "price_fair": 122.5,
            "eps_avg_yearly": 3.5,
            "eps_latest_yearly": 0.56,
            "eps_growth_yearly": 1150.72
        },
        "20213": {
            "year_quarter": 20213,
            "year": 2021,
            "quarter": 3,
            "eps": 0.08,
            "eps_growth_year": null,
            "eps_4q": 0.08,
            "eps_4q_growth_year": null,
            "roe": 0.85,
            "roe_4q": 0.8299999999999998,
            "gross_profit": 41531,
            "gross_margin": 13.47,
            "gross_margin_4q_avg": 12.7,
            "net_income": 7190,
            "revenue": 308268,
            "common_shares": 915861,
            "book_valuer_per_share": 9.25,
            "book_valuer_per_share_4q_avg": 9.22,
            "equity": 847548,
            "current_ratio": 357.56,
            "debt_ratio": 36.78,
            "inventory_turnover_ratio": 1.18,
            "account_receivable_turnover_ratio": 0.97,
            "reinvestment_rate": -149.55,
            "research_to_sale_ratio": 1.37,
            "price_fair": 85.4,
            "eps_avg_yearly": 2.44,
            "eps_latest_yearly": 0.32,
            "eps_growth_yearly": 847.15
        },
        "20214": {
            "year_quarter": 20214,
            "year": 2021,
            "quarter": 4,
            "eps": -0.04,
            "eps_growth_year": null,
            "eps_4q": 0.08,
            "eps_4q_growth_year": null,
            "roe": -0.44,
            "roe_4q": 0.85,
            "gross_profit": 33851,
            "gross_margin": 11.31,
            "gross_margin_4q_avg": 13.07,
            "net_income": -3706,
            "revenue": 299277,
            "common_shares": 915861,
            "book_valuer_per_share": 9.34,
            "book_valuer_per_share_4q_avg": 9.26,
            "equity": 855215,
            "current_ratio": 369.22,
            "debt_ratio": 38.66,
            "inventory_turnover_ratio": 1.15,
            "account_receivable_turnover_ratio": 0.95,
            "reinvestment_rate": -130.28,
            "research_to_sale_ratio": 1.47,
            "price_fair": 85.4,
            "eps_avg_yearly": 2.44,
            "eps_latest_yearly": 0.32,
            "eps_growth_yearly": 847.15
        },
        "20221": {
            "year_quarter": 20221,
            "year": 2022,
            "quarter": 1,
            "eps": -0.02,
            "eps_growth_year": null,
            "eps_4q": 0.06,
            "eps_4q_growth_year": null,
            "roe": -0.23,
            "roe_4q": 0.71,
            "gross_profit": 36943,
            "gross_margin": 16.82,
            "gross_margin_4q_avg": 13.83,
            "net_income": -2055,
            "revenue": 219698,
            "common_shares": 915861,
            "book_valuer_per_share": 9.76,
            "book_valuer_per_share_4q_avg": 9.39,
            "equity": 894338,
            "current_ratio": 376.23,
            "debt_ratio": 39.42,
            "inventory_turnover_ratio": 0.74,
            "account_receivable_turnover_ratio": 0.82,
            "reinvestment_rate": -116.03,
            "research_to_sale_ratio": 1.11,
            "price_fair": 85.4,
            "eps_avg_yearly": 2.44,
            "eps_latest_yearly": 0.32,
            "eps_growth_yearly": 847.15
        },
        "20222": {
            "year_quarter": 20222,
            "year": 2022,
            "quarter": 2,
            "eps": 0.17,
            "eps_growth_year": 240,
            "eps_4q": 0.19,
            "eps_4q_growth_year": null,
            "roe": 1.74,
            "roe_4q": 1.92,
            "gross_profit": 41292,
            "gross_margin": 13.43,
            "gross_margin_4q_avg": 13.76,
            "net_income": 15530,
            "revenue": 307483,
            "common_shares": 915861,
            "book_valuer_per_share": 9.75,
            "book_valuer_per_share_4q_avg": 9.53,
            "equity": 892507,
            "current_ratio": 339.58,
            "debt_ratio": 41.33,
            "inventory_turnover_ratio": 1.03,
            "account_receivable_turnover_ratio": 1.23,
            "reinvestment_rate": -115.52,
            "research_to_sale_ratio": 0.91,
            "price_fair": 85.4,
            "eps_avg_yearly": 2.44,
            "eps_latest_yearly": 0.32,
            "eps_growth_yearly": 847.15
        },
        "20223": {
            "year_quarter": 20223,
            "year": 2022,
            "quarter": 3,
            "eps": 0.07,
            "eps_growth_year": -12.5,
            "eps_4q": 0.18,
            "eps_4q_growth_year": 134.93,
            "roe": 0.74,
            "roe_4q": 1.81,
            "gross_profit": 30054,
            "gross_margin": 9.2,
            "gross_margin_4q_avg": 12.69,
            "net_income": 6634,
            "revenue": 326802,
            "common_shares": 915861,
            "book_valuer_per_share": 9.92,
            "book_valuer_per_share_4q_avg": 9.69,
            "equity": 908879,
            "current_ratio": 332.59,
            "debt_ratio": 41.65,
            "inventory_turnover_ratio": 1.26,
            "account_receivable_turnover_ratio": 1.03,
            "reinvestment_rate": null,
            "research_to_sale_ratio": 0.97,
            "price_fair": 1.16,
            "eps_avg_yearly": 0.39,
            "eps_latest_yearly": 0.28,
            "eps_growth_yearly": -120.17
        },
        "20224": {
            "year_quarter": 20224,
            "year": 2022,
            "quarter": 4,
            "eps": -0.02,
            "eps_growth_year": null,
            "eps_4q": 0.2,
            "eps_4q_growth_year": 152.71,
            "roe": -0.23,
            "roe_4q": 2.02,
            "gross_profit": 36651,
            "gross_margin": 10.4,
            "gross_margin_4q_avg": 12.46,
            "net_income": -2025,
            "revenue": 352382,
            "common_shares": 915861,
            "book_valuer_per_share": 9.72,
            "book_valuer_per_share_4q_avg": 9.79,
            "equity": 890612,
            "current_ratio": 310.63,
            "debt_ratio": 43.02,
            "inventory_turnover_ratio": 1.53,
            "account_receivable_turnover_ratio": 0.89,
            "reinvestment_rate": null,
            "research_to_sale_ratio": 0.57,
            "price_fair": 3.71,
            "eps_avg_yearly": 0.3,
            "eps_latest_yearly": 0.28,
            "eps_growth_yearly": 2.35
        },
        "20231": {
            "year_quarter": 20231,
            "year": 2023,
            "quarter": 1,
            "eps": -0.01,
            "eps_growth_year": null,
            "eps_4q": 0.21,
            "eps_4q_growth_year": 222.24,
            "roe": -0.14,
            "roe_4q": 2.11,
            "gross_profit": 40498,
            "gross_margin": 13.26,
            "gross_margin_4q_avg": 11.57,
            "net_income": -1220,
            "revenue": 305362,
            "common_shares": 915861,
            "book_valuer_per_share": 9.77,
            "book_valuer_per_share_4q_avg": 9.79,
            "equity": 894805,
            "current_ratio": 294.17,
            "debt_ratio": 43.87,
            "inventory_turnover_ratio": 1.29,
            "account_receivable_turnover_ratio": 0.74,
            "reinvestment_rate": null,
            "research_to_sale_ratio": 0.7,
            "price_fair": 3.71,
            "eps_avg_yearly": 0.3,
            "eps_latest_yearly": 0.28,
            "eps_growth_yearly": 2.35
        }
    },
    "months": {
        "2001-06": {
            "month": "2001-06",
            "price": "55.58",
            "revenue": 96385
        },
        "2001-07": {
            "month": "2001-07",
            "price": "46.08",
            "revenue": 102247
        },
        "2001-08": {
            "month": "2001-08",
            "price": "41.07",
            "revenue": 90971
        },
        "2001-09": {
            "month": "2001-09",
            "price": "35.44",
            "revenue": 101043
        },
        "2001-10": {
            "month": "2001-10",
            "price": "33.19",
            "revenue": 107552
        },
        "2001-11": {
            "month": "2001-11",
            "price": "40.54",
            "revenue": 119006
        },
        "2001-12": {
            "month": "2001-12",
            "price": "64.50",
            "revenue": 125061
        },
        "2002-01": {
            "month": "2002-01",
            "price": "100.34",
            "revenue": 126470
        },
        "2002-02": {
            "month": "2002-02",
            "price": "98.83",
            "revenue": 102257
        },
        "2002-03": {
            "month": "2002-03",
            "price": "106.83",
            "revenue": 130333
        },
        "2002-04": {
            "month": "2002-04",
            "price": "121.43",
            "revenue": 132331
        },
        "2002-05": {
            "month": "2002-05",
            "price": "101.64",
            "revenue": 125828
        },
        "2002-06": {
            "month": "2002-06",
            "price": "77.78",
            "revenue": 88852
        },
        "2002-07": {
            "month": "2002-07",
            "price": "58.59",
            "revenue": 92777
        },
        "2002-08": {
            "month": "2002-08",
            "price": "63.48",
            "revenue": 103542
        },
        "2002-09": {
            "month": "2002-09",
            "price": "60.95",
            "revenue": 110862
        },
        "2002-10": {
            "month": "2002-10",
            "price": "53.80",
            "revenue": 131259
        },
        "2002-11": {
            "month": "2002-11",
            "price": "53.67",
            "revenue": 140238
        },
        "2002-12": {
            "month": "2002-12",
            "price": "50.02",
            "revenue": 126038
        },
        "2003-01": {
            "month": "2003-01",
            "price": "40.81",
            "revenue": 101956
        },
        "2003-02": {
            "month": "2003-02",
            "price": "32.76",
            "revenue": 100898
        },
        "2003-03": {
            "month": "2003-03",
            "price": "30.42",
            "revenue": 105212
        },
        "2003-04": {
            "month": "2003-04",
            "price": "24.55",
            "revenue": 103539
        },
        "2003-05": {
            "month": "2003-05",
            "price": "20.84",
            "revenue": 84330
        },
        "2003-06": {
            "month": "2003-06",
            "price": "24.22",
            "revenue": 84350
        },
        "2003-07": {
            "month": "2003-07",
            "price": "25.90",
            "revenue": 96623
        },
        "2003-08": {
            "month": "2003-08",
            "price": "20.74",
            "revenue": 100825
        },
        "2003-09": {
            "month": "2003-09",
            "price": "16.19",
            "revenue": 119283
        },
        "2003-10": {
            "month": "2003-10",
            "price": "16.00",
            "revenue": 110893
        },
        "2003-11": {
            "month": "2003-11",
            "price": "16.30",
            "revenue": 131429
        },
        "2003-12": {
            "month": "2003-12",
            "price": "17.45",
            "revenue": 103747
        },
        "2004-01": {
            "month": "2004-01",
            "price": "18.59",
            "revenue": 73196
        },
        "2004-02": {
            "month": "2004-02",
            "price": "21.33",
            "revenue": 102138
        },
        "2004-03": {
            "month": "2004-03",
            "price": "20.71",
            "revenue": 148899
        },
        "2004-04": {
            "month": "2004-04",
            "price": "19.95",
            "revenue": 133795
        },
        "2004-05": {
            "month": "2004-05",
            "price": "15.65",
            "revenue": 111406
        },
        "2004-06": {
            "month": "2004-06",
            "price": "12.80",
            "revenue": 117371
        },
        "2004-07": {
            "month": "2004-07",
            "price": "10.23",
            "revenue": 105411
        },
        "2004-08": {
            "month": "2004-08",
            "price": "9.68",
            "revenue": 124466
        },
        "2004-09": {
            "month": "2004-09",
            "price": "9.93",
            "revenue": 141373
        },
        "2004-10": {
            "month": "2004-10",
            "price": "9.45",
            "revenue": 130726
        },
        "2004-11": {
            "month": "2004-11",
            "price": "8.07",
            "revenue": 119439
        },
        "2004-12": {
            "month": "2004-12",
            "price": "8.37",
            "revenue": 106539
        },
        "2005-01": {
            "month": "2005-01",
            "price": "9.27",
            "revenue": 72049
        },
        "2005-02": {
            "month": "2005-02",
            "price": "9.72",
            "revenue": 49089
        },
        "2005-03": {
            "month": "2005-03",
            "price": "9.03",
            "revenue": 71989
        },
        "2005-04": {
            "month": "2005-04",
            "price": "8.86",
            "revenue": 81162
        },
        "2005-05": {
            "month": "2005-05",
            "price": "8.44",
            "revenue": 77883
        },
        "2005-06": {
            "month": "2005-06",
            "price": "9.04",
            "revenue": 62852
        },
        "2005-07": {
            "month": "2005-07",
            "price": "9.89",
            "revenue": 83359
        },
        "2005-08": {
            "month": "2005-08",
            "price": "12.32",
            "revenue": 140037
        },
        "2005-09": {
            "month": "2005-09",
            "price": "12.76",
            "revenue": 159495
        },
        "2005-10": {
            "month": "2005-10",
            "price": "11.85",
            "revenue": 170928
        },
        "2005-11": {
            "month": "2005-11",
            "price": "11.12",
            "revenue": 157819
        },
        "2005-12": {
            "month": "2005-12",
            "price": "14.20",
            "revenue": 149639
        },
        "2006-01": {
            "month": "2006-01",
            "price": "15.82",
            "revenue": 119058
        },
        "2006-02": {
            "month": "2006-02",
            "price": "14.67",
            "revenue": 122134
        },
        "2006-03": {
            "month": "2006-03",
            "price": "15.76",
            "revenue": 191496
        },
        "2006-04": {
            "month": "2006-04",
            "price": "19.48",
            "revenue": 215443
        },
        "2006-05": {
            "month": "2006-05",
            "price": "23.52",
            "revenue": 233350
        },
        "2006-06": {
            "month": "2006-06",
            "price": "24.35",
            "revenue": 248010
        },
        "2006-07": {
            "month": "2006-07",
            "price": "24.95",
            "revenue": 243407
        },
        "2006-08": {
            "month": "2006-08",
            "price": "26.17",
            "revenue": 265955
        },
        "2006-09": {
            "month": "2006-09",
            "price": "25.71",
            "revenue": 259500
        },
        "2006-10": {
            "month": "2006-10",
            "price": "26.58",
            "revenue": 224130
        },
        "2006-11": {
            "month": "2006-11",
            "price": "23.40",
            "revenue": 215728
        },
        "2006-12": {
            "month": "2006-12",
            "price": "23.89",
            "revenue": 154385
        },
        "2007-01": {
            "month": "2007-01",
            "price": "24.11",
            "revenue": 153821
        },
        "2007-02": {
            "month": "2007-02",
            "price": "23.27",
            "revenue": 109906
        },
        "2007-03": {
            "month": "2007-03",
            "price": "23.67",
            "revenue": 225097
        },
        "2007-04": {
            "month": "2007-04",
            "price": "26.80",
            "revenue": 216509
        },
        "2007-05": {
            "month": "2007-05",
            "price": "24.62",
            "revenue": 234834
        },
        "2007-06": {
            "month": "2007-06",
            "price": "25.17",
            "revenue": 249116
        },
        "2007-07": {
            "month": "2007-07",
            "price": "27.15",
            "revenue": 278449
        },
        "2007-08": {
            "month": "2007-08",
            "price": "26.97",
            "revenue": 231967
        },
        "2007-09": {
            "month": "2007-09",
            "price": "20.88",
            "revenue": 226648
        },
        "2007-10": {
            "month": "2007-10",
            "price": "17.49",
            "revenue": 233019
        },
        "2007-11": {
            "month": "2007-11",
            "price": "15.09",
            "revenue": 263097
        },
        "2007-12": {
            "month": "2007-12",
            "price": "13.23",
            "revenue": 253516
        },
        "2008-01": {
            "month": "2008-01",
            "price": "12.21",
            "revenue": 237193
        },
        "2008-02": {
            "month": "2008-02",
            "price": "12.26",
            "revenue": 156819
        },
        "2008-03": {
            "month": "2008-03",
            "price": "13.31",
            "revenue": 275633
        },
        "2008-04": {
            "month": "2008-04",
            "price": "14.30",
            "revenue": 315202
        },
        "2008-05": {
            "month": "2008-05",
            "price": "12.96",
            "revenue": 248475
        },
        "2008-06": {
            "month": "2008-06",
            "price": "11.27",
            "revenue": 255601
        },
        "2008-07": {
            "month": "2008-07",
            "price": "8.81",
            "revenue": 222008
        },
        "2008-08": {
            "month": "2008-08",
            "price": "8.71",
            "revenue": 213416
        },
        "2008-09": {
            "month": "2008-09",
            "price": "7.81",
            "revenue": 210469
        },
        "2008-10": {
            "month": "2008-10",
            "price": "6.54",
            "revenue": 190422
        },
        "2008-11": {
            "month": "2008-11",
            "price": "5.03",
            "revenue": 142653
        },
        "2008-12": {
            "month": "2008-12",
            "price": "4.71",
            "revenue": 133974
        },
        "2009-01": {
            "month": "2009-01",
            "price": "4.50",
            "revenue": 65591
        },
        "2009-02": {
            "month": "2009-02",
            "price": "4.28",
            "revenue": 100843
        },
        "2009-03": {
            "month": "2009-03",
            "price": "5.75",
            "revenue": 180974
        },
        "2009-04": {
            "month": "2009-04",
            "price": "7.25",
            "revenue": 148290
        },
        "2009-05": {
            "month": "2009-05",
            "price": "10.51",
            "revenue": 125358
        },
        "2009-06": {
            "month": "2009-06",
            "price": "11.22",
            "revenue": 139512
        },
        "2009-07": {
            "month": "2009-07",
            "price": "11.84",
            "revenue": 166106
        },
        "2009-08": {
            "month": "2009-08",
            "price": "11.55",
            "revenue": 154877
        },
        "2009-09": {
            "month": "2009-09",
            "price": "14.33",
            "revenue": 213619
        },
        "2009-10": {
            "month": "2009-10",
            "price": "14.52",
            "revenue": 153176
        },
        "2009-11": {
            "month": "2009-11",
            "price": "14.13",
            "revenue": 178041
        },
        "2009-12": {
            "month": "2009-12",
            "price": "14.03",
            "revenue": 199520
        },
        "2010-01": {
            "month": "2010-01",
            "price": "15.30",
            "revenue": 199343
        },
        "2010-02": {
            "month": "2010-02",
            "price": "16.00",
            "revenue": 125403
        },
        "2010-03": {
            "month": "2010-03",
            "price": "18.41",
            "revenue": 242465
        },
        "2010-04": {
            "month": "2010-04",
            "price": "19.91",
            "revenue": 243629
        },
        "2010-05": {
            "month": "2010-05",
            "price": "17.42",
            "revenue": 234058
        },
        "2010-06": {
            "month": "2010-06",
            "price": "14.42",
            "revenue": 246707
        },
        "2010-07": {
            "month": "2010-07",
            "price": "14.13",
            "revenue": 233598
        },
        "2010-08": {
            "month": "2010-08",
            "price": "13.52",
            "revenue": 242897
        },
        "2010-09": {
            "month": "2010-09",
            "price": "11.97",
            "revenue": 241166
        },
        "2010-10": {
            "month": "2010-10",
            "price": "11.50",
            "revenue": 172367
        },
        "2010-11": {
            "month": "2010-11",
            "price": "10.58",
            "revenue": 213941
        },
        "2010-12": {
            "month": "2010-12",
            "price": "10.94",
            "revenue": 243963
        },
        "2011-01": {
            "month": "2011-01",
            "price": "10.46",
            "revenue": 202559
        },
        "2011-02": {
            "month": "2011-02",
            "price": "10.35",
            "revenue": 144388
        },
        "2011-03": {
            "month": "2011-03",
            "price": "10.81",
            "revenue": 335206
        },
        "2011-04": {
            "month": "2011-04",
            "price": "10.88",
            "revenue": 249920
        },
        "2011-05": {
            "month": "2011-05",
            "price": "10.13",
            "revenue": 253705
        },
        "2011-06": {
            "month": "2011-06",
            "price": "10.48",
            "revenue": 188521
        },
        "2011-07": {
            "month": "2011-07",
            "price": "9.31",
            "revenue": 198169
        },
        "2011-08": {
            "month": "2011-08",
            "price": "7.87",
            "revenue": 231085
        },
        "2011-09": {
            "month": "2011-09",
            "price": "6.78",
            "revenue": 201244
        },
        "2011-10": {
            "month": "2011-10",
            "price": "6.93",
            "revenue": 151852
        },
        "2011-11": {
            "month": "2011-11",
            "price": "6.77",
            "revenue": 190252
        },
        "2011-12": {
            "month": "2011-12",
            "price": "5.99",
            "revenue": 150298
        },
        "2012-01": {
            "month": "2012-01",
            "price": "6.27",
            "revenue": 126468
        },
        "2012-02": {
            "month": "2012-02",
            "price": "7.30",
            "revenue": 176608
        },
        "2012-03": {
            "month": "2012-03",
            "price": "7.21",
            "revenue": 206372
        },
        "2012-04": {
            "month": "2012-04",
            "price": "6.60",
            "revenue": 203842
        },
        "2012-05": {
            "month": "2012-05",
            "price": "5.89",
            "revenue": 211142
        },
        "2012-06": {
            "month": "2012-06",
            "price": "6.25",
            "revenue": 157601
        },
        "2012-07": {
            "month": "2012-07",
            "price": "6.59",
            "revenue": 130494
        },
        "2012-08": {
            "month": "2012-08",
            "price": "6.45",
            "revenue": 149942
        },
        "2012-09": {
            "month": "2012-09",
            "price": "6.53",
            "revenue": 148818
        },
        "2012-10": {
            "month": "2012-10",
            "price": "6.41",
            "revenue": 131416
        },
        "2012-11": {
            "month": "2012-11",
            "price": "6.09",
            "revenue": 128738
        },
        "2012-12": {
            "month": "2012-12",
            "price": "5.91",
            "revenue": 124560
        },
        "2013-01": {
            "month": "2013-01",
            "price": "6.56",
            "revenue": 143163
        },
        "2013-02": {
            "month": "2013-02",
            "price": "7.14",
            "revenue": 87635
        },
        "2013-03": {
            "month": "2013-03",
            "price": "7.17",
            "revenue": 161613
        },
        "2013-04": {
            "month": "2013-04",
            "price": "7.41",
            "revenue": 155615
        },
        "2013-05": {
            "month": "2013-05",
            "price": "6.92",
            "revenue": 187786
        },
        "2013-06": {
            "month": "2013-06",
            "price": "6.84",
            "revenue": 197844
        },
        "2013-07": {
            "month": "2013-07",
            "price": "6.66",
            "revenue": 176571
        },
        "2013-08": {
            "month": "2013-08",
            "price": "6.30",
            "revenue": 180369
        },
        "2013-09": {
            "month": "2013-09",
            "price": "6.05",
            "revenue": 171264
        },
        "2013-10": {
            "month": "2013-10",
            "price": "6.10",
            "revenue": 189162
        },
        "2013-11": {
            "month": "2013-11",
            "price": "6.36",
            "revenue": 183950
        },
        "2013-12": {
            "month": "2013-12",
            "price": "6.32",
            "revenue": 184561
        },
        "2014-01": {
            "month": "2014-01",
            "price": "7.09",
            "revenue": 135267
        },
        "2014-02": {
            "month": "2014-02",
            "price": "7.41",
            "revenue": 126443
        },
        "2014-03": {
            "month": "2014-03",
            "price": "8.18",
            "revenue": 178940
        },
        "2014-04": {
            "month": "2014-04",
            "price": "7.96",
            "revenue": 187556
        },
        "2014-05": {
            "month": "2014-05",
            "price": "7.03",
            "revenue": 183948
        },
        "2014-06": {
            "month": "2014-06",
            "price": "7.09",
            "revenue": 191883
        },
        "2014-07": {
            "month": "2014-07",
            "price": "7.52",
            "revenue": 183063
        },
        "2014-08": {
            "month": "2014-08",
            "price": "7.18",
            "revenue": 168724
        },
        "2014-09": {
            "month": "2014-09",
            "price": "7.00",
            "revenue": 197366
        },
        "2014-10": {
            "month": "2014-10",
            "price": "6.65",
            "revenue": 172301
        },
        "2014-11": {
            "month": "2014-11",
            "price": "6.42",
            "revenue": 180727
        },
        "2014-12": {
            "month": "2014-12",
            "price": "6.72",
            "revenue": 206274
        },
        "2015-01": {
            "month": "2015-01",
            "price": "7.07",
            "revenue": 186469
        },
        "2015-02": {
            "month": "2015-02",
            "price": "7.16",
            "revenue": 80985
        },
        "2015-03": {
            "month": "2015-03",
            "price": "7.15",
            "revenue": 204041
        },
        "2015-04": {
            "month": "2015-04",
            "price": "7.08",
            "revenue": 187407
        },
        "2015-05": {
            "month": "2015-05",
            "price": "6.81",
            "revenue": 174764
        },
        "2015-06": {
            "month": "2015-06",
            "price": "6.65",
            "revenue": 169053
        },
        "2015-07": {
            "month": "2015-07",
            "price": "6.54",
            "revenue": 167240
        },
        "2015-08": {
            "month": "2015-08",
            "price": "5.97",
            "revenue": 167597
        },
        "2015-09": {
            "month": "2015-09",
            "price": "5.67",
            "revenue": 150522
        },
        "2015-10": {
            "month": "2015-10",
            "price": "5.74",
            "revenue": 142750
        },
        "2015-11": {
            "month": "2015-11",
            "price": "5.78",
            "revenue": 163831
        },
        "2015-12": {
            "month": "2015-12",
            "price": "5.42",
            "revenue": 163376
        },
        "2016-01": {
            "month": "2016-01",
            "price": "5.34",
            "revenue": 156880
        },
        "2016-02": {
            "month": "2016-02",
            "price": "5.37",
            "revenue": 72463
        },
        "2016-03": {
            "month": "2016-03",
            "price": "5.67",
            "revenue": 157825
        },
        "2016-04": {
            "month": "2016-04",
            "price": "5.70",
            "revenue": 125443
        },
        "2016-05": {
            "month": "2016-05",
            "price": "5.60",
            "revenue": 135613
        },
        "2016-06": {
            "month": "2016-06",
            "price": "5.85",
            "revenue": 132888
        },
        "2016-07": {
            "month": "2016-07",
            "price": "6.53",
            "revenue": 123270
        },
        "2016-08": {
            "month": "2016-08",
            "price": "6.44",
            "revenue": 152978
        },
        "2016-09": {
            "month": "2016-09",
            "price": "6.79",
            "revenue": 155246
        },
        "2016-10": {
            "month": "2016-10",
            "price": "6.64",
            "revenue": 142146
        },
        "2016-11": {
            "month": "2016-11",
            "price": "6.89",
            "revenue": 159483
        },
        "2016-12": {
            "month": "2016-12",
            "price": "8.55",
            "revenue": 165302
        },
        "2017-01": {
            "month": "2017-01",
            "price": "9.13",
            "revenue": 112936
        },
        "2017-02": {
            "month": "2017-02",
            "price": "8.63",
            "revenue": 119197
        },
        "2017-03": {
            "month": "2017-03",
            "price": "9.65",
            "revenue": 169589
        },
        "2017-04": {
            "month": "2017-04",
            "price": "9.13",
            "revenue": 128933
        },
        "2017-05": {
            "month": "2017-05",
            "price": "8.52",
            "revenue": 160055
        },
        "2017-06": {
            "month": "2017-06",
            "price": "8.80",
            "revenue": 133691
        },
        "2017-07": {
            "month": "2017-07",
            "price": "8.71",
            "revenue": 147942
        },
        "2017-08": {
            "month": "2017-08",
            "price": "8.00",
            "revenue": 134432
        },
        "2017-09": {
            "month": "2017-09",
            "price": "7.81",
            "revenue": 146178
        },
        "2017-10": {
            "month": "2017-10",
            "price": "7.83",
            "revenue": 118260
        },
        "2017-11": {
            "month": "2017-11",
            "price": "7.66",
            "revenue": 168855
        },
        "2017-12": {
            "month": "2017-12",
            "price": "7.86",
            "revenue": 157334
        },
        "2018-01": {
            "month": "2018-01",
            "price": "8.98",
            "revenue": 148309
        },
        "2018-02": {
            "month": "2018-02",
            "price": "9.02",
            "revenue": 58369
        },
        "2018-03": {
            "month": "2018-03",
            "price": "8.93",
            "revenue": 170378
        },
        "2018-04": {
            "month": "2018-04",
            "price": "9.11",
            "revenue": 141773
        },
        "2018-05": {
            "month": "2018-05",
            "price": "8.39",
            "revenue": 154384
        },
        "2018-06": {
            "month": "2018-06",
            "price": "8.26",
            "revenue": 134444
        },
        "2018-07": {
            "month": "2018-07",
            "price": "8.09",
            "revenue": 133685
        },
        "2018-08": {
            "month": "2018-08",
            "price": "8.35",
            "revenue": 156485
        },
        "2018-09": {
            "month": "2018-09",
            "price": "8.48",
            "revenue": 111328
        },
        "2018-10": {
            "month": "2018-10",
            "price": "8.04",
            "revenue": 110824
        },
        "2018-11": {
            "month": "2018-11",
            "price": "8.20",
            "revenue": 118766
        },
        "2018-12": {
            "month": "2018-12",
            "price": "8.05",
            "revenue": 99638
        },
        "2019-01": {
            "month": "2019-01",
            "price": "7.90",
            "revenue": 109943
        },
        "2019-02": {
            "month": "2019-02",
            "price": "7.98",
            "revenue": 49289
        },
        "2019-03": {
            "month": "2019-03",
            "price": "8.29",
            "revenue": 134872
        },
        "2019-04": {
            "month": "2019-04",
            "price": "11.46",
            "revenue": 119943
        },
        "2019-05": {
            "month": "2019-05",
            "price": "10.70",
            "revenue": 121516
        },
        "2019-06": {
            "month": "2019-06",
            "price": "10.45",
            "revenue": 100288
        },
        "2019-07": {
            "month": "2019-07",
            "price": "10.39",
            "revenue": 110117
        },
        "2019-08": {
            "month": "2019-08",
            "price": "8.04",
            "revenue": 102267
        },
        "2019-09": {
            "month": "2019-09",
            "price": "8.01",
            "revenue": 82501
        },
        "2019-10": {
            "month": "2019-10",
            "price": "7.80",
            "revenue": 100734
        },
        "2019-11": {
            "month": "2019-11",
            "price": "7.34",
            "revenue": 116089
        },
        "2019-12": {
            "month": "2019-12",
            "price": "7.04",
            "revenue": 90622
        },
        "2020-01": {
            "month": "2020-01",
            "price": "6.98",
            "revenue": 60946
        },
        "2020-02": {
            "month": "2020-02",
            "price": "6.07",
            "revenue": 38115
        },
        "2020-03": {
            "month": "2020-03",
            "price": "4.62",
            "revenue": 99453
        },
        "2020-04": {
            "month": "2020-04",
            "price": "4.71",
            "revenue": 116689
        },
        "2020-05": {
            "month": "2020-05",
            "price": "5.23",
            "revenue": 90453
        },
        "2020-06": {
            "month": "2020-06",
            "price": "5.59",
            "revenue": 79896
        },
        "2020-07": {
            "month": "2020-07",
            "price": "5.88",
            "revenue": 89743
        },
        "2020-08": {
            "month": "2020-08",
            "price": "5.78",
            "revenue": 88353
        },
        "2020-09": {
            "month": "2020-09",
            "price": "6.55",
            "revenue": 95571
        },
        "2020-10": {
            "month": "2020-10",
            "price": "6.59",
            "revenue": 87999
        },
        "2020-11": {
            "month": "2020-11",
            "price": "6.35",
            "revenue": 109545
        },
        "2020-12": {
            "month": "2020-12",
            "price": "6.95",
            "revenue": 98822
        },
        "2021-01": {
            "month": "2021-01",
            "price": "6.80",
            "revenue": 84638
        },
        "2021-02": {
            "month": "2021-02",
            "price": "6.55",
            "revenue": 41635
        },
        "2021-03": {
            "month": "2021-03",
            "price": "7.62",
            "revenue": 126044
        },
        "2021-04": {
            "month": "2021-04",
            "price": "9.35",
            "revenue": 101602
        },
        "2021-05": {
            "month": "2021-05",
            "price": "7.91",
            "revenue": 105807
        },
        "2021-06": {
            "month": "2021-06",
            "price": "7.87",
            "revenue": 107856
        },
        "2021-07": {
            "month": "2021-07",
            "price": "8.30",
            "revenue": 94419
        },
        "2021-08": {
            "month": "2021-08",
            "price": "7.96",
            "revenue": 97704
        },
        "2021-09": {
            "month": "2021-09",
            "price": "8.03",
            "revenue": 116261
        },
        "2021-10": {
            "month": "2021-10",
            "price": "7.83",
            "revenue": 93820
        },
        "2021-11": {
            "month": "2021-11",
            "price": "8.38",
            "revenue": 110507
        },
        "2021-12": {
            "month": "2021-12",
            "price": "9.66",
            "revenue": 96344
        },
        "2022-01": {
            "month": "2022-01",
            "price": "9.45",
            "revenue": 73069
        },
        "2022-02": {
            "month": "2022-02",
            "price": "8.89",
            "revenue": 58051
        },
        "2022-03": {
            "month": "2022-03",
            "price": "8.45",
            "revenue": 88807
        },
        "2022-04": {
            "month": "2022-04",
            "price": "8.52",
            "revenue": 107014
        },
        "2022-05": {
            "month": "2022-05",
            "price": "7.92",
            "revenue": 107405
        },
        "2022-06": {
            "month": "2022-06",
            "price": "8.59",
            "revenue": 92483
        },
        "2022-07": {
            "month": "2022-07",
            "price": "8.56",
            "revenue": 101900
        },
        "2022-08": {
            "month": "2022-08",
            "price": "9.63",
            "revenue": 100798
        },
        "2022-09": {
            "month": "2022-09",
            "price": "10.86",
            "revenue": 124610
        },
        "2022-10": {
            "month": "2022-10",
            "price": "10.72",
            "revenue": 105522
        },
        "2022-11": {
            "month": "2022-11",
            "price": "10.64",
            "revenue": 130833
        },
        "2022-12": {
            "month": "2022-12",
            "price": "9.87",
            "revenue": 114023
        },
        "2023-01": {
            "month": "2023-01",
            "price": "9.87",
            "revenue": 56789
        },
        "2023-02": {
            "month": "2023-02",
            "price": "9.91",
            "revenue": 89312
        },
        "2023-03": {
            "month": "2023-03",
            "price": "10.45",
            "revenue": 158670
        },
        "2023-04": {
            "month": "2023-04",
            "price": "12.70",
            "revenue": 115123
        }
    }
}
