{
    "summary": {
        "stock_name": "彩富",
        "stock_id": "5489",
        "category": "其他電子",
        "main_business": "電腦及週邊設備軟硬體,電腦自動化測試系統之設計買賣修護進出口<br>電腦顯示器,高解析度電視,電子測試儀器之設計裝配買賣修護進出口<br>電子零組件,照明設備,光學儀器,電信管制射頻製造業;電子材料零售",
        "website_url": "http://www.dynacolor.com.tw",
        "ceo": "張建湘",
        "pe_ratio": 17,
        "report_year_from": 2001,
        "report_year_to": 2023,
        "age": 22,
        "eps_negative_percentage": 4,
        "eps_growth_avg": {
            "last_all": 17.41,
            "last_2y": 0,
            "last_4y": 8.15,
            "last_8y": -7.52,
            "last_12y": 5.6,
            "last_16y": 10.6,
            "last_20y": 17.41,
            "at_2006_last_3y": 49.99,
            "at_2007_last_3y": 33.48,
            "at_2008_last_3y": 11.29,
            "at_2009_last_3y": 25.59,
            "at_2010_last_3y": 1.37,
            "at_2011_last_3y": -14.98,
            "at_2012_last_3y": 21.49,
            "at_2013_last_3y": 31.85,
            "at_2014_last_3y": 31.24,
            "at_2015_last_3y": 32.08,
            "at_2016_last_3y": -4.79,
            "at_2017_last_3y": -23.18,
            "at_2018_last_3y": -6.46,
            "at_2019_last_3y": -8.19,
            "at_2020_last_3y": -21.32,
            "at_2021_last_3y": -22.47,
            "at_2022_last_3y": -11.67,
            "at_2023_last_3y": -11.67,
            "at_2006_last_all": 55.7,
            "at_2007_last_all": 52.08,
            "at_2008_last_all": 38.09,
            "at_2009_last_all": 35.11,
            "at_2010_last_all": 31.56,
            "at_2011_last_all": 25.26,
            "at_2012_last_all": 32.05,
            "at_2013_last_all": 34.02,
            "at_2014_last_all": 31.46,
            "at_2015_last_all": 27.21,
            "at_2016_last_all": 22.23,
            "at_2017_last_all": 19.72,
            "at_2018_last_all": 22.54,
            "at_2019_last_all": 19.34,
            "at_2020_last_all": 13.06,
            "at_2021_last_all": 13.06,
            "at_2022_last_all": 17.41,
            "at_2023_last_all": 17.41
        },
        "latest_eps": 2.29,
        "latest_price": 40,
        "latest_roe": 10.13,
        "latest_gross_margin": 36.6,
        "latest_equity": 2354716,
        "latest_revenue": 366906,
        "latest_gross_profit": 134287,
        "latest_net_income": 31812,
        "latest_debt_ratio": 18.92,
        "latest_current_ratio": 422.78,
        "latest_account_receivable_turnover_ratio": 0.78,
        "latest_inventory_turnover_ratio": 0.31,
        "latest_reinvestment_rate": -3.54,
        "latest_research_to_sale_ratio": 13.86
    },
    "eps_dividends": {
        "1999": {
            "cash": 2,
            "stock": 2,
            "eps": 0
        },
        "2000": {
            "cash": 1.6,
            "stock": 1.6,
            "eps": 0
        },
        "2001": {
            "cash": 0,
            "stock": 1,
            "eps": 0.14
        },
        "2002": {
            "cash": 0,
            "stock": 0,
            "eps": 0.25
        },
        "2003": {
            "cash": 0,
            "stock": 0.5,
            "eps": 1.68
        },
        "2004": {
            "cash": 0,
            "stock": 1.19,
            "eps": 2.4
        },
        "2005": {
            "cash": 0.5,
            "stock": 0.99,
            "eps": 1.37
        },
        "2006": {
            "cash": 0.61,
            "stock": 0.2,
            "eps": 3.09
        },
        "2007": {
            "cash": 1.99,
            "stock": 0.5,
            "eps": 4.14
        },
        "2008": {
            "cash": 2.5,
            "stock": 0.71,
            "eps": 2.24
        },
        "2009": {
            "cash": 0.98,
            "stock": 0.49,
            "eps": 2.56
        },
        "2010": {
            "cash": 1.5,
            "stock": 0.5,
            "eps": 2.64
        },
        "2011": {
            "cash": 2.3,
            "stock": 0,
            "eps": 1.81
        },
        "2012": {
            "cash": 1.2,
            "stock": 0,
            "eps": 3.68
        },
        "2013": {
            "cash": 3,
            "stock": 0,
            "eps": 5.73
        },
        "2014": {
            "cash": 4,
            "stock": 0,
            "eps": 5.77
        },
        "2015": {
            "cash": 4,
            "stock": 0,
            "eps": 4.15
        },
        "2016": {
            "cash": 3.5,
            "stock": 0,
            "eps": 2.18
        },
        "2017": {
            "cash": 1.8,
            "stock": 0,
            "eps": 1.79
        },
        "2018": {
            "cash": 1.5,
            "stock": 0,
            "eps": 3
        },
        "2019": {
            "cash": 2,
            "stock": 0,
            "eps": 1.95
        },
        "2020": {
            "cash": 1.5,
            "stock": 0,
            "eps": -0.29
        },
        "2021": {
            "cash": 1,
            "stock": 0,
            "eps": 1.24
        },
        "2022": {
            "cash": 1,
            "stock": 0,
            "eps": 2.9
        },
        "2023": {
            "cash": 1.5,
            "stock": 0,
            "eps": 0.31
        }
    },
    "dividends": {
        "1999-06-16": {
            "cash": 2,
            "stock": 2
        },
        "2000-04-17": {
            "cash": 1.6,
            "stock": 1.6
        },
        "2001-05-29": {
            "cash": 0,
            "stock": 1
        },
        "2003-06-17": {
            "cash": 0,
            "stock": 0.5
        },
        "2004-02-25": {
            "cash": 0,
            "stock": 1.19
        },
        "2005-03-16": {
            "cash": 0.5,
            "stock": 0.99
        },
        "2006-03-24": {
            "cash": 0.61,
            "stock": 0.2
        },
        "2007-03-15": {
            "cash": 1.99,
            "stock": 0.5
        },
        "2008-03-25": {
            "cash": 2.5,
            "stock": 0.71
        },
        "2009-04-21": {
            "cash": 0.98,
            "stock": 0.49
        },
        "2010-02-24": {
            "cash": 1.5,
            "stock": 0.5
        },
        "2011-02-23": {
            "cash": 2.3,
            "stock": 0
        },
        "2012-06-06": {
            "cash": 1.2,
            "stock": 0
        },
        "2013-06-10": {
            "cash": 3,
            "stock": 0
        },
        "2014-09-10": {
            "cash": 4,
            "stock": 0
        },
        "2015-09-10": {
            "cash": 4,
            "stock": 0
        },
        "2016-09-10": {
            "cash": 3.5,
            "stock": 0
        },
        "2017-09-11": {
            "cash": 1.8,
            "stock": 0
        },
        "2018-09-10": {
            "cash": 1.5,
            "stock": 0
        },
        "2019-09-10": {
            "cash": 2,
            "stock": 0
        },
        "2020-09-10": {
            "cash": 1.5,
            "stock": 0
        },
        "2021-09-13": {
            "cash": 1,
            "stock": 0
        },
        "2022-09-16": {
            "cash": 1,
            "stock": 0
        },
        "2023-03-13": {
            "cash": 1.5,
            "stock": 0
        }
    },
    "prices": {
        "200101": "無",
        "200102": "無",
        "200103": "24.59",
        "200104": "22.98",
        "200105": "19.10",
        "200106": "17.60",
        "200107": "15.16",
        "200108": "12.88",
        "200109": "12.42",
        "200110": "11.66",
        "200111": "12.16",
        "200112": "15.15",
        "200201": "22.91",
        "200202": "22.01",
        "200203": "22.17",
        "200204": "22.15",
        "200205": "21.47",
        "200206": "21.04",
        "200207": "19.15",
        "200208": "14.38",
        "200209": "13.32",
        "200210": "11.49",
        "200211": "11.11",
        "200212": "11.98",
        "200301": "12.05",
        "200302": "11.96",
        "200303": "12.33",
        "200304": "12.82",
        "200305": "12.56",
        "200306": "13.69",
        "200307": "17.87",
        "200308": "15.53",
        "200309": "15.15",
        "200310": "15.32",
        "200311": "15.24",
        "200312": "15.60",
        "200401": "15.46",
        "200402": "18.86",
        "200403": "21.01",
        "200404": "24.02",
        "200405": "21.94",
        "200406": "20.93",
        "200407": "19.36",
        "200408": "18.66",
        "200409": "22.19",
        "200410": "20.90",
        "200411": "21.14",
        "200412": "21.29",
        "200501": "20.56",
        "200502": "21.51",
        "200503": "22.55",
        "200504": "21.40",
        "200505": "19.02",
        "200506": "19.09",
        "200507": "21.26",
        "200508": "20.69",
        "200509": "18.54",
        "200510": "18.55",
        "200511": "17.65",
        "200512": "18.18",
        "200601": "18.31",
        "200602": "18.22",
        "200603": "18.09",
        "200604": "18.71",
        "200605": "23.85",
        "200606": "23.70",
        "200607": "23.94",
        "200608": "24.36",
        "200609": "23.36",
        "200610": "23.92",
        "200611": "24.71",
        "200612": "29.27",
        "200701": "30.13",
        "200702": "30.93",
        "200703": "32.94",
        "200704": "36.61",
        "200705": "38.82",
        "200706": "54.72",
        "200707": "70.77",
        "200708": "62.74",
        "200709": "66.69",
        "200710": "59.48",
        "200711": "51.70",
        "200712": "54.40",
        "200801": "47.15",
        "200802": "41.90",
        "200803": "44.96",
        "200804": "50.12",
        "200805": "51.45",
        "200806": "47.27",
        "200807": "39.46",
        "200808": "33.80",
        "200809": "28.09",
        "200810": "21.64",
        "200811": "17.40",
        "200812": "18.65",
        "200901": "19.17",
        "200902": "19.56",
        "200903": "20.74",
        "200904": "23.60",
        "200905": "26.16",
        "200906": "27.97",
        "200907": "30.73",
        "200908": "31.65",
        "200909": "34.05",
        "200910": "33.86",
        "200911": "32.65",
        "200912": "34.90",
        "201001": "37.68",
        "201002": "35.49",
        "201003": "37.60",
        "201004": "41.65",
        "201005": "38.28",
        "201006": "38.39",
        "201007": "38.43",
        "201008": "36.55",
        "201009": "36.55",
        "201010": "36.80",
        "201011": "32.92",
        "201012": "33.49",
        "201101": "33.63",
        "201102": "31.37",
        "201103": "32.13",
        "201104": "31.52",
        "201105": "30.45",
        "201106": "28.96",
        "201107": "28.79",
        "201108": "27.08",
        "201109": "24.34",
        "201110": "24.34",
        "201111": "23.85",
        "201112": "25.38",
        "201201": "27.71",
        "201202": "31.32",
        "201203": "35.99",
        "201204": "34.01",
        "201205": "32.57",
        "201206": "31.84",
        "201207": "32.89",
        "201208": "35.84",
        "201209": "40.42",
        "201210": "40.82",
        "201211": "41.37",
        "201212": "40.15",
        "201301": "40.73",
        "201302": "42.97",
        "201303": "43.60",
        "201304": "45.54",
        "201305": "45.87",
        "201306": "47.81",
        "201307": "55.33",
        "201308": "62.86",
        "201309": "61.44",
        "201310": "61.02",
        "201311": "66.64",
        "201312": "79.48",
        "201401": "75.03",
        "201402": "76.76",
        "201403": "83.88",
        "201404": "79.92",
        "201405": "78.94",
        "201406": "77.40",
        "201407": "74.81",
        "201408": "67.95",
        "201409": "64.27",
        "201410": "60.80",
        "201411": "65.50",
        "201412": "70.40",
        "201501": "70.56",
        "201502": "69.62",
        "201503": "68.26",
        "201504": "60.10",
        "201505": "55.02",
        "201506": "50.38",
        "201507": "49.03",
        "201508": "47.49",
        "201509": "51.40",
        "201510": "52.47",
        "201511": "51.73",
        "201512": "52.67",
        "201601": "51.30",
        "201602": "51.91",
        "201603": "53.03",
        "201604": "51.41",
        "201605": "49.02",
        "201606": "46.26",
        "201607": "43.04",
        "201608": "44.13",
        "201609": "42.04",
        "201610": "42.00",
        "201611": "41.98",
        "201612": "45.46",
        "201701": "41.02",
        "201702": "38.04",
        "201703": "37.19",
        "201704": "36.84",
        "201705": "35.30",
        "201706": "34.50",
        "201707": "35.57",
        "201708": "34.94",
        "201709": "34.76",
        "201710": "36.30",
        "201711": "38.48",
        "201712": "38.27",
        "201801": "37.76",
        "201802": "37.55",
        "201803": "37.62",
        "201804": "37.17",
        "201805": "37.14",
        "201806": "37.24",
        "201807": "37.26",
        "201808": "37.51",
        "201809": "37.76",
        "201810": "36.31",
        "201811": "37.08",
        "201812": "37.63",
        "201901": "40.75",
        "201902": "42.79",
        "201903": "41.66",
        "201904": "39.47",
        "201905": "39.61",
        "201906": "39.79",
        "201907": "38.03",
        "201908": "33.96",
        "201909": "32.98",
        "201910": "33.64",
        "201911": "33.07",
        "201912": "32.82",
        "202001": "32.75",
        "202002": "32.27",
        "202003": "30.83",
        "202004": "31.86",
        "202005": "32.38",
        "202006": "32.22",
        "202007": "31.01",
        "202008": "29.61",
        "202009": "29.35",
        "202010": "29.21",
        "202011": "29.08",
        "202012": "29.18",
        "202101": "29.43",
        "202102": "29.19",
        "202103": "32.22",
        "202104": "33.58",
        "202105": "30.55",
        "202106": "32.90",
        "202107": "33.26",
        "202108": "33.63",
        "202109": "33.66",
        "202110": "34.35",
        "202111": "35.75",
        "202112": "35.90",
        "202201": "35.10",
        "202202": "35.00",
        "202203": "34.44",
        "202204": "34.35",
        "202205": "34.90",
        "202206": "34.53",
        "202207": "34.47",
        "202208": "35.73",
        "202209": "35.78",
        "202210": "34.66",
        "202211": "37.74",
        "202212": "37.62",
        "202301": "36.14",
        "202302": "36.23",
        "202303": "37.44",
        "202304": "38.94",
        "202305": "40.27",
        "202306": "39.56"
    },
    "quarters": {
        "20011": {
            "year_quarter": 20011,
            "year": 2001,
            "quarter": 1,
            "eps": 0.11,
            "eps_growth_year": -87.64,
            "eps_4q": 0.85,
            "eps_4q_growth_year": null,
            "roe": 0.9,
            "roe_4q": 0.9,
            "gross_profit": 33646,
            "gross_margin": 44.21,
            "gross_margin_4q_avg": 44.21,
            "net_income": 5883,
            "revenue": 76097,
            "common_shares": 519600,
            "book_valuer_per_share": 12.69,
            "book_valuer_per_share_4q_avg": 12.69,
            "equity": 659584,
            "current_ratio": 125.8,
            "debt_ratio": 39.01,
            "inventory_turnover_ratio": 0.45,
            "account_receivable_turnover_ratio": null,
            "reinvestment_rate": null,
            "research_to_sale_ratio": null,
            "price_fair": 0,
            "eps_avg_yearly": 0,
            "eps_latest_yearly": 0,
            "eps_growth_yearly": 0
        },
        "20012": {
            "year_quarter": 20012,
            "year": 2001,
            "quarter": 2,
            "eps": 0,
            "eps_growth_year": -100,
            "eps_4q": 0.2,
            "eps_4q_growth_year": null,
            "roe": 0.03,
            "roe_4q": 0.93,
            "gross_profit": 31184,
            "gross_margin": 38.94,
            "gross_margin_4q_avg": 41.58,
            "net_income": 209,
            "revenue": 80080,
            "common_shares": 519600,
            "book_valuer_per_share": 12.7,
            "book_valuer_per_share_4q_avg": 12.7,
            "equity": 659793,
            "current_ratio": 131.74,
            "debt_ratio": 36.23,
            "inventory_turnover_ratio": 0.55,
            "account_receivable_turnover_ratio": null,
            "reinvestment_rate": null,
            "research_to_sale_ratio": null,
            "price_fair": 0,
            "eps_avg_yearly": 0,
            "eps_latest_yearly": 0,
            "eps_growth_yearly": 0
        },
        "20013": {
            "year_quarter": 20013,
            "year": 2001,
            "quarter": 3,
            "eps": -0.1,
            "eps_growth_year": null,
            "eps_4q": 0.11,
            "eps_4q_growth_year": null,
            "roe": -0.84,
            "roe_4q": 0.09000000000000008,
            "gross_profit": 33617,
            "gross_margin": 40.17,
            "gross_margin_4q_avg": 41.11,
            "net_income": -5523,
            "revenue": 83696,
            "common_shares": 577240,
            "book_valuer_per_share": 11.33,
            "book_valuer_per_share_4q_avg": 12.24,
            "equity": 654270,
            "current_ratio": 136.33,
            "debt_ratio": 35.85,
            "inventory_turnover_ratio": 0.67,
            "account_receivable_turnover_ratio": null,
            "reinvestment_rate": null,
            "research_to_sale_ratio": null,
            "price_fair": 0,
            "eps_avg_yearly": 0,
            "eps_latest_yearly": 0,
            "eps_growth_yearly": 0
        },
        "20014": {
            "year_quarter": 20014,
            "year": 2001,
            "quarter": 4,
            "eps": 0.13,
            "eps_growth_year": 8.33,
            "eps_4q": 0.14,
            "eps_4q_growth_year": -91.12,
            "roe": 1.18,
            "roe_4q": 1.27,
            "gross_profit": 28183,
            "gross_margin": 36.6,
            "gross_margin_4q_avg": 39.98,
            "net_income": 7769,
            "revenue": 77012,
            "common_shares": 577240,
            "book_valuer_per_share": 11.47,
            "book_valuer_per_share_4q_avg": 12.05,
            "equity": 662039,
            "current_ratio": 122.94,
            "debt_ratio": 34.33,
            "inventory_turnover_ratio": 0.69,
            "account_receivable_turnover_ratio": null,
            "reinvestment_rate": null,
            "research_to_sale_ratio": null,
            "price_fair": 0,
            "eps_avg_yearly": 0,
            "eps_latest_yearly": 0,
            "eps_growth_yearly": 0
        },
        "20021": {
            "year_quarter": 20021,
            "year": 2002,
            "quarter": 1,
            "eps": 0.02,
            "eps_growth_year": -81.82,
            "eps_4q": 0.07,
            "eps_4q_growth_year": -91.91,
            "roe": 0.15,
            "roe_4q": 0.5199999999999999,
            "gross_profit": 26425,
            "gross_margin": 39.49,
            "gross_margin_4q_avg": 38.8,
            "net_income": 1006,
            "revenue": 66919,
            "common_shares": 577240,
            "book_valuer_per_share": 11.49,
            "book_valuer_per_share_4q_avg": 11.75,
            "equity": 663045,
            "current_ratio": 127.84,
            "debt_ratio": 32.65,
            "inventory_turnover_ratio": 0.6,
            "account_receivable_turnover_ratio": null,
            "reinvestment_rate": null,
            "research_to_sale_ratio": null,
            "price_fair": 0.24,
            "eps_avg_yearly": 0.08,
            "eps_latest_yearly": 0.08,
            "eps_growth_yearly": -338.46
        },
        "20022": {
            "year_quarter": 20022,
            "year": 2002,
            "quarter": 2,
            "eps": 0.06,
            "eps_growth_year": null,
            "eps_4q": 0.12,
            "eps_4q_growth_year": -42.33,
            "roe": 0.52,
            "roe_4q": 1.0100000000000002,
            "gross_profit": 36477,
            "gross_margin": 41.89,
            "gross_margin_4q_avg": 39.54,
            "net_income": 3462,
            "revenue": 87071,
            "common_shares": 577240,
            "book_valuer_per_share": 11.55,
            "book_valuer_per_share_4q_avg": 11.46,
            "equity": 666507,
            "current_ratio": 134.31,
            "debt_ratio": 31.43,
            "inventory_turnover_ratio": 0.77,
            "account_receivable_turnover_ratio": null,
            "reinvestment_rate": null,
            "research_to_sale_ratio": null,
            "price_fair": 5.6,
            "eps_avg_yearly": 0.16,
            "eps_latest_yearly": 0.24,
            "eps_growth_yearly": 230.77
        },
        "20023": {
            "year_quarter": 20023,
            "year": 2002,
            "quarter": 3,
            "eps": -0.05,
            "eps_growth_year": null,
            "eps_4q": 0.16,
            "eps_4q_growth_year": 40.81,
            "roe": -0.44,
            "roe_4q": 1.41,
            "gross_profit": 23995,
            "gross_margin": 35.58,
            "gross_margin_4q_avg": 38.39,
            "net_income": -2949,
            "revenue": 67436,
            "common_shares": 577240,
            "book_valuer_per_share": 11.47,
            "book_valuer_per_share_4q_avg": 11.5,
            "equity": 662058,
            "current_ratio": 120.89,
            "debt_ratio": 32.3,
            "inventory_turnover_ratio": 0.65,
            "account_receivable_turnover_ratio": null,
            "reinvestment_rate": null,
            "research_to_sale_ratio": null,
            "price_fair": 5.6,
            "eps_avg_yearly": 0.16,
            "eps_latest_yearly": 0.24,
            "eps_growth_yearly": 230.77
        },
        "20024": {
            "year_quarter": 20024,
            "year": 2002,
            "quarter": 4,
            "eps": 0.22,
            "eps_growth_year": 69.23,
            "eps_4q": 0.25,
            "eps_4q_growth_year": 76.86,
            "roe": 1.87,
            "roe_4q": 2.1,
            "gross_profit": 19177,
            "gross_margin": 35.83,
            "gross_margin_4q_avg": 38.2,
            "net_income": 12490,
            "revenue": 53516,
            "common_shares": 577240,
            "book_valuer_per_share": 11.69,
            "book_valuer_per_share_4q_avg": 11.55,
            "equity": 674548,
            "current_ratio": 107.1,
            "debt_ratio": 30.65,
            "inventory_turnover_ratio": 0.51,
            "account_receivable_turnover_ratio": null,
            "reinvestment_rate": null,
            "research_to_sale_ratio": null,
            "price_fair": 5.6,
            "eps_avg_yearly": 0.16,
            "eps_latest_yearly": 0.24,
            "eps_growth_yearly": 230.77
        },
        "20031": {
            "year_quarter": 20031,
            "year": 2003,
            "quarter": 1,
            "eps": 0.05,
            "eps_growth_year": 150,
            "eps_4q": 0.27,
            "eps_4q_growth_year": 294.39,
            "roe": 0.43,
            "roe_4q": 2.3800000000000003,
            "gross_profit": 22774,
            "gross_margin": 33.76,
            "gross_margin_4q_avg": 36.77,
            "net_income": 2937,
            "revenue": 67453,
            "common_shares": 577240,
            "book_valuer_per_share": 11.74,
            "book_valuer_per_share_4q_avg": 11.61,
            "equity": 677485,
            "current_ratio": 105.82,
            "debt_ratio": 31.12,
            "inventory_turnover_ratio": 0.69,
            "account_receivable_turnover_ratio": null,
            "reinvestment_rate": null,
            "research_to_sale_ratio": null,
            "price_fair": 6.07,
            "eps_avg_yearly": 0.17,
            "eps_latest_yearly": 0.2,
            "eps_growth_yearly": 50.82
        },
        "20032": {
            "year_quarter": 20032,
            "year": 2003,
            "quarter": 2,
            "eps": 0.02,
            "eps_growth_year": -66.67,
            "eps_4q": 0.24,
            "eps_4q_growth_year": 107.15,
            "roe": 0.17,
            "roe_4q": 2.0300000000000002,
            "gross_profit": 26468,
            "gross_margin": 35.77,
            "gross_margin_4q_avg": 35.24,
            "net_income": 1129,
            "revenue": 74002,
            "common_shares": 577240,
            "book_valuer_per_share": 11.73,
            "book_valuer_per_share_4q_avg": 11.66,
            "equity": 677028,
            "current_ratio": 102.23,
            "debt_ratio": 31.74,
            "inventory_turnover_ratio": 0.71,
            "account_receivable_turnover_ratio": null,
            "reinvestment_rate": null,
            "research_to_sale_ratio": null,
            "price_fair": 0.45,
            "eps_avg_yearly": 0.15,
            "eps_latest_yearly": 0.08,
            "eps_growth_yearly": -21.89
        },
        "20033": {
            "year_quarter": 20033,
            "year": 2003,
            "quarter": 3,
            "eps": 0.14,
            "eps_growth_year": null,
            "eps_4q": 0.42,
            "eps_4q_growth_year": 163,
            "roe": 1.2,
            "roe_4q": 3.67,
            "gross_profit": 27539,
            "gross_margin": 35.42,
            "gross_margin_4q_avg": 35.2,
            "net_income": 8185,
            "revenue": 77752,
            "common_shares": 606102,
            "book_valuer_per_share": 11.31,
            "book_valuer_per_share_4q_avg": 11.62,
            "equity": 685697,
            "current_ratio": 96.81,
            "debt_ratio": 32.68,
            "inventory_turnover_ratio": 0.68,
            "account_receivable_turnover_ratio": null,
            "reinvestment_rate": null,
            "research_to_sale_ratio": null,
            "price_fair": 8.12,
            "eps_avg_yearly": 0.23,
            "eps_latest_yearly": 0.56,
            "eps_growth_yearly": 462.49
        },
        "20034": {
            "year_quarter": 20034,
            "year": 2003,
            "quarter": 4,
            "eps": 1.47,
            "eps_growth_year": 568.18,
            "eps_4q": 1.67,
            "eps_4q_growth_year": 577.63,
            "roe": 12.21,
            "roe_4q": 14.01,
            "gross_profit": 40440,
            "gross_margin": 36.96,
            "gross_margin_4q_avg": 35.48,
            "net_income": 89116,
            "revenue": 109421,
            "common_shares": 607102,
            "book_valuer_per_share": 12.75,
            "book_valuer_per_share_4q_avg": 11.88,
            "equity": 774088,
            "current_ratio": 186.09,
            "debt_ratio": 28.42,
            "inventory_turnover_ratio": 0.98,
            "account_receivable_turnover_ratio": null,
            "reinvestment_rate": 159.61,
            "research_to_sale_ratio": null,
            "price_fair": 41.07,
            "eps_avg_yearly": 1.17,
            "eps_latest_yearly": 5.88,
            "eps_growth_yearly": 1018.74
        },
        "20041": {
            "year_quarter": 20041,
            "year": 2004,
            "quarter": 1,
            "eps": 0.49,
            "eps_growth_year": 880,
            "eps_4q": 2.1,
            "eps_4q_growth_year": 672.32,
            "roe": 3.81,
            "roe_4q": 17.39,
            "gross_profit": 55610,
            "gross_margin": 39.68,
            "gross_margin_4q_avg": 36.96,
            "net_income": 30035,
            "revenue": 140154,
            "common_shares": 608742,
            "book_valuer_per_share": 13.2,
            "book_valuer_per_share_4q_avg": 12.25,
            "equity": 803277,
            "current_ratio": 126.97,
            "debt_ratio": 24.06,
            "inventory_turnover_ratio": 1.09,
            "account_receivable_turnover_ratio": null,
            "reinvestment_rate": 155.42,
            "research_to_sale_ratio": null,
            "price_fair": 45,
            "eps_avg_yearly": 1.29,
            "eps_latest_yearly": 1.96,
            "eps_growth_yearly": 835.11
        },
        "20042": {
            "year_quarter": 20042,
            "year": 2004,
            "quarter": 2,
            "eps": 0.57,
            "eps_growth_year": 2750,
            "eps_4q": 2.67,
            "eps_4q_growth_year": 1007.72,
            "roe": 4.2,
            "roe_4q": 21.419999999999998,
            "gross_profit": 70198,
            "gross_margin": 38.92,
            "gross_margin_4q_avg": 37.75,
            "net_income": 34561,
            "revenue": 180370,
            "common_shares": 611292,
            "book_valuer_per_share": 13.77,
            "book_valuer_per_share_4q_avg": 12.76,
            "equity": 841869,
            "current_ratio": 143.21,
            "debt_ratio": 21.05,
            "inventory_turnover_ratio": 0.93,
            "account_receivable_turnover_ratio": null,
            "reinvestment_rate": 46.81,
            "research_to_sale_ratio": null,
            "price_fair": 49.35,
            "eps_avg_yearly": 1.41,
            "eps_latest_yearly": 2.28,
            "eps_growth_yearly": 738.89
        },
        "20043": {
            "year_quarter": 20043,
            "year": 2004,
            "quarter": 3,
            "eps": 1.07,
            "eps_growth_year": 664.29,
            "eps_4q": 3.3,
            "eps_4q_growth_year": 678.96,
            "roe": 8.4,
            "roe_4q": 28.62,
            "gross_profit": 63811,
            "gross_margin": 37.69,
            "gross_margin_4q_avg": 38.31,
            "net_income": 73873,
            "revenue": 169307,
            "common_shares": 692024,
            "book_valuer_per_share": 13.24,
            "book_valuer_per_share_4q_avg": 13.24,
            "equity": 916505,
            "current_ratio": 206.94,
            "debt_ratio": 13.74,
            "inventory_turnover_ratio": 0.85,
            "account_receivable_turnover_ratio": null,
            "reinvestment_rate": 7.49,
            "research_to_sale_ratio": null,
            "price_fair": 60.51,
            "eps_avg_yearly": 1.73,
            "eps_latest_yearly": 4.28,
            "eps_growth_yearly": 695.77
        },
        "20044": {
            "year_quarter": 20044,
            "year": 2004,
            "quarter": 4,
            "eps": 0.27,
            "eps_growth_year": -81.63,
            "eps_4q": 2.27,
            "eps_4q_growth_year": 35.69,
            "roe": 2.02,
            "roe_4q": 18.43,
            "gross_profit": 70404,
            "gross_margin": 36.87,
            "gross_margin_4q_avg": 38.29,
            "net_income": 18704,
            "revenue": 190943,
            "common_shares": 693834,
            "book_valuer_per_share": 13.47,
            "book_valuer_per_share_4q_avg": 13.42,
            "equity": 934555,
            "current_ratio": 245.65,
            "debt_ratio": 11.87,
            "inventory_turnover_ratio": 1.31,
            "account_receivable_turnover_ratio": null,
            "reinvestment_rate": -15.74,
            "research_to_sale_ratio": null,
            "price_fair": 58.24,
            "eps_avg_yearly": 1.66,
            "eps_latest_yearly": 1.08,
            "eps_growth_yearly": 596.29
        },
        "20051": {
            "year_quarter": 20051,
            "year": 2005,
            "quarter": 1,
            "eps": 0.17,
            "eps_growth_year": -65.31,
            "eps_4q": 1.98,
            "eps_4q_growth_year": -5.71,
            "roe": 1.27,
            "roe_4q": 15.89,
            "gross_profit": 54261,
            "gross_margin": 33.77,
            "gross_margin_4q_avg": 36.81,
            "net_income": 11966,
            "revenue": 160684,
            "common_shares": 695804,
            "book_valuer_per_share": 13.63,
            "book_valuer_per_share_4q_avg": 13.53,
            "equity": 948313,
            "current_ratio": 252.81,
            "debt_ratio": 11.7,
            "inventory_turnover_ratio": 1.35,
            "account_receivable_turnover_ratio": null,
            "reinvestment_rate": -16.44,
            "research_to_sale_ratio": null,
            "price_fair": 55.11,
            "eps_avg_yearly": 1.57,
            "eps_latest_yearly": 0.68,
            "eps_growth_yearly": 528.61
        },
        "20052": {
            "year_quarter": 20052,
            "year": 2005,
            "quarter": 2,
            "eps": 0.35,
            "eps_growth_year": -38.6,
            "eps_4q": 1.87,
            "eps_4q_growth_year": -30.08,
            "roe": 2.55,
            "roe_4q": 14.24,
            "gross_profit": 67290,
            "gross_margin": 36.22,
            "gross_margin_4q_avg": 36.14,
            "net_income": 24123,
            "revenue": 185757,
            "common_shares": 698684,
            "book_valuer_per_share": 13.46,
            "book_valuer_per_share_4q_avg": 13.45,
            "equity": 940689,
            "current_ratio": 222.41,
            "debt_ratio": 14.45,
            "inventory_turnover_ratio": 1.71,
            "account_receivable_turnover_ratio": null,
            "reinvestment_rate": -15.14,
            "research_to_sale_ratio": null,
            "price_fair": 54.6,
            "eps_avg_yearly": 1.56,
            "eps_latest_yearly": 1.4,
            "eps_growth_yearly": 519.86
        },
        "20053": {
            "year_quarter": 20053,
            "year": 2005,
            "quarter": 3,
            "eps": 0.43,
            "eps_growth_year": -59.81,
            "eps_4q": 1.13,
            "eps_4q_growth_year": -65.79,
            "roe": 3.52,
            "roe_4q": 9.36,
            "gross_profit": 73875,
            "gross_margin": 38.74,
            "gross_margin_4q_avg": 36.4,
            "net_income": 33774,
            "revenue": 190674,
            "common_shares": 781672,
            "book_valuer_per_share": 12.52,
            "book_valuer_per_share_4q_avg": 13.27,
            "equity": 978701,
            "current_ratio": 246.46,
            "debt_ratio": 14.41,
            "inventory_turnover_ratio": 1.6,
            "account_receivable_turnover_ratio": null,
            "reinvestment_rate": -13.64,
            "research_to_sale_ratio": null,
            "price_fair": 55.03,
            "eps_avg_yearly": 1.57,
            "eps_latest_yearly": 1.72,
            "eps_growth_yearly": 486.9
        },
        "20054": {
            "year_quarter": 20054,
            "year": 2005,
            "quarter": 4,
            "eps": 0.42,
            "eps_growth_year": 55.56,
            "eps_4q": 1.32,
            "eps_4q_growth_year": -41.7,
            "roe": 3.27,
            "roe_4q": 10.61,
            "gross_profit": 82436,
            "gross_margin": 40.84,
            "gross_margin_4q_avg": 37.39,
            "net_income": 32507,
            "revenue": 201827,
            "common_shares": 782542,
            "book_valuer_per_share": 12.93,
            "book_valuer_per_share_4q_avg": 13.14,
            "equity": 1011755,
            "current_ratio": 260.74,
            "debt_ratio": 15.15,
            "inventory_turnover_ratio": 1.45,
            "account_receivable_turnover_ratio": null,
            "reinvestment_rate": -12.5,
            "research_to_sale_ratio": null,
            "price_fair": 55.3,
            "eps_avg_yearly": 1.58,
            "eps_latest_yearly": 1.68,
            "eps_growth_yearly": 451.46
        },
        "20061": {
            "year_quarter": 20061,
            "year": 2006,
            "quarter": 1,
            "eps": 0.38,
            "eps_growth_year": 123.53,
            "eps_4q": 1.52,
            "eps_4q_growth_year": -23.06,
            "roe": 2.93,
            "roe_4q": 12.27,
            "gross_profit": 73491,
            "gross_margin": 39.13,
            "gross_margin_4q_avg": 38.73,
            "net_income": 30120,
            "revenue": 187793,
            "common_shares": 783952,
            "book_valuer_per_share": 13.3,
            "book_valuer_per_share_4q_avg": 13.05,
            "equity": 1042862,
            "current_ratio": 300.7,
            "debt_ratio": 12.32,
            "inventory_turnover_ratio": 1.57,
            "account_receivable_turnover_ratio": null,
            "reinvestment_rate": -11.5,
            "research_to_sale_ratio": null,
            "price_fair": 58.9,
            "eps_avg_yearly": 1.68,
            "eps_latest_yearly": 1.52,
            "eps_growth_yearly": 472.91
        },
        "20062": {
            "year_quarter": 20062,
            "year": 2006,
            "quarter": 2,
            "eps": 0.81,
            "eps_growth_year": 131.43,
            "eps_4q": 2.03,
            "eps_4q_growth_year": 8.88,
            "roe": 6.08,
            "roe_4q": 15.799999999999999,
            "gross_profit": 129543,
            "gross_margin": 41.14,
            "gross_margin_4q_avg": 39.96,
            "net_income": 63864,
            "revenue": 314894,
            "common_shares": 784682,
            "book_valuer_per_share": 13.48,
            "book_valuer_per_share_4q_avg": 13.06,
            "equity": 1057499,
            "current_ratio": 223.39,
            "debt_ratio": 19.63,
            "inventory_turnover_ratio": 2.33,
            "account_receivable_turnover_ratio": null,
            "reinvestment_rate": -9.6,
            "research_to_sale_ratio": null,
            "price_fair": 66.4,
            "eps_avg_yearly": 1.9,
            "eps_latest_yearly": 3.24,
            "eps_growth_yearly": 448.1
        },
        "20063": {
            "year_quarter": 20063,
            "year": 2006,
            "quarter": 3,
            "eps": 0.87,
            "eps_growth_year": 102.33,
            "eps_4q": 2.45,
            "eps_4q_growth_year": 117.34,
            "roe": 6.46,
            "roe_4q": 18.74,
            "gross_profit": 126156,
            "gross_margin": 42.61,
            "gross_margin_4q_avg": 40.93,
            "net_income": 69615,
            "revenue": 296071,
            "common_shares": 810363,
            "book_valuer_per_share": 13.57,
            "book_valuer_per_share_4q_avg": 13.32,
            "equity": 1099398,
            "current_ratio": 208.65,
            "debt_ratio": 22.41,
            "inventory_turnover_ratio": 1.63,
            "account_receivable_turnover_ratio": null,
            "reinvestment_rate": -8.03,
            "research_to_sale_ratio": null,
            "price_fair": 70.09,
            "eps_avg_yearly": 2,
            "eps_latest_yearly": 3.48,
            "eps_growth_yearly": 420.2
        },
        "20064": {
            "year_quarter": 20064,
            "year": 2006,
            "quarter": 4,
            "eps": 1.03,
            "eps_growth_year": 145.24,
            "eps_4q": 3.08,
            "eps_4q_growth_year": 132.69,
            "roe": 7.21,
            "roe_4q": 22.68,
            "gross_profit": 146471,
            "gross_margin": 44.47,
            "gross_margin_4q_avg": 41.84,
            "net_income": 82294,
            "revenue": 329384,
            "common_shares": 811313,
            "book_valuer_per_share": 14.57,
            "book_valuer_per_share_4q_avg": 13.73,
            "equity": 1182118,
            "current_ratio": 256.79,
            "debt_ratio": 19.56,
            "inventory_turnover_ratio": 1.36,
            "account_receivable_turnover_ratio": null,
            "reinvestment_rate": -6.66,
            "research_to_sale_ratio": null,
            "price_fair": 74.73,
            "eps_avg_yearly": 2.14,
            "eps_latest_yearly": 4.12,
            "eps_growth_yearly": 398.54
        },
        "20071": {
            "year_quarter": 20071,
            "year": 2007,
            "quarter": 1,
            "eps": 0.89,
            "eps_growth_year": 134.21,
            "eps_4q": 3.6,
            "eps_4q_growth_year": 136.44,
            "roe": 5.82,
            "roe_4q": 25.57,
            "gross_profit": 133509,
            "gross_margin": 43.12,
            "gross_margin_4q_avg": 42.84,
            "net_income": 70988,
            "revenue": 309593,
            "common_shares": 814143,
            "book_valuer_per_share": 15.43,
            "book_valuer_per_share_4q_avg": 14.26,
            "equity": 1256277,
            "current_ratio": 295.22,
            "debt_ratio": 17.48,
            "inventory_turnover_ratio": 1.2,
            "account_receivable_turnover_ratio": null,
            "reinvestment_rate": -5.82,
            "research_to_sale_ratio": null,
            "price_fair": 82.08,
            "eps_avg_yearly": 2.35,
            "eps_latest_yearly": 3.56,
            "eps_growth_yearly": 414.46
        },
        "20072": {
            "year_quarter": 20072,
            "year": 2007,
            "quarter": 2,
            "eps": 0.91,
            "eps_growth_year": 12.35,
            "eps_4q": 3.7,
            "eps_4q_growth_year": 81.91,
            "roe": 6,
            "roe_4q": 25.490000000000002,
            "gross_profit": 154539,
            "gross_margin": 43.53,
            "gross_margin_4q_avg": 43.43,
            "net_income": 72762,
            "revenue": 354998,
            "common_shares": 817963,
            "book_valuer_per_share": 14.31,
            "book_valuer_per_share_4q_avg": 14.47,
            "equity": 1170752,
            "current_ratio": 198.12,
            "debt_ratio": 26.24,
            "inventory_turnover_ratio": 1.46,
            "account_receivable_turnover_ratio": null,
            "reinvestment_rate": -4.95,
            "research_to_sale_ratio": null,
            "price_fair": 89.86,
            "eps_avg_yearly": 2.57,
            "eps_latest_yearly": 3.64,
            "eps_growth_yearly": 430.02
        },
        "20073": {
            "year_quarter": 20073,
            "year": 2007,
            "quarter": 3,
            "eps": 1.04,
            "eps_growth_year": 19.54,
            "eps_4q": 3.66,
            "eps_4q_growth_year": 49.46,
            "roe": 7.37,
            "roe_4q": 26.400000000000002,
            "gross_profit": 166763,
            "gross_margin": 43.4,
            "gross_margin_4q_avg": 43.63,
            "net_income": 89628,
            "revenue": 384282,
            "common_shares": 879063,
            "book_valuer_per_share": 14.37,
            "book_valuer_per_share_4q_avg": 14.67,
            "equity": 1263065,
            "current_ratio": 280.87,
            "debt_ratio": 18.61,
            "inventory_turnover_ratio": 1.52,
            "account_receivable_turnover_ratio": null,
            "reinvestment_rate": -4.44,
            "research_to_sale_ratio": null,
            "price_fair": 97.74,
            "eps_avg_yearly": 2.79,
            "eps_latest_yearly": 4.16,
            "eps_growth_yearly": 283.59
        },
        "20074": {
            "year_quarter": 20074,
            "year": 2007,
            "quarter": 4,
            "eps": 1.3,
            "eps_growth_year": 26.21,
            "eps_4q": 4.02,
            "eps_4q_growth_year": 30.53,
            "roe": 8.62,
            "roe_4q": 27.81,
            "gross_profit": 186471,
            "gross_margin": 43.79,
            "gross_margin_4q_avg": 43.46,
            "net_income": 111655,
            "revenue": 425841,
            "common_shares": 879463,
            "book_valuer_per_share": 15.11,
            "book_valuer_per_share_4q_avg": 14.81,
            "equity": 1328518,
            "current_ratio": 344.21,
            "debt_ratio": 15.45,
            "inventory_turnover_ratio": 1.62,
            "account_receivable_turnover_ratio": null,
            "reinvestment_rate": -3.77,
            "research_to_sale_ratio": null,
            "price_fair": 96.25,
            "eps_avg_yearly": 2.75,
            "eps_latest_yearly": 5.2,
            "eps_growth_yearly": 52.34
        },
        "20081": {
            "year_quarter": 20081,
            "year": 2008,
            "quarter": 1,
            "eps": 0.75,
            "eps_growth_year": -15.73,
            "eps_4q": 3.96,
            "eps_4q_growth_year": 10.26,
            "roe": 4.71,
            "roe_4q": 26.7,
            "gross_profit": 172812,
            "gross_margin": 42.83,
            "gross_margin_4q_avg": 43.39,
            "net_income": 63949,
            "revenue": 403486,
            "common_shares": 881613,
            "book_valuer_per_share": 15.72,
            "book_valuer_per_share_4q_avg": 14.88,
            "equity": 1385865,
            "current_ratio": 358.38,
            "debt_ratio": 15.36,
            "inventory_turnover_ratio": 1.59,
            "account_receivable_turnover_ratio": null,
            "reinvestment_rate": -3.16,
            "research_to_sale_ratio": null,
            "price_fair": 98.53,
            "eps_avg_yearly": 2.82,
            "eps_latest_yearly": 3,
            "eps_growth_yearly": 58.43
        },
        "20082": {
            "year_quarter": 20082,
            "year": 2008,
            "quarter": 2,
            "eps": 0.73,
            "eps_growth_year": -19.78,
            "eps_4q": 3.8,
            "eps_4q_growth_year": 2.88,
            "roe": 4.84,
            "roe_4q": 25.540000000000003,
            "gross_profit": 143913,
            "gross_margin": 39.49,
            "gross_margin_4q_avg": 42.38,
            "net_income": 62983,
            "revenue": 364447,
            "common_shares": 881973,
            "book_valuer_per_share": 13.82,
            "book_valuer_per_share_4q_avg": 14.76,
            "equity": 1219014,
            "current_ratio": 170.5,
            "debt_ratio": 34.61,
            "inventory_turnover_ratio": 1.42,
            "account_receivable_turnover_ratio": null,
            "reinvestment_rate": -3.25,
            "research_to_sale_ratio": null,
            "price_fair": 99.93,
            "eps_avg_yearly": 2.86,
            "eps_latest_yearly": 2.92,
            "eps_growth_yearly": 53.68
        },
        "20083": {
            "year_quarter": 20083,
            "year": 2008,
            "quarter": 3,
            "eps": 0.57,
            "eps_growth_year": -45.19,
            "eps_4q": 3.12,
            "eps_4q_growth_year": -14.71,
            "roe": 4.26,
            "roe_4q": 22.43,
            "gross_profit": 150798,
            "gross_margin": 42.48,
            "gross_margin_4q_avg": 42.15,
            "net_income": 53244,
            "revenue": 354970,
            "common_shares": 957513,
            "book_valuer_per_share": 13.35,
            "book_valuer_per_share_4q_avg": 14.5,
            "equity": 1278567,
            "current_ratio": 223.84,
            "debt_ratio": 26.11,
            "inventory_turnover_ratio": 1.12,
            "account_receivable_turnover_ratio": null,
            "reinvestment_rate": -3.42,
            "research_to_sale_ratio": null,
            "price_fair": 95.55,
            "eps_avg_yearly": 2.73,
            "eps_latest_yearly": 2.28,
            "eps_growth_yearly": 26.27
        },
        "20084": {
            "year_quarter": 20084,
            "year": 2008,
            "quarter": 4,
            "eps": 0.19,
            "eps_growth_year": -85.38,
            "eps_4q": 2.15,
            "eps_4q_growth_year": -46.59,
            "roe": 1.38,
            "roe_4q": 15.190000000000001,
            "gross_profit": 116381,
            "gross_margin": 41.42,
            "gross_margin_4q_avg": 41.56,
            "net_income": 17504,
            "revenue": 280956,
            "common_shares": 957513,
            "book_valuer_per_share": 13.16,
            "book_valuer_per_share_4q_avg": 14.01,
            "equity": 1259887,
            "current_ratio": 409.07,
            "debt_ratio": 13.37,
            "inventory_turnover_ratio": 0.92,
            "account_receivable_turnover_ratio": 3.36,
            "reinvestment_rate": -3.3,
            "research_to_sale_ratio": null,
            "price_fair": 94.85,
            "eps_avg_yearly": 2.71,
            "eps_latest_yearly": 0.76,
            "eps_growth_yearly": 28.3
        },
        "20091": {
            "year_quarter": 20091,
            "year": 2009,
            "quarter": 1,
            "eps": 0.46,
            "eps_growth_year": -38.67,
            "eps_4q": 1.93,
            "eps_4q_growth_year": -51.31,
            "roe": 3.26,
            "roe_4q": 13.739999999999998,
            "gross_profit": 104894,
            "gross_margin": 38.81,
            "gross_margin_4q_avg": 40.55,
            "net_income": 41843,
            "revenue": 270307,
            "common_shares": 957513,
            "book_valuer_per_share": 13.63,
            "book_valuer_per_share_4q_avg": 13.49,
            "equity": 1305366,
            "current_ratio": 473.13,
            "debt_ratio": 11.8,
            "inventory_turnover_ratio": 1.21,
            "account_receivable_turnover_ratio": 1.47,
            "reinvestment_rate": -3.18,
            "research_to_sale_ratio": null,
            "price_fair": 97.39,
            "eps_avg_yearly": 2.78,
            "eps_latest_yearly": 1.84,
            "eps_growth_yearly": 73.08
        },
        "20092": {
            "year_quarter": 20092,
            "year": 2009,
            "quarter": 2,
            "eps": 0.63,
            "eps_growth_year": -13.7,
            "eps_4q": 1.87,
            "eps_4q_growth_year": -50.89,
            "roe": 4.39,
            "roe_4q": 13.29,
            "gross_profit": 158943,
            "gross_margin": 44.76,
            "gross_margin_4q_avg": 41.87,
            "net_income": 57284,
            "revenue": 355080,
            "common_shares": 957553,
            "book_valuer_per_share": 13.64,
            "book_valuer_per_share_4q_avg": 13.45,
            "equity": 1306468,
            "current_ratio": 268.25,
            "debt_ratio": 22.65,
            "inventory_turnover_ratio": 1.73,
            "account_receivable_turnover_ratio": 1.74,
            "reinvestment_rate": -3.09,
            "research_to_sale_ratio": null,
            "price_fair": 99.84,
            "eps_avg_yearly": 2.85,
            "eps_latest_yearly": 2.52,
            "eps_growth_yearly": 55.85
        },
        "20093": {
            "year_quarter": 20093,
            "year": 2009,
            "quarter": 3,
            "eps": 0.62,
            "eps_growth_year": 8.77,
            "eps_4q": 1.82,
            "eps_4q_growth_year": -41.6,
            "roe": 4.49,
            "roe_4q": 13.52,
            "gross_profit": 156096,
            "gross_margin": 43.7,
            "gross_margin_4q_avg": 42.17,
            "net_income": 60041,
            "revenue": 357236,
            "common_shares": 1003153,
            "book_valuer_per_share": 13.61,
            "book_valuer_per_share_4q_avg": 13.51,
            "equity": 1365118,
            "current_ratio": 355.64,
            "debt_ratio": 16.81,
            "inventory_turnover_ratio": 1.51,
            "account_receivable_turnover_ratio": 1.69,
            "reinvestment_rate": -2.78,
            "research_to_sale_ratio": null,
            "price_fair": 101.5,
            "eps_avg_yearly": 2.9,
            "eps_latest_yearly": 2.48,
            "eps_growth_yearly": 49.74
        },
        "20094": {
            "year_quarter": 20094,
            "year": 2009,
            "quarter": 4,
            "eps": 0.85,
            "eps_growth_year": 347.37,
            "eps_4q": 2.48,
            "eps_4q_growth_year": 15.62,
            "roe": 5.83,
            "roe_4q": 17.97,
            "gross_profit": 182941,
            "gross_margin": 43.58,
            "gross_margin_4q_avg": 42.71,
            "net_income": 81990,
            "revenue": 419796,
            "common_shares": 1003153,
            "book_valuer_per_share": 14.89,
            "book_valuer_per_share_4q_avg": 13.94,
            "equity": 1446907,
            "current_ratio": 357.06,
            "debt_ratio": 17.87,
            "inventory_turnover_ratio": 1.33,
            "account_receivable_turnover_ratio": 3.22,
            "reinvestment_rate": 5.46,
            "research_to_sale_ratio": null,
            "price_fair": 105.26,
            "eps_avg_yearly": 3.01,
            "eps_latest_yearly": 3.4,
            "eps_growth_yearly": 59.6
        },
        "20101": {
            "year_quarter": 20101,
            "year": 2010,
            "quarter": 1,
            "eps": 0.64,
            "eps_growth_year": 39.13,
            "eps_4q": 2.69,
            "eps_4q_growth_year": 39.28,
            "roe": 4.2,
            "roe_4q": 18.91,
            "gross_profit": 160822,
            "gross_margin": 44.09,
            "gross_margin_4q_avg": 44.03,
            "net_income": 61996,
            "revenue": 364785,
            "common_shares": 1003153,
            "book_valuer_per_share": 15.52,
            "book_valuer_per_share_4q_avg": 14.42,
            "equity": 1508349,
            "current_ratio": 425.76,
            "debt_ratio": 15.13,
            "inventory_turnover_ratio": 1.01,
            "account_receivable_turnover_ratio": 1.42,
            "reinvestment_rate": 4.84,
            "research_to_sale_ratio": 10.51,
            "price_fair": 107.54,
            "eps_avg_yearly": 3.07,
            "eps_latest_yearly": 2.56,
            "eps_growth_yearly": 55.8
        },
        "20102": {
            "year_quarter": 20102,
            "year": 2010,
            "quarter": 2,
            "eps": 0.79,
            "eps_growth_year": 25.93,
            "eps_4q": 2.79,
            "eps_4q_growth_year": 49.47,
            "roe": 5.48,
            "roe_4q": 20,
            "gross_profit": 186661,
            "gross_margin": 41.54,
            "gross_margin_4q_avg": 43.23,
            "net_income": 80973,
            "revenue": 449360,
            "common_shares": 1003153,
            "book_valuer_per_share": 14.87,
            "book_valuer_per_share_4q_avg": 14.72,
            "equity": 1445011,
            "current_ratio": 264.84,
            "debt_ratio": 25.29,
            "inventory_turnover_ratio": 1.33,
            "account_receivable_turnover_ratio": 1.46,
            "reinvestment_rate": 4.45,
            "research_to_sale_ratio": 12,
            "price_fair": 107.36,
            "eps_avg_yearly": 3.07,
            "eps_latest_yearly": 3.16,
            "eps_growth_yearly": 33.37
        },
        "20103": {
            "year_quarter": 20103,
            "year": 2010,
            "quarter": 3,
            "eps": 0.71,
            "eps_growth_year": 14.53,
            "eps_4q": 2.93,
            "eps_4q_growth_year": 60.76,
            "roe": 4.91,
            "roe_4q": 20.42,
            "gross_profit": 201029,
            "gross_margin": 42.41,
            "gross_margin_4q_avg": 42.91,
            "net_income": 71866,
            "revenue": 473977,
            "common_shares": 1051754,
            "book_valuer_per_share": 14.67,
            "book_valuer_per_share_4q_avg": 14.99,
            "equity": 1484971,
            "current_ratio": 323.43,
            "debt_ratio": 20.37,
            "inventory_turnover_ratio": 1.26,
            "account_receivable_turnover_ratio": 1.29,
            "reinvestment_rate": 4.32,
            "research_to_sale_ratio": 11.8,
            "price_fair": 105.96,
            "eps_avg_yearly": 3.03,
            "eps_latest_yearly": 2.84,
            "eps_growth_yearly": 28.99
        },
        "20104": {
            "year_quarter": 20104,
            "year": 2010,
            "quarter": 4,
            "eps": 0.5,
            "eps_growth_year": -40.71,
            "eps_4q": 2.67,
            "eps_4q_growth_year": 7.48,
            "roe": 3.39,
            "roe_4q": 17.98,
            "gross_profit": 150472,
            "gross_margin": 38.92,
            "gross_margin_4q_avg": 41.74,
            "net_income": 50068,
            "revenue": 386604,
            "common_shares": 1051754,
            "book_valuer_per_share": 14.77,
            "book_valuer_per_share_4q_avg": 14.96,
            "equity": 1467563,
            "current_ratio": 348.61,
            "debt_ratio": 18.44,
            "inventory_turnover_ratio": 0.93,
            "account_receivable_turnover_ratio": 1.14,
            "reinvestment_rate": 4.26,
            "research_to_sale_ratio": 10.58,
            "price_fair": 78.15,
            "eps_avg_yearly": 2.9,
            "eps_latest_yearly": 2,
            "eps_growth_yearly": 17
        },
        "20111": {
            "year_quarter": 20111,
            "year": 2011,
            "quarter": 1,
            "eps": 0.28,
            "eps_growth_year": -56.25,
            "eps_4q": 2.35,
            "eps_4q_growth_year": -12.71,
            "roe": 1.85,
            "roe_4q": 15.63,
            "gross_profit": 112452,
            "gross_margin": 36.59,
            "gross_margin_4q_avg": 39.87,
            "net_income": 27060,
            "revenue": 307311,
            "common_shares": 1041754,
            "book_valuer_per_share": 14.8,
            "book_valuer_per_share_4q_avg": 14.78,
            "equity": 1450785,
            "current_ratio": 381.29,
            "debt_ratio": 16.57,
            "inventory_turnover_ratio": 0.69,
            "account_receivable_turnover_ratio": 1.07,
            "reinvestment_rate": 4.24,
            "research_to_sale_ratio": 13.18,
            "price_fair": 53.19,
            "eps_avg_yearly": 2.74,
            "eps_latest_yearly": 1.12,
            "eps_growth_yearly": 9.39
        },
        "20112": {
            "year_quarter": 20112,
            "year": 2011,
            "quarter": 2,
            "eps": 0.31,
            "eps_growth_year": -61.39,
            "eps_4q": 1.83,
            "eps_4q_growth_year": -34.45,
            "roe": 2.22,
            "roe_4q": 12.370000000000001,
            "gross_profit": 132546,
            "gross_margin": 40,
            "gross_margin_4q_avg": 39.48,
            "net_income": 29944,
            "revenue": 331338,
            "common_shares": 1041754,
            "book_valuer_per_share": 12.73,
            "book_valuer_per_share_4q_avg": 14.24,
            "equity": 1244673,
            "current_ratio": 196.2,
            "debt_ratio": 33.12,
            "inventory_turnover_ratio": 0.7,
            "account_receivable_turnover_ratio": 1.14,
            "reinvestment_rate": 4.76,
            "research_to_sale_ratio": 14.65,
            "price_fair": 55.76,
            "eps_avg_yearly": 2.59,
            "eps_latest_yearly": 1.24,
            "eps_growth_yearly": 11.51
        },
        "20113": {
            "year_quarter": 20113,
            "year": 2011,
            "quarter": 3,
            "eps": 0.82,
            "eps_growth_year": 15.79,
            "eps_4q": 1.92,
            "eps_4q_growth_year": -34.62,
            "roe": 6.25,
            "roe_4q": 13.71,
            "gross_profit": 155376,
            "gross_margin": 43.31,
            "gross_margin_4q_avg": 39.71,
            "net_income": 80383,
            "revenue": 358793,
            "common_shares": 1041754,
            "book_valuer_per_share": 13.6,
            "book_valuer_per_share_4q_avg": 13.98,
            "equity": 1329499,
            "current_ratio": 325.8,
            "debt_ratio": 18.56,
            "inventory_turnover_ratio": 0.71,
            "account_receivable_turnover_ratio": 1.07,
            "reinvestment_rate": 5.15,
            "research_to_sale_ratio": 11.83,
            "price_fair": 88.81,
            "eps_avg_yearly": 2.54,
            "eps_latest_yearly": 3.28,
            "eps_growth_yearly": 49.07
        },
        "20114": {
            "year_quarter": 20114,
            "year": 2011,
            "quarter": 4,
            "eps": 0.4,
            "eps_growth_year": -20.87,
            "eps_4q": 1.79,
            "eps_4q_growth_year": -33.05,
            "roe": 2.88,
            "roe_4q": 13.2,
            "gross_profit": 149353,
            "gross_margin": 37.14,
            "gross_margin_4q_avg": 39.26,
            "net_income": 39516,
            "revenue": 402110,
            "common_shares": 1041754,
            "book_valuer_per_share": 14.14,
            "book_valuer_per_share_4q_avg": 13.82,
            "equity": 1411249,
            "current_ratio": 297.66,
            "debt_ratio": 20.39,
            "inventory_turnover_ratio": 0.88,
            "account_receivable_turnover_ratio": 1.22,
            "reinvestment_rate": 12.15,
            "research_to_sale_ratio": 12.71,
            "price_fair": 80.94,
            "eps_avg_yearly": 2.31,
            "eps_latest_yearly": 1.6,
            "eps_growth_yearly": 30.01
        },
        "20121": {
            "year_quarter": 20121,
            "year": 2012,
            "quarter": 1,
            "eps": 0.78,
            "eps_growth_year": 178.57,
            "eps_4q": 2.31,
            "eps_4q_growth_year": -1.65,
            "roe": 5.29,
            "roe_4q": 16.64,
            "gross_profit": 191920,
            "gross_margin": 39.31,
            "gross_margin_4q_avg": 39.94,
            "net_income": 75726,
            "revenue": 488273,
            "common_shares": 1041754,
            "book_valuer_per_share": 14.72,
            "book_valuer_per_share_4q_avg": 13.8,
            "equity": 1453566,
            "current_ratio": 263.07,
            "debt_ratio": 24.35,
            "inventory_turnover_ratio": 1.07,
            "account_receivable_turnover_ratio": 1.48,
            "reinvestment_rate": 16.11,
            "research_to_sale_ratio": 9.11,
            "price_fair": 81.2,
            "eps_avg_yearly": 2.32,
            "eps_latest_yearly": 3.12,
            "eps_growth_yearly": 64.34
        },
        "20122": {
            "year_quarter": 20122,
            "year": 2012,
            "quarter": 2,
            "eps": 0.78,
            "eps_growth_year": 155.41,
            "eps_4q": 2.79,
            "eps_4q_growth_year": 52.59,
            "roe": 5.3,
            "roe_4q": 19.72,
            "gross_profit": 188099,
            "gross_margin": 42.94,
            "gross_margin_4q_avg": 40.68,
            "net_income": 75693,
            "revenue": 438099,
            "common_shares": 1041754,
            "book_valuer_per_share": 14.24,
            "book_valuer_per_share_4q_avg": 14.18,
            "equity": 1400057,
            "current_ratio": 202.75,
            "debt_ratio": 33.64,
            "inventory_turnover_ratio": 0.87,
            "account_receivable_turnover_ratio": 1.19,
            "reinvestment_rate": 29.28,
            "research_to_sale_ratio": 11.53,
            "price_fair": 81.64,
            "eps_avg_yearly": 2.33,
            "eps_latest_yearly": 3.12,
            "eps_growth_yearly": 65.01
        },
        "20123": {
            "year_quarter": 20123,
            "year": 2012,
            "quarter": 3,
            "eps": 1.14,
            "eps_growth_year": 38.93,
            "eps_4q": 3.11,
            "eps_4q_growth_year": 62.35,
            "roe": 7.62,
            "roe_4q": 21.09,
            "gross_profit": 248620,
            "gross_margin": 41.71,
            "gross_margin_4q_avg": 40.28,
            "net_income": 110759,
            "revenue": 596036,
            "common_shares": 1041754,
            "book_valuer_per_share": 15.36,
            "book_valuer_per_share_4q_avg": 14.62,
            "equity": 1508538,
            "current_ratio": 227.23,
            "debt_ratio": 30.84,
            "inventory_turnover_ratio": 1.08,
            "account_receivable_turnover_ratio": 1.44,
            "reinvestment_rate": 27.5,
            "research_to_sale_ratio": 8.93,
            "price_fair": 86.63,
            "eps_avg_yearly": 2.48,
            "eps_latest_yearly": 4.56,
            "eps_growth_yearly": 82.02
        },
        "20124": {
            "year_quarter": 20124,
            "year": 2012,
            "quarter": 4,
            "eps": 0.98,
            "eps_growth_year": 146.83,
            "eps_4q": 3.64,
            "eps_4q_growth_year": 104.05,
            "roe": 6.11,
            "roe_4q": 24.32,
            "gross_profit": 228577,
            "gross_margin": 39.65,
            "gross_margin_4q_avg": 40.9,
            "net_income": 97221,
            "revenue": 576452,
            "common_shares": 1041754,
            "book_valuer_per_share": 16.75,
            "book_valuer_per_share_4q_avg": 15.27,
            "equity": 1674843,
            "current_ratio": 275.76,
            "debt_ratio": 26.53,
            "inventory_turnover_ratio": 1.06,
            "account_receivable_turnover_ratio": 1.4,
            "reinvestment_rate": 22.49,
            "research_to_sale_ratio": 9.98,
            "price_fair": 93.54,
            "eps_avg_yearly": 2.67,
            "eps_latest_yearly": 3.92,
            "eps_growth_yearly": 95.18
        },
        "20131": {
            "year_quarter": 20131,
            "year": 2013,
            "quarter": 1,
            "eps": 0.8,
            "eps_growth_year": 2.56,
            "eps_4q": 3.67,
            "eps_4q_growth_year": 59.13,
            "roe": 4.56,
            "roe_4q": 23.59,
            "gross_profit": 191870,
            "gross_margin": 41.4,
            "gross_margin_4q_avg": 41.43,
            "net_income": 78197,
            "revenue": 463405,
            "common_shares": 1041754,
            "book_valuer_per_share": 17.54,
            "book_valuer_per_share_4q_avg": 15.97,
            "equity": 1751893,
            "current_ratio": 274.19,
            "debt_ratio": 27.43,
            "inventory_turnover_ratio": 0.82,
            "account_receivable_turnover_ratio": 1.32,
            "reinvestment_rate": 9.51,
            "research_to_sale_ratio": 12.58,
            "price_fair": 96.51,
            "eps_avg_yearly": 2.76,
            "eps_latest_yearly": 3.2,
            "eps_growth_yearly": 55.06
        },
        "20132": {
            "year_quarter": 20132,
            "year": 2013,
            "quarter": 2,
            "eps": 1.23,
            "eps_growth_year": 57.22,
            "eps_4q": 4.13,
            "eps_4q_growth_year": 48.02,
            "roe": 7.29,
            "roe_4q": 25.580000000000002,
            "gross_profit": 239124,
            "gross_margin": 41.37,
            "gross_margin_4q_avg": 41.03,
            "net_income": 121360,
            "revenue": 577984,
            "common_shares": 1041754,
            "book_valuer_per_share": 15.78,
            "book_valuer_per_share_4q_avg": 16.36,
            "equity": 1575567,
            "current_ratio": 194.83,
            "debt_ratio": 37.59,
            "inventory_turnover_ratio": 1.02,
            "account_receivable_turnover_ratio": 1.77,
            "reinvestment_rate": 9.07,
            "research_to_sale_ratio": 9.6,
            "price_fair": 101.76,
            "eps_avg_yearly": 2.91,
            "eps_latest_yearly": 4.92,
            "eps_growth_yearly": 59.26
        },
        "20133": {
            "year_quarter": 20133,
            "year": 2013,
            "quarter": 3,
            "eps": 1.33,
            "eps_growth_year": 16.42,
            "eps_4q": 4.34,
            "eps_4q_growth_year": 39.38,
            "roe": 7.97,
            "roe_4q": 25.93,
            "gross_profit": 271943,
            "gross_margin": 44.74,
            "gross_margin_4q_avg": 41.79,
            "net_income": 130758,
            "revenue": 607893,
            "common_shares": 1041754,
            "book_valuer_per_share": 17.1,
            "book_valuer_per_share_4q_avg": 16.79,
            "equity": 1705277,
            "current_ratio": 234.02,
            "debt_ratio": 31.66,
            "inventory_turnover_ratio": 0.92,
            "account_receivable_turnover_ratio": 1.93,
            "reinvestment_rate": 8.54,
            "research_to_sale_ratio": 9.57,
            "price_fair": 107.98,
            "eps_avg_yearly": 3.09,
            "eps_latest_yearly": 5.32,
            "eps_growth_yearly": 61.69
        },
        "20134": {
            "year_quarter": 20134,
            "year": 2013,
            "quarter": 4,
            "eps": 2.37,
            "eps_growth_year": 141.01,
            "eps_4q": 5.65,
            "eps_4q_growth_year": 54.99,
            "roe": 12.66,
            "roe_4q": 32.48,
            "gross_profit": 226610,
            "gross_margin": 35.63,
            "gross_margin_4q_avg": 40.79,
            "net_income": 241892,
            "revenue": 636074,
            "common_shares": 1041754,
            "book_valuer_per_share": 20.72,
            "book_valuer_per_share_4q_avg": 17.79,
            "equity": 2116661,
            "current_ratio": 407.9,
            "debt_ratio": 21.39,
            "inventory_turnover_ratio": 0.98,
            "account_receivable_turnover_ratio": 2.16,
            "reinvestment_rate": 1.43,
            "research_to_sale_ratio": 18.35,
            "price_fair": 121.28,
            "eps_avg_yearly": 3.47,
            "eps_latest_yearly": 9.48,
            "eps_growth_yearly": 71.97
        },
        "20141": {
            "year_quarter": 20141,
            "year": 2014,
            "quarter": 1,
            "eps": 1.57,
            "eps_growth_year": 96.25,
            "eps_4q": 6.44,
            "eps_4q_growth_year": 75.29,
            "roe": 7.26,
            "roe_4q": 35.18,
            "gross_profit": 212554,
            "gross_margin": 40.83,
            "gross_margin_4q_avg": 40.64,
            "net_income": 159469,
            "revenue": 520640,
            "common_shares": 1041754,
            "book_valuer_per_share": 22.3,
            "book_valuer_per_share_4q_avg": 18.98,
            "equity": 2276790,
            "current_ratio": 508.1,
            "debt_ratio": 18.36,
            "inventory_turnover_ratio": 0.77,
            "account_receivable_turnover_ratio": 1.76,
            "reinvestment_rate": 2.53,
            "research_to_sale_ratio": 11.9,
            "price_fair": 129.41,
            "eps_avg_yearly": 3.7,
            "eps_latest_yearly": 6.28,
            "eps_growth_yearly": 69.7
        },
        "20142": {
            "year_quarter": 20142,
            "year": 2014,
            "quarter": 2,
            "eps": 1.14,
            "eps_growth_year": -7.32,
            "eps_4q": 6.43,
            "eps_4q_growth_year": 55.64,
            "roe": 5.5,
            "roe_4q": 33.39,
            "gross_profit": 266530,
            "gross_margin": 40.02,
            "gross_margin_4q_avg": 40.31,
            "net_income": 115022,
            "revenue": 666054,
            "common_shares": 1041754,
            "book_valuer_per_share": 18.84,
            "book_valuer_per_share_4q_avg": 19.74,
            "equity": 1904420,
            "current_ratio": 223.45,
            "debt_ratio": 36.3,
            "inventory_turnover_ratio": 1.07,
            "account_receivable_turnover_ratio": 2.01,
            "reinvestment_rate": 2.24,
            "research_to_sale_ratio": 9.25,
            "price_fair": 132.48,
            "eps_avg_yearly": 3.79,
            "eps_latest_yearly": 4.56,
            "eps_growth_yearly": 57
        },
        "20143": {
            "year_quarter": 20143,
            "year": 2014,
            "quarter": 3,
            "eps": 1.72,
            "eps_growth_year": 29.32,
            "eps_4q": 6.84,
            "eps_4q_growth_year": 57.73,
            "roe": 8.67,
            "roe_4q": 34.09,
            "gross_profit": 308760,
            "gross_margin": 40.32,
            "gross_margin_4q_avg": 39.2,
            "net_income": 172708,
            "revenue": 765707,
            "common_shares": 1041754,
            "book_valuer_per_share": 20.57,
            "book_valuer_per_share_4q_avg": 20.61,
            "equity": 2078347,
            "current_ratio": 306.08,
            "debt_ratio": 26.87,
            "inventory_turnover_ratio": 1.15,
            "account_receivable_turnover_ratio": 1.92,
            "reinvestment_rate": 2.32,
            "research_to_sale_ratio": 9.39,
            "price_fair": 141.31,
            "eps_avg_yearly": 4.04,
            "eps_latest_yearly": 6.88,
            "eps_growth_yearly": 72.25
        },
        "20144": {
            "year_quarter": 20144,
            "year": 2014,
            "quarter": 4,
            "eps": 1.34,
            "eps_growth_year": -43.57,
            "eps_4q": 5.71,
            "eps_4q_growth_year": 1.06,
            "roe": 6.28,
            "roe_4q": 27.71,
            "gross_profit": 324977,
            "gross_margin": 43.31,
            "gross_margin_4q_avg": 41.12,
            "net_income": 138634,
            "revenue": 750406,
            "common_shares": 1041754,
            "book_valuer_per_share": 22.7,
            "book_valuer_per_share_4q_avg": 21.1,
            "equity": 2336113,
            "current_ratio": 399.56,
            "debt_ratio": 21.89,
            "inventory_turnover_ratio": 1.06,
            "account_receivable_turnover_ratio": 1.72,
            "reinvestment_rate": 2.2,
            "research_to_sale_ratio": 15.26,
            "price_fair": 148.66,
            "eps_avg_yearly": 4.25,
            "eps_latest_yearly": 5.36,
            "eps_growth_yearly": 74.12
        },
        "20151": {
            "year_quarter": 20151,
            "year": 2015,
            "quarter": 1,
            "eps": 0.78,
            "eps_growth_year": -50.32,
            "eps_4q": 4.93,
            "eps_4q_growth_year": -23.38,
            "roe": 3.4,
            "roe_4q": 23.85,
            "gross_profit": 206755,
            "gross_margin": 39.73,
            "gross_margin_4q_avg": 40.85,
            "net_income": 80684,
            "revenue": 520413,
            "common_shares": 1041754,
            "book_valuer_per_share": 23.48,
            "book_valuer_per_share_4q_avg": 21.4,
            "equity": 2416249,
            "current_ratio": 427.7,
            "debt_ratio": 20.46,
            "inventory_turnover_ratio": 0.8,
            "account_receivable_turnover_ratio": 1.3,
            "reinvestment_rate": 2.36,
            "research_to_sale_ratio": 10.42,
            "price_fair": 153.04,
            "eps_avg_yearly": 4.37,
            "eps_latest_yearly": 3.12,
            "eps_growth_yearly": 74.67
        },
        "20152": {
            "year_quarter": 20152,
            "year": 2015,
            "quarter": 2,
            "eps": 0.65,
            "eps_growth_year": -42.98,
            "eps_4q": 4.54,
            "eps_4q_growth_year": -29.43,
            "roe": 3.03,
            "roe_4q": 21.380000000000003,
            "gross_profit": 222460,
            "gross_margin": 39.7,
            "gross_margin_4q_avg": 40.77,
            "net_income": 66402,
            "revenue": 560415,
            "common_shares": 1041754,
            "book_valuer_per_share": 19.44,
            "book_valuer_per_share_4q_avg": 21.55,
            "equity": 1961756,
            "current_ratio": 211.01,
            "debt_ratio": 38.16,
            "inventory_turnover_ratio": 0.86,
            "account_receivable_turnover_ratio": 1.42,
            "reinvestment_rate": 2.17,
            "research_to_sale_ratio": 10.8,
            "price_fair": 156.01,
            "eps_avg_yearly": 4.46,
            "eps_latest_yearly": 2.6,
            "eps_growth_yearly": 67.83
        },
        "20153": {
            "year_quarter": 20153,
            "year": 2015,
            "quarter": 3,
            "eps": 1.7,
            "eps_growth_year": -1.16,
            "eps_4q": 4.61,
            "eps_4q_growth_year": -32.7,
            "roe": 8.52,
            "roe_4q": 21.23,
            "gross_profit": 230521,
            "gross_margin": 37.71,
            "gross_margin_4q_avg": 40.11,
            "net_income": 170044,
            "revenue": 611356,
            "common_shares": 1041754,
            "book_valuer_per_share": 20.54,
            "book_valuer_per_share_4q_avg": 21.54,
            "equity": 2028948,
            "current_ratio": 337.21,
            "debt_ratio": 24.74,
            "inventory_turnover_ratio": 1.01,
            "account_receivable_turnover_ratio": 1.34,
            "reinvestment_rate": 2.04,
            "research_to_sale_ratio": 10.46,
            "price_fair": 163.71,
            "eps_avg_yearly": 4.68,
            "eps_latest_yearly": 6.8,
            "eps_growth_yearly": 67.08
        },
        "20154": {
            "year_quarter": 20154,
            "year": 2015,
            "quarter": 4,
            "eps": 1.02,
            "eps_growth_year": -24.11,
            "eps_4q": 4.18,
            "eps_4q_growth_year": -26.67,
            "roe": 4.81,
            "roe_4q": 19.759999999999998,
            "gross_profit": 238830,
            "gross_margin": 38.94,
            "gross_margin_4q_avg": 39.02,
            "net_income": 101699,
            "revenue": 613371,
            "common_shares": 1041754,
            "book_valuer_per_share": 21.97,
            "book_valuer_per_share_4q_avg": 21.36,
            "equity": 2199303,
            "current_ratio": 427.45,
            "debt_ratio": 20.26,
            "inventory_turnover_ratio": 1.07,
            "account_receivable_turnover_ratio": 1.22,
            "reinvestment_rate": -0.63,
            "research_to_sale_ratio": 10.38,
            "price_fair": 169.14,
            "eps_avg_yearly": 4.83,
            "eps_latest_yearly": 4.08,
            "eps_growth_yearly": 69.89
        },
        "20161": {
            "year_quarter": 20161,
            "year": 2016,
            "quarter": 1,
            "eps": 0.56,
            "eps_growth_year": -28.21,
            "eps_4q": 3.99,
            "eps_4q_growth_year": -19.08,
            "roe": 2.55,
            "roe_4q": 18.91,
            "gross_profit": 200042,
            "gross_margin": 40.92,
            "gross_margin_4q_avg": 39.32,
            "net_income": 55817,
            "revenue": 488896,
            "common_shares": 1041754,
            "book_valuer_per_share": 22.12,
            "book_valuer_per_share_4q_avg": 21.02,
            "equity": 2183615,
            "current_ratio": 446.14,
            "debt_ratio": 19.34,
            "inventory_turnover_ratio": 0.87,
            "account_receivable_turnover_ratio": 1.11,
            "reinvestment_rate": -2.81,
            "research_to_sale_ratio": 11.5,
            "price_fair": 167.21,
            "eps_avg_yearly": 4.78,
            "eps_latest_yearly": 2.24,
            "eps_growth_yearly": 34.86
        },
        "20162": {
            "year_quarter": 20162,
            "year": 2016,
            "quarter": 2,
            "eps": 0.33,
            "eps_growth_year": -49.23,
            "eps_4q": 3.64,
            "eps_4q_growth_year": -19.75,
            "roe": 1.58,
            "roe_4q": 17.46,
            "gross_profit": 166711,
            "gross_margin": 37.33,
            "gross_margin_4q_avg": 38.73,
            "net_income": 32138,
            "revenue": 446600,
            "common_shares": 1041754,
            "book_valuer_per_share": 18.94,
            "book_valuer_per_share_4q_avg": 20.89,
            "equity": 1874566,
            "current_ratio": 245.47,
            "debt_ratio": 32.06,
            "inventory_turnover_ratio": 0.81,
            "account_receivable_turnover_ratio": 1.18,
            "reinvestment_rate": -8.83,
            "research_to_sale_ratio": 13.32,
            "price_fair": 161.38,
            "eps_avg_yearly": 4.67,
            "eps_latest_yearly": 1.32,
            "eps_growth_yearly": 24.59
        },
        "20163": {
            "year_quarter": 20163,
            "year": 2016,
            "quarter": 3,
            "eps": 0.09,
            "eps_growth_year": -94.71,
            "eps_4q": 2.01,
            "eps_4q_growth_year": -56.36,
            "roe": 0.46,
            "roe_4q": 9.399999999999999,
            "gross_profit": 158156,
            "gross_margin": 34.5,
            "gross_margin_4q_avg": 37.92,
            "net_income": 8684,
            "revenue": 458446,
            "common_shares": 1041754,
            "book_valuer_per_share": 19.02,
            "book_valuer_per_share_4q_avg": 20.51,
            "equity": 1882341,
            "current_ratio": 231.42,
            "debt_ratio": 34.15,
            "inventory_turnover_ratio": 0.84,
            "account_receivable_turnover_ratio": 1.17,
            "reinvestment_rate": -9.82,
            "research_to_sale_ratio": 12.39,
            "price_fair": 13.21,
            "eps_avg_yearly": 4.4,
            "eps_latest_yearly": 0.36,
            "eps_growth_yearly": -5.13
        },
        "20164": {
            "year_quarter": 20164,
            "year": 2016,
            "quarter": 4,
            "eps": 1.2,
            "eps_growth_year": 18.08,
            "eps_4q": 2.18,
            "eps_4q_growth_year": -47.88,
            "roe": 6.09,
            "roe_4q": 10.68,
            "gross_profit": 229649,
            "gross_margin": 39.54,
            "gross_margin_4q_avg": 38.07,
            "net_income": 118247,
            "revenue": 580802,
            "common_shares": 1041754,
            "book_valuer_per_share": 20.27,
            "book_valuer_per_share_4q_avg": 20.09,
            "equity": 2002567,
            "current_ratio": 325.76,
            "debt_ratio": 24.85,
            "inventory_turnover_ratio": 1.06,
            "account_receivable_turnover_ratio": 1.45,
            "reinvestment_rate": -8.42,
            "research_to_sale_ratio": 15.68,
            "price_fair": 156.01,
            "eps_avg_yearly": 4.46,
            "eps_latest_yearly": 4.8,
            "eps_growth_yearly": 306.72
        },
        "20171": {
            "year_quarter": 20171,
            "year": 2017,
            "quarter": 1,
            "eps": 0.09,
            "eps_growth_year": -83.93,
            "eps_4q": 1.7,
            "eps_4q_growth_year": -57.37,
            "roe": 0.43,
            "roe_4q": 8.559999999999999,
            "gross_profit": 183111,
            "gross_margin": 36.9,
            "gross_margin_4q_avg": 37.07,
            "net_income": 8558,
            "revenue": 496197,
            "common_shares": 1041754,
            "book_valuer_per_share": 20.34,
            "book_valuer_per_share_4q_avg": 19.64,
            "equity": 2009794,
            "current_ratio": 276.63,
            "debt_ratio": 28.78,
            "inventory_turnover_ratio": 0.98,
            "account_receivable_turnover_ratio": 1.26,
            "reinvestment_rate": -1.7,
            "research_to_sale_ratio": 10.4,
            "price_fair": 149.8,
            "eps_avg_yearly": 4.28,
            "eps_latest_yearly": 0.36,
            "eps_growth_yearly": 288.18
        },
        "20172": {
            "year_quarter": 20172,
            "year": 2017,
            "quarter": 2,
            "eps": 0.58,
            "eps_growth_year": 75.76,
            "eps_4q": 1.96,
            "eps_4q_growth_year": -46.35,
            "roe": 2.93,
            "roe_4q": 9.91,
            "gross_profit": 175913,
            "gross_margin": 33.38,
            "gross_margin_4q_avg": 36.08,
            "net_income": 57041,
            "revenue": 526973,
            "common_shares": 1041754,
            "book_valuer_per_share": 19.12,
            "book_valuer_per_share_4q_avg": 19.69,
            "equity": 1889852,
            "current_ratio": 195.96,
            "debt_ratio": 40.53,
            "inventory_turnover_ratio": 0.96,
            "account_receivable_turnover_ratio": 1.33,
            "reinvestment_rate": -1.09,
            "research_to_sale_ratio": 12.7,
            "price_fair": 144.11,
            "eps_avg_yearly": 4.12,
            "eps_latest_yearly": 2.32,
            "eps_growth_yearly": 410.86
        },
        "20173": {
            "year_quarter": 20173,
            "year": 2017,
            "quarter": 3,
            "eps": 0.78,
            "eps_growth_year": 766.67,
            "eps_4q": 2.65,
            "eps_4q_growth_year": 31.87,
            "roe": 4.01,
            "roe_4q": 13.459999999999999,
            "gross_profit": 205503,
            "gross_margin": 34.96,
            "gross_margin_4q_avg": 36.2,
            "net_income": 77305,
            "revenue": 587847,
            "common_shares": 1031754,
            "book_valuer_per_share": 19.91,
            "book_valuer_per_share_4q_avg": 19.91,
            "equity": 1967467,
            "current_ratio": 205.72,
            "debt_ratio": 38.93,
            "inventory_turnover_ratio": 0.99,
            "account_receivable_turnover_ratio": 1.39,
            "reinvestment_rate": -1.54,
            "research_to_sale_ratio": 10.2,
            "price_fair": 139.3,
            "eps_avg_yearly": 3.98,
            "eps_latest_yearly": 3.12,
            "eps_growth_yearly": 417.45
        },
        "20174": {
            "year_quarter": 20174,
            "year": 2017,
            "quarter": 4,
            "eps": 0.34,
            "eps_growth_year": -71.82,
            "eps_4q": 1.76,
            "eps_4q_growth_year": -19.16,
            "roe": 1.67,
            "roe_4q": 9.04,
            "gross_profit": 210698,
            "gross_margin": 35.06,
            "gross_margin_4q_avg": 35.08,
            "net_income": 33926,
            "revenue": 600957,
            "common_shares": 1031754,
            "book_valuer_per_share": 20.89,
            "book_valuer_per_share_4q_avg": 20.07,
            "equity": 2101284,
            "current_ratio": 221.24,
            "debt_ratio": 36.52,
            "inventory_turnover_ratio": 1.07,
            "account_receivable_turnover_ratio": 1.41,
            "reinvestment_rate": -2.14,
            "research_to_sale_ratio": 16.35,
            "price_fair": 121.54,
            "eps_avg_yearly": 3.47,
            "eps_latest_yearly": 1.36,
            "eps_growth_yearly": 383.79
        },
        "20181": {
            "year_quarter": 20181,
            "year": 2018,
            "quarter": 1,
            "eps": 0.23,
            "eps_growth_year": 155.56,
            "eps_4q": 1.93,
            "eps_4q_growth_year": 13.65,
            "roe": 1.08,
            "roe_4q": 9.69,
            "gross_profit": 155060,
            "gross_margin": 33.13,
            "gross_margin_4q_avg": 34.13,
            "net_income": 22503,
            "revenue": 468028,
            "common_shares": 1029164,
            "book_valuer_per_share": 20.84,
            "book_valuer_per_share_4q_avg": 20.19,
            "equity": 2062314,
            "current_ratio": 218.26,
            "debt_ratio": 36.83,
            "inventory_turnover_ratio": 0.86,
            "account_receivable_turnover_ratio": 1.21,
            "reinvestment_rate": -6.65,
            "research_to_sale_ratio": 12.09,
            "price_fair": 109.81,
            "eps_avg_yearly": 3.14,
            "eps_latest_yearly": 0.92,
            "eps_growth_yearly": 384.14
        },
        "20182": {
            "year_quarter": 20182,
            "year": 2018,
            "quarter": 2,
            "eps": 1.29,
            "eps_growth_year": 122.41,
            "eps_4q": 2.64,
            "eps_4q_growth_year": 35.16,
            "roe": 6.2,
            "roe_4q": 12.959999999999999,
            "gross_profit": 177446,
            "gross_margin": 33.14,
            "gross_margin_4q_avg": 34.07,
            "net_income": 127130,
            "revenue": 535450,
            "common_shares": 1029164,
            "book_valuer_per_share": 20.63,
            "book_valuer_per_share_4q_avg": 20.57,
            "equity": 2041085,
            "current_ratio": 209.43,
            "debt_ratio": 37.63,
            "inventory_turnover_ratio": 0.88,
            "account_receivable_turnover_ratio": 1.36,
            "reinvestment_rate": -6.24,
            "research_to_sale_ratio": 12.17,
            "price_fair": 111.13,
            "eps_avg_yearly": 3.18,
            "eps_latest_yearly": 5.16,
            "eps_growth_yearly": 506.21
        },
        "20183": {
            "year_quarter": 20183,
            "year": 2018,
            "quarter": 3,
            "eps": 0.73,
            "eps_growth_year": -6.41,
            "eps_4q": 2.59,
            "eps_4q_growth_year": -2.26,
            "roe": 3.48,
            "roe_4q": 12.43,
            "gross_profit": 195844,
            "gross_margin": 36.53,
            "gross_margin_4q_avg": 34.47,
            "net_income": 72175,
            "revenue": 536129,
            "common_shares": 1027064,
            "book_valuer_per_share": 21.35,
            "book_valuer_per_share_4q_avg": 20.93,
            "equity": 2112725,
            "current_ratio": 215.48,
            "debt_ratio": 36.58,
            "inventory_turnover_ratio": 0.79,
            "account_receivable_turnover_ratio": 1.31,
            "reinvestment_rate": -6.78,
            "research_to_sale_ratio": 11.87,
            "price_fair": 102.46,
            "eps_avg_yearly": 2.93,
            "eps_latest_yearly": 2.92,
            "eps_growth_yearly": 482.64
        },
        "20184": {
            "year_quarter": 20184,
            "year": 2018,
            "quarter": 4,
            "eps": 0.75,
            "eps_growth_year": 122.07,
            "eps_4q": 2.96,
            "eps_4q_growth_year": 67.77,
            "roe": 3.44,
            "roe_4q": 14.200000000000001,
            "gross_profit": 211101,
            "gross_margin": 39.65,
            "gross_margin_4q_avg": 35.61,
            "net_income": 75439,
            "revenue": 532392,
            "common_shares": 1027064,
            "book_valuer_per_share": 22.56,
            "book_valuer_per_share_4q_avg": 21.35,
            "equity": 2271805,
            "current_ratio": 239.28,
            "debt_ratio": 32.99,
            "inventory_turnover_ratio": 0.77,
            "account_receivable_turnover_ratio": 1.42,
            "reinvestment_rate": -7.05,
            "research_to_sale_ratio": 16.67,
            "price_fair": 97.3,
            "eps_avg_yearly": 2.78,
            "eps_latest_yearly": 3,
            "eps_growth_yearly": 488.84
        },
        "20191": {
            "year_quarter": 20191,
            "year": 2019,
            "quarter": 1,
            "eps": 0.48,
            "eps_growth_year": 108.7,
            "eps_4q": 3.26,
            "eps_4q_growth_year": 68.49,
            "roe": 2.12,
            "roe_4q": 15.240000000000002,
            "gross_profit": 151201,
            "gross_margin": 35.97,
            "gross_margin_4q_avg": 36.32,
            "net_income": 48080,
            "revenue": 420307,
            "common_shares": 1027064,
            "book_valuer_per_share": 22.76,
            "book_valuer_per_share_4q_avg": 21.83,
            "equity": 2260323,
            "current_ratio": 402.66,
            "debt_ratio": 20.49,
            "inventory_turnover_ratio": 0.63,
            "account_receivable_turnover_ratio": 1.11,
            "reinvestment_rate": -7.5,
            "research_to_sale_ratio": 14.42,
            "price_fair": 94.68,
            "eps_avg_yearly": 2.71,
            "eps_latest_yearly": 1.92,
            "eps_growth_yearly": 490.29
        },
        "20192": {
            "year_quarter": 20192,
            "year": 2019,
            "quarter": 2,
            "eps": 0.45,
            "eps_growth_year": -65.12,
            "eps_4q": 2.42,
            "eps_4q_growth_year": -8.29,
            "roe": 2.04,
            "roe_4q": 11.08,
            "gross_profit": 155827,
            "gross_margin": 38.52,
            "gross_margin_4q_avg": 37.67,
            "net_income": 44454,
            "revenue": 404501,
            "common_shares": 1027064,
            "book_valuer_per_share": 21.21,
            "book_valuer_per_share_4q_avg": 21.97,
            "equity": 2106399,
            "current_ratio": 310.17,
            "debt_ratio": 25.66,
            "inventory_turnover_ratio": 0.58,
            "account_receivable_turnover_ratio": 1.06,
            "reinvestment_rate": -7.7,
            "research_to_sale_ratio": 15.57,
            "price_fair": 92.93,
            "eps_avg_yearly": 2.66,
            "eps_latest_yearly": 1.8,
            "eps_growth_yearly": 492.9
        },
        "20193": {
            "year_quarter": 20193,
            "year": 2019,
            "quarter": 3,
            "eps": 0.68,
            "eps_growth_year": -6.85,
            "eps_4q": 2.38,
            "eps_4q_growth_year": -8.31,
            "roe": 3.15,
            "roe_4q": 10.75,
            "gross_profit": 182388,
            "gross_margin": 38.91,
            "gross_margin_4q_avg": 38.26,
            "net_income": 67376,
            "revenue": 468789,
            "common_shares": 1027064,
            "book_valuer_per_share": 21.89,
            "book_valuer_per_share_4q_avg": 22.11,
            "equity": 2173338,
            "current_ratio": 362.8,
            "debt_ratio": 22.83,
            "inventory_turnover_ratio": 0.73,
            "account_receivable_turnover_ratio": 1.22,
            "reinvestment_rate": -8.64,
            "research_to_sale_ratio": 11.93,
            "price_fair": 84,
            "eps_avg_yearly": 2.4,
            "eps_latest_yearly": 2.72,
            "eps_growth_yearly": 465.29
        },
        "20194": {
            "year_quarter": 20194,
            "year": 2019,
            "quarter": 4,
            "eps": 0.34,
            "eps_growth_year": -54.53,
            "eps_4q": 1.93,
            "eps_4q_growth_year": -34.86,
            "roe": 1.55,
            "roe_4q": 8.86,
            "gross_profit": 201411,
            "gross_margin": 39.61,
            "gross_margin_4q_avg": 38.25,
            "net_income": 34438,
            "revenue": 508538,
            "common_shares": 1027064,
            "book_valuer_per_share": 22.54,
            "book_valuer_per_share_4q_avg": 22.1,
            "equity": 2278022,
            "current_ratio": 301.69,
            "debt_ratio": 26.77,
            "inventory_turnover_ratio": 0.83,
            "account_receivable_turnover_ratio": 1.4,
            "reinvestment_rate": -9.76,
            "research_to_sale_ratio": 13.36,
            "price_fair": 78.05,
            "eps_avg_yearly": 2.23,
            "eps_latest_yearly": 1.36,
            "eps_growth_yearly": 462.79
        },
        "20201": {
            "year_quarter": 20201,
            "year": 2020,
            "quarter": 1,
            "eps": 0.45,
            "eps_growth_year": -6.25,
            "eps_4q": 1.93,
            "eps_4q_growth_year": -40.89,
            "roe": 1.99,
            "roe_4q": 8.73,
            "gross_profit": 132954,
            "gross_margin": 36.52,
            "gross_margin_4q_avg": 38.39,
            "net_income": 45466,
            "revenue": 364092,
            "common_shares": 1027064,
            "book_valuer_per_share": 22.89,
            "book_valuer_per_share_4q_avg": 22.13,
            "equity": 2282946,
            "current_ratio": 278.1,
            "debt_ratio": 29.07,
            "inventory_turnover_ratio": 0.62,
            "account_receivable_turnover_ratio": 1.22,
            "reinvestment_rate": -9.86,
            "research_to_sale_ratio": 15.77,
            "price_fair": 77.09,
            "eps_avg_yearly": 2.2,
            "eps_latest_yearly": 1.8,
            "eps_growth_yearly": 482.15
        },
        "20202": {
            "year_quarter": 20202,
            "year": 2020,
            "quarter": 2,
            "eps": -0.05,
            "eps_growth_year": -111.11,
            "eps_4q": 1.44,
            "eps_4q_growth_year": -40.67,
            "roe": -0.23,
            "roe_4q": 6.46,
            "gross_profit": 107792,
            "gross_margin": 34.17,
            "gross_margin_4q_avg": 37.3,
            "net_income": -4994,
            "revenue": 315415,
            "common_shares": 1027064,
            "book_valuer_per_share": 21.25,
            "book_valuer_per_share_4q_avg": 22.14,
            "equity": 2107023,
            "current_ratio": 217.81,
            "debt_ratio": 36.24,
            "inventory_turnover_ratio": 0.54,
            "account_receivable_turnover_ratio": 1.29,
            "reinvestment_rate": -10.75,
            "research_to_sale_ratio": 15.34,
            "price_fair": 79.15,
            "eps_avg_yearly": 2.26,
            "eps_latest_yearly": 1.8,
            "eps_growth_yearly": 525.25
        },
        "20203": {
            "year_quarter": 20203,
            "year": 2020,
            "quarter": 3,
            "eps": -0.2,
            "eps_growth_year": -129.41,
            "eps_4q": 0.56,
            "eps_4q_growth_year": -76.47,
            "roe": -0.93,
            "roe_4q": 2.38,
            "gross_profit": 83667,
            "gross_margin": 34.1,
            "gross_margin_4q_avg": 36.1,
            "net_income": -19581,
            "revenue": 245394,
            "common_shares": 1027064,
            "book_valuer_per_share": 21.05,
            "book_valuer_per_share_4q_avg": 21.93,
            "equity": 2087452,
            "current_ratio": 234.79,
            "debt_ratio": 33.06,
            "inventory_turnover_ratio": 0.42,
            "account_receivable_turnover_ratio": 1.1,
            "reinvestment_rate": -10.3,
            "research_to_sale_ratio": 17.39,
            "price_fair": 83.9,
            "eps_avg_yearly": 2.4,
            "eps_latest_yearly": 1.8,
            "eps_growth_yearly": 583.55
        },
        "20204": {
            "year_quarter": 20204,
            "year": 2020,
            "quarter": 4,
            "eps": -0.49,
            "eps_growth_year": -244.44,
            "eps_4q": -0.29,
            "eps_4q_growth_year": -114.8,
            "roe": -2.37,
            "roe_4q": -1.5400000000000003,
            "gross_profit": 85344,
            "gross_margin": 33.95,
            "gross_margin_4q_avg": 34.69,
            "net_income": -49488,
            "revenue": 251398,
            "common_shares": 1027064,
            "book_valuer_per_share": 20.72,
            "book_valuer_per_share_4q_avg": 21.48,
            "equity": 2085113,
            "current_ratio": 364.23,
            "debt_ratio": 20.99,
            "inventory_turnover_ratio": 0.45,
            "account_receivable_turnover_ratio": 1.07,
            "reinvestment_rate": -11.67,
            "research_to_sale_ratio": 26.88,
            "price_fair": 77.43,
            "eps_avg_yearly": 2.21,
            "eps_latest_yearly": 1.8,
            "eps_growth_yearly": 248.95
        },
        "20211": {
            "year_quarter": 20211,
            "year": 2021,
            "quarter": 1,
            "eps": 0.1,
            "eps_growth_year": -77.78,
            "eps_4q": -0.64,
            "eps_4q_growth_year": -133.27,
            "roe": 0.51,
            "roe_4q": -3.02,
            "gross_profit": 98084,
            "gross_margin": 32.46,
            "gross_margin_4q_avg": 33.67,
            "net_income": 10497,
            "revenue": 302137,
            "common_shares": 1027064,
            "book_valuer_per_share": 20.69,
            "book_valuer_per_share_4q_avg": 20.93,
            "equity": 2058955,
            "current_ratio": 525.83,
            "debt_ratio": 14.76,
            "inventory_turnover_ratio": 0.56,
            "account_receivable_turnover_ratio": 1.11,
            "reinvestment_rate": -10.33,
            "research_to_sale_ratio": 15.58,
            "price_fair": 82.83,
            "eps_avg_yearly": 2.37,
            "eps_latest_yearly": 1.8,
            "eps_growth_yearly": 300.53
        },
        "20212": {
            "year_quarter": 20212,
            "year": 2021,
            "quarter": 2,
            "eps": 0.36,
            "eps_growth_year": null,
            "eps_4q": -0.24,
            "eps_4q_growth_year": -116.35,
            "roe": 1.76,
            "roe_4q": -1.0300000000000002,
            "gross_profit": 155037,
            "gross_margin": 37.83,
            "gross_margin_4q_avg": 34.59,
            "net_income": 35457,
            "revenue": 409784,
            "common_shares": 1027064,
            "book_valuer_per_share": 19.92,
            "book_valuer_per_share_4q_avg": 20.6,
            "equity": 1965152,
            "current_ratio": 320.92,
            "debt_ratio": 22.76,
            "inventory_turnover_ratio": 0.62,
            "account_receivable_turnover_ratio": 1.22,
            "reinvestment_rate": -12.6,
            "research_to_sale_ratio": 12.57,
            "price_fair": 80.27,
            "eps_avg_yearly": 2.29,
            "eps_latest_yearly": 1.44,
            "eps_growth_yearly": 205.71
        },
        "20213": {
            "year_quarter": 20213,
            "year": 2021,
            "quarter": 3,
            "eps": 0.4,
            "eps_growth_year": null,
            "eps_4q": 0.37,
            "eps_4q_growth_year": -34.66,
            "roe": 1.99,
            "roe_4q": 1.8899999999999997,
            "gross_profit": 161555,
            "gross_margin": 34.79,
            "gross_margin_4q_avg": 34.76,
            "net_income": 39489,
            "revenue": 464396,
            "common_shares": 1027064,
            "book_valuer_per_share": 20.32,
            "book_valuer_per_share_4q_avg": 20.41,
            "equity": 2004635,
            "current_ratio": 237.45,
            "debt_ratio": 31.76,
            "inventory_turnover_ratio": 0.57,
            "account_receivable_turnover_ratio": 1.1,
            "reinvestment_rate": -12.69,
            "research_to_sale_ratio": 13.54,
            "price_fair": 75.83,
            "eps_avg_yearly": 2.17,
            "eps_latest_yearly": 1.6,
            "eps_growth_yearly": 197.92
        },
        "20214": {
            "year_quarter": 20214,
            "year": 2021,
            "quarter": 4,
            "eps": 0.38,
            "eps_growth_year": null,
            "eps_4q": 1.24,
            "eps_4q_growth_year": null,
            "roe": 1.86,
            "roe_4q": 6.12,
            "gross_profit": 178122,
            "gross_margin": 33.57,
            "gross_margin_4q_avg": 34.66,
            "net_income": 38157,
            "revenue": 530633,
            "common_shares": 1027064,
            "book_valuer_per_share": 21.02,
            "book_valuer_per_share_4q_avg": 20.49,
            "equity": 2102594,
            "current_ratio": 224.39,
            "debt_ratio": 34.4,
            "inventory_turnover_ratio": 0.56,
            "account_receivable_turnover_ratio": 1.18,
            "reinvestment_rate": -11.84,
            "research_to_sale_ratio": 14.31,
            "price_fair": 76.3,
            "eps_avg_yearly": 2.18,
            "eps_latest_yearly": 1.52,
            "eps_growth_yearly": 215.06
        },
        "20221": {
            "year_quarter": 20221,
            "year": 2022,
            "quarter": 1,
            "eps": 0.91,
            "eps_growth_year": 810,
            "eps_4q": 2.04,
            "eps_4q_growth_year": null,
            "roe": 4.21,
            "roe_4q": 9.82,
            "gross_profit": 165206,
            "gross_margin": 32.86,
            "gross_margin_4q_avg": 34.76,
            "net_income": 90334,
            "revenue": 502728,
            "common_shares": 1027064,
            "book_valuer_per_share": 21.93,
            "book_valuer_per_share_4q_avg": 20.8,
            "equity": 2193385,
            "current_ratio": 253.69,
            "debt_ratio": 30.6,
            "inventory_turnover_ratio": 0.49,
            "account_receivable_turnover_ratio": 0.97,
            "reinvestment_rate": -4.37,
            "research_to_sale_ratio": 12.25,
            "price_fair": 84.23,
            "eps_avg_yearly": 2.41,
            "eps_latest_yearly": 3.64,
            "eps_growth_yearly": 272.33
        },
        "20222": {
            "year_quarter": 20222,
            "year": 2022,
            "quarter": 2,
            "eps": 0.65,
            "eps_growth_year": 80.56,
            "eps_4q": 2.33,
            "eps_4q_growth_year": null,
            "roe": 2.98,
            "roe_4q": 11.04,
            "gross_profit": 121185,
            "gross_margin": 33.66,
            "gross_margin_4q_avg": 33.72,
            "net_income": 64878,
            "revenue": 360034,
            "common_shares": 1027064,
            "book_valuer_per_share": 21.58,
            "book_valuer_per_share_4q_avg": 21.21,
            "equity": 2158650,
            "current_ratio": 229.87,
            "debt_ratio": 33.88,
            "inventory_turnover_ratio": 0.33,
            "account_receivable_turnover_ratio": 0.62,
            "reinvestment_rate": -4.39,
            "research_to_sale_ratio": 15.87,
            "price_fair": 76.77,
            "eps_avg_yearly": 2.19,
            "eps_latest_yearly": 2.6,
            "eps_growth_yearly": 109.19
        },
        "20223": {
            "year_quarter": 20223,
            "year": 2022,
            "quarter": 3,
            "eps": 1.03,
            "eps_growth_year": 157.5,
            "eps_4q": 2.96,
            "eps_4q_growth_year": 711.59,
            "roe": 4.64,
            "roe_4q": 13.689999999999998,
            "gross_profit": 150360,
            "gross_margin": 35.08,
            "gross_margin_4q_avg": 33.79,
            "net_income": 102468,
            "revenue": 428651,
            "common_shares": 1027064,
            "book_valuer_per_share": 22.61,
            "book_valuer_per_share_4q_avg": 21.79,
            "equity": 2261603,
            "current_ratio": 279.04,
            "debt_ratio": 27.94,
            "inventory_turnover_ratio": 0.36,
            "account_receivable_turnover_ratio": 0.75,
            "reinvestment_rate": -4.38,
            "research_to_sale_ratio": 14.01,
            "price_fair": 80.27,
            "eps_avg_yearly": 2.29,
            "eps_latest_yearly": 4.12,
            "eps_growth_yearly": 143.14
        },
        "20224": {
            "year_quarter": 20224,
            "year": 2022,
            "quarter": 4,
            "eps": 0.31,
            "eps_growth_year": -19.44,
            "eps_4q": 2.85,
            "eps_4q_growth_year": 130.41,
            "roe": 1.35,
            "roe_4q": 13.18,
            "gross_profit": 183893,
            "gross_margin": 40.46,
            "gross_margin_4q_avg": 35.52,
            "net_income": 31185,
            "revenue": 454505,
            "common_shares": 1027064,
            "book_valuer_per_share": 23.17,
            "book_valuer_per_share_4q_avg": 22.32,
            "equity": 2351114,
            "current_ratio": 301.87,
            "debt_ratio": 26.35,
            "inventory_turnover_ratio": 0.35,
            "account_receivable_turnover_ratio": 0.82,
            "reinvestment_rate": -4.96,
            "research_to_sale_ratio": 11.67,
            "price_fair": 75.13,
            "eps_avg_yearly": 2.15,
            "eps_latest_yearly": 1.24,
            "eps_growth_yearly": 118.93
        },
        "20231": {
            "year_quarter": 20231,
            "year": 2023,
            "quarter": 1,
            "eps": 0.31,
            "eps_growth_year": -65.93,
            "eps_4q": 2.29,
            "eps_4q_growth_year": 12.44,
            "roe": 1.35,
            "roe_4q": 10.32,
            "gross_profit": 134287,
            "gross_margin": 36.6,
            "gross_margin_4q_avg": 36.45,
            "net_income": 31812,
            "revenue": 366906,
            "common_shares": 1027064,
            "book_valuer_per_share": 23.38,
            "book_valuer_per_share_4q_avg": 22.69,
            "equity": 2354716,
            "current_ratio": 422.78,
            "debt_ratio": 18.92,
            "inventory_turnover_ratio": 0.31,
            "account_receivable_turnover_ratio": 0.78,
            "reinvestment_rate": -3.54,
            "research_to_sale_ratio": 13.86,
            "price_fair": 73.15,
            "eps_avg_yearly": 2.09,
            "eps_latest_yearly": 1.24,
            "eps_growth_yearly": 130.93
        }
    },
    "months": {
        "2001-06": {
            "month": "2001-06",
            "price": "17.60",
            "revenue": 31964
        },
        "2001-07": {
            "month": "2001-07",
            "price": "15.16",
            "revenue": 25511
        },
        "2001-08": {
            "month": "2001-08",
            "price": "12.88",
            "revenue": 27231
        },
        "2001-09": {
            "month": "2001-09",
            "price": "12.42",
            "revenue": 30954
        },
        "2001-10": {
            "month": "2001-10",
            "price": "11.66",
            "revenue": 25752
        },
        "2001-11": {
            "month": "2001-11",
            "price": "12.16",
            "revenue": 25949
        },
        "2001-12": {
            "month": "2001-12",
            "price": "15.15",
            "revenue": 25311
        },
        "2002-01": {
            "month": "2002-01",
            "price": "22.91",
            "revenue": 25507
        },
        "2002-02": {
            "month": "2002-02",
            "price": "22.01",
            "revenue": 20806
        },
        "2002-03": {
            "month": "2002-03",
            "price": "22.17",
            "revenue": 20606
        },
        "2002-04": {
            "month": "2002-04",
            "price": "22.15",
            "revenue": 38419
        },
        "2002-05": {
            "month": "2002-05",
            "price": "21.47",
            "revenue": 28003
        },
        "2002-06": {
            "month": "2002-06",
            "price": "21.04",
            "revenue": 20649
        },
        "2002-07": {
            "month": "2002-07",
            "price": "19.15",
            "revenue": 26779
        },
        "2002-08": {
            "month": "2002-08",
            "price": "14.38",
            "revenue": 20607
        },
        "2002-09": {
            "month": "2002-09",
            "price": "13.32",
            "revenue": 20051
        },
        "2002-10": {
            "month": "2002-10",
            "price": "11.49",
            "revenue": 21419
        },
        "2002-11": {
            "month": "2002-11",
            "price": "11.11",
            "revenue": 17046
        },
        "2002-12": {
            "month": "2002-12",
            "price": "11.98",
            "revenue": 15050
        },
        "2003-01": {
            "month": "2003-01",
            "price": "12.05",
            "revenue": 19958
        },
        "2003-02": {
            "month": "2003-02",
            "price": "11.96",
            "revenue": 22476
        },
        "2003-03": {
            "month": "2003-03",
            "price": "12.33",
            "revenue": 25018
        },
        "2003-04": {
            "month": "2003-04",
            "price": "12.82",
            "revenue": 20833
        },
        "2003-05": {
            "month": "2003-05",
            "price": "12.56",
            "revenue": 22490
        },
        "2003-06": {
            "month": "2003-06",
            "price": "13.69",
            "revenue": 30680
        },
        "2003-07": {
            "month": "2003-07",
            "price": "17.87",
            "revenue": 23013
        },
        "2003-08": {
            "month": "2003-08",
            "price": "15.53",
            "revenue": 23890
        },
        "2003-09": {
            "month": "2003-09",
            "price": "15.15",
            "revenue": 30849
        },
        "2003-10": {
            "month": "2003-10",
            "price": "15.32",
            "revenue": 34036
        },
        "2003-11": {
            "month": "2003-11",
            "price": "15.24",
            "revenue": 34718
        },
        "2003-12": {
            "month": "2003-12",
            "price": "15.60",
            "revenue": 40667
        },
        "2004-01": {
            "month": "2004-01",
            "price": "15.46",
            "revenue": 38909
        },
        "2004-02": {
            "month": "2004-02",
            "price": "18.86",
            "revenue": 50264
        },
        "2004-03": {
            "month": "2004-03",
            "price": "21.01",
            "revenue": 50981
        },
        "2004-04": {
            "month": "2004-04",
            "price": "24.02",
            "revenue": 63800
        },
        "2004-05": {
            "month": "2004-05",
            "price": "21.94",
            "revenue": 57371
        },
        "2004-06": {
            "month": "2004-06",
            "price": "20.93",
            "revenue": 59198
        },
        "2004-07": {
            "month": "2004-07",
            "price": "19.36",
            "revenue": 49399
        },
        "2004-08": {
            "month": "2004-08",
            "price": "18.66",
            "revenue": 57045
        },
        "2004-09": {
            "month": "2004-09",
            "price": "22.19",
            "revenue": 62862
        },
        "2004-10": {
            "month": "2004-10",
            "price": "20.90",
            "revenue": 69874
        },
        "2004-11": {
            "month": "2004-11",
            "price": "21.14",
            "revenue": 62428
        },
        "2004-12": {
            "month": "2004-12",
            "price": "21.29",
            "revenue": 58641
        },
        "2005-01": {
            "month": "2005-01",
            "price": "20.56",
            "revenue": 55469
        },
        "2005-02": {
            "month": "2005-02",
            "price": "21.51",
            "revenue": 51245
        },
        "2005-03": {
            "month": "2005-03",
            "price": "22.55",
            "revenue": 53969
        },
        "2005-04": {
            "month": "2005-04",
            "price": "21.40",
            "revenue": 63742
        },
        "2005-05": {
            "month": "2005-05",
            "price": "19.02",
            "revenue": 56850
        },
        "2005-06": {
            "month": "2005-06",
            "price": "19.09",
            "revenue": 65163
        },
        "2005-07": {
            "month": "2005-07",
            "price": "21.26",
            "revenue": 54848
        },
        "2005-08": {
            "month": "2005-08",
            "price": "20.69",
            "revenue": 72731
        },
        "2005-09": {
            "month": "2005-09",
            "price": "18.54",
            "revenue": 63097
        },
        "2005-10": {
            "month": "2005-10",
            "price": "18.55",
            "revenue": 73757
        },
        "2005-11": {
            "month": "2005-11",
            "price": "17.65",
            "revenue": 64365
        },
        "2005-12": {
            "month": "2005-12",
            "price": "18.18",
            "revenue": 63706
        },
        "2006-01": {
            "month": "2006-01",
            "price": "18.31",
            "revenue": 58416
        },
        "2006-02": {
            "month": "2006-02",
            "price": "18.22",
            "revenue": 65984
        },
        "2006-03": {
            "month": "2006-03",
            "price": "18.09",
            "revenue": 63394
        },
        "2006-04": {
            "month": "2006-04",
            "price": "18.71",
            "revenue": 109768
        },
        "2006-05": {
            "month": "2006-05",
            "price": "23.85",
            "revenue": 102035
        },
        "2006-06": {
            "month": "2006-06",
            "price": "23.70",
            "revenue": 103090
        },
        "2006-07": {
            "month": "2006-07",
            "price": "23.94",
            "revenue": 100073
        },
        "2006-08": {
            "month": "2006-08",
            "price": "24.36",
            "revenue": 93411
        },
        "2006-09": {
            "month": "2006-09",
            "price": "23.36",
            "revenue": 102587
        },
        "2006-10": {
            "month": "2006-10",
            "price": "23.92",
            "revenue": 105770
        },
        "2006-11": {
            "month": "2006-11",
            "price": "24.71",
            "revenue": 108796
        },
        "2006-12": {
            "month": "2006-12",
            "price": "29.27",
            "revenue": 114817
        },
        "2007-01": {
            "month": "2007-01",
            "price": "30.13",
            "revenue": 116833
        },
        "2007-02": {
            "month": "2007-02",
            "price": "30.93",
            "revenue": 91977
        },
        "2007-03": {
            "month": "2007-03",
            "price": "32.94",
            "revenue": 100783
        },
        "2007-04": {
            "month": "2007-04",
            "price": "36.61",
            "revenue": 110881
        },
        "2007-05": {
            "month": "2007-05",
            "price": "38.82",
            "revenue": 127011
        },
        "2007-06": {
            "month": "2007-06",
            "price": "54.72",
            "revenue": 117106
        },
        "2007-07": {
            "month": "2007-07",
            "price": "70.77",
            "revenue": 128092
        },
        "2007-08": {
            "month": "2007-08",
            "price": "62.74",
            "revenue": 135525
        },
        "2007-09": {
            "month": "2007-09",
            "price": "66.69",
            "revenue": 120664
        },
        "2007-10": {
            "month": "2007-10",
            "price": "59.48",
            "revenue": 132659
        },
        "2007-11": {
            "month": "2007-11",
            "price": "51.70",
            "revenue": 141582
        },
        "2007-12": {
            "month": "2007-12",
            "price": "54.40",
            "revenue": 151601
        },
        "2008-01": {
            "month": "2008-01",
            "price": "47.15",
            "revenue": 153846
        },
        "2008-02": {
            "month": "2008-02",
            "price": "41.90",
            "revenue": 130247
        },
        "2008-03": {
            "month": "2008-03",
            "price": "44.96",
            "revenue": 119514
        },
        "2008-04": {
            "month": "2008-04",
            "price": "50.12",
            "revenue": 113408
        },
        "2008-05": {
            "month": "2008-05",
            "price": "51.45",
            "revenue": 130840
        },
        "2008-06": {
            "month": "2008-06",
            "price": "47.27",
            "revenue": 121598
        },
        "2008-07": {
            "month": "2008-07",
            "price": "39.46",
            "revenue": 113420
        },
        "2008-08": {
            "month": "2008-08",
            "price": "33.80",
            "revenue": 126719
        },
        "2008-09": {
            "month": "2008-09",
            "price": "28.09",
            "revenue": 109238
        },
        "2008-10": {
            "month": "2008-10",
            "price": "21.64",
            "revenue": 88336
        },
        "2008-11": {
            "month": "2008-11",
            "price": "17.40",
            "revenue": 103370
        },
        "2008-12": {
            "month": "2008-12",
            "price": "18.65",
            "revenue": 75289
        },
        "2009-01": {
            "month": "2009-01",
            "price": "19.17",
            "revenue": 73322
        },
        "2009-02": {
            "month": "2009-02",
            "price": "19.56",
            "revenue": 71303
        },
        "2009-03": {
            "month": "2009-03",
            "price": "20.74",
            "revenue": 106126
        },
        "2009-04": {
            "month": "2009-04",
            "price": "23.60",
            "revenue": 101891
        },
        "2009-05": {
            "month": "2009-05",
            "price": "26.16",
            "revenue": 101616
        },
        "2009-06": {
            "month": "2009-06",
            "price": "27.97",
            "revenue": 140909
        },
        "2009-07": {
            "month": "2009-07",
            "price": "30.73",
            "revenue": 115489
        },
        "2009-08": {
            "month": "2009-08",
            "price": "31.65",
            "revenue": 117585
        },
        "2009-09": {
            "month": "2009-09",
            "price": "34.05",
            "revenue": 123178
        },
        "2009-10": {
            "month": "2009-10",
            "price": "33.86",
            "revenue": 125624
        },
        "2009-11": {
            "month": "2009-11",
            "price": "32.65",
            "revenue": 141705
        },
        "2009-12": {
            "month": "2009-12",
            "price": "34.90",
            "revenue": 150867
        },
        "2010-01": {
            "month": "2010-01",
            "price": "37.68",
            "revenue": 149217
        },
        "2010-02": {
            "month": "2010-02",
            "price": "35.49",
            "revenue": 97544
        },
        "2010-03": {
            "month": "2010-03",
            "price": "37.60",
            "revenue": 131414
        },
        "2010-04": {
            "month": "2010-04",
            "price": "41.65",
            "revenue": 140503
        },
        "2010-05": {
            "month": "2010-05",
            "price": "38.28",
            "revenue": 160275
        },
        "2010-06": {
            "month": "2010-06",
            "price": "38.39",
            "revenue": 166979
        },
        "2010-07": {
            "month": "2010-07",
            "price": "38.43",
            "revenue": 167883
        },
        "2010-08": {
            "month": "2010-08",
            "price": "36.55",
            "revenue": 165256
        },
        "2010-09": {
            "month": "2010-09",
            "price": "36.55",
            "revenue": 166745
        },
        "2010-10": {
            "month": "2010-10",
            "price": "36.80",
            "revenue": 105038
        },
        "2010-11": {
            "month": "2010-11",
            "price": "32.92",
            "revenue": 132507
        },
        "2010-12": {
            "month": "2010-12",
            "price": "33.49",
            "revenue": 131123
        },
        "2011-01": {
            "month": "2011-01",
            "price": "33.63",
            "revenue": 97878
        },
        "2011-02": {
            "month": "2011-02",
            "price": "31.37",
            "revenue": 91077
        },
        "2011-03": {
            "month": "2011-03",
            "price": "32.13",
            "revenue": 117459
        },
        "2011-04": {
            "month": "2011-04",
            "price": "31.52",
            "revenue": 101963
        },
        "2011-05": {
            "month": "2011-05",
            "price": "30.45",
            "revenue": 106024
        },
        "2011-06": {
            "month": "2011-06",
            "price": "28.96",
            "revenue": 122448
        },
        "2011-07": {
            "month": "2011-07",
            "price": "28.79",
            "revenue": 110360
        },
        "2011-08": {
            "month": "2011-08",
            "price": "27.08",
            "revenue": 103988
        },
        "2011-09": {
            "month": "2011-09",
            "price": "24.34",
            "revenue": 120405
        },
        "2011-10": {
            "month": "2011-10",
            "price": "24.34",
            "revenue": 101931
        },
        "2011-11": {
            "month": "2011-11",
            "price": "23.85",
            "revenue": 121137
        },
        "2011-12": {
            "month": "2011-12",
            "price": "25.38",
            "revenue": 151334
        },
        "2012-01": {
            "month": "2012-01",
            "price": "27.71",
            "revenue": 131335
        },
        "2012-02": {
            "month": "2012-02",
            "price": "31.32",
            "revenue": 140632
        },
        "2012-03": {
            "month": "2012-03",
            "price": "35.99",
            "revenue": 181136
        },
        "2012-04": {
            "month": "2012-04",
            "price": "34.01",
            "revenue": 152274
        },
        "2012-05": {
            "month": "2012-05",
            "price": "32.57",
            "revenue": 160882
        },
        "2012-06": {
            "month": "2012-06",
            "price": "31.84",
            "revenue": 160019
        },
        "2012-07": {
            "month": "2012-07",
            "price": "32.89",
            "revenue": 172665
        },
        "2012-08": {
            "month": "2012-08",
            "price": "35.84",
            "revenue": 204556
        },
        "2012-09": {
            "month": "2012-09",
            "price": "40.42",
            "revenue": 205863
        },
        "2012-10": {
            "month": "2012-10",
            "price": "40.82",
            "revenue": 207427
        },
        "2012-11": {
            "month": "2012-11",
            "price": "41.37",
            "revenue": 180366
        },
        "2012-12": {
            "month": "2012-12",
            "price": "40.15",
            "revenue": 150762
        },
        "2013-01": {
            "month": "2013-01",
            "price": "40.73",
            "revenue": 143967
        },
        "2013-02": {
            "month": "2013-02",
            "price": "42.97",
            "revenue": 127874
        },
        "2013-03": {
            "month": "2013-03",
            "price": "43.60",
            "revenue": 191575
        },
        "2013-04": {
            "month": "2013-04",
            "price": "45.54",
            "revenue": 156359
        },
        "2013-05": {
            "month": "2013-05",
            "price": "45.87",
            "revenue": 240719
        },
        "2013-06": {
            "month": "2013-06",
            "price": "47.81",
            "revenue": 180780
        },
        "2013-07": {
            "month": "2013-07",
            "price": "55.33",
            "revenue": 204378
        },
        "2013-08": {
            "month": "2013-08",
            "price": "62.86",
            "revenue": 200557
        },
        "2013-09": {
            "month": "2013-09",
            "price": "61.44",
            "revenue": 202567
        },
        "2013-10": {
            "month": "2013-10",
            "price": "61.02",
            "revenue": 225898
        },
        "2013-11": {
            "month": "2013-11",
            "price": "66.64",
            "revenue": 217108
        },
        "2013-12": {
            "month": "2013-12",
            "price": "79.48",
            "revenue": 193816
        },
        "2014-01": {
            "month": "2014-01",
            "price": "75.03",
            "revenue": 146451
        },
        "2014-02": {
            "month": "2014-02",
            "price": "76.76",
            "revenue": 166273
        },
        "2014-03": {
            "month": "2014-03",
            "price": "83.88",
            "revenue": 207936
        },
        "2014-04": {
            "month": "2014-04",
            "price": "79.92",
            "revenue": 234159
        },
        "2014-05": {
            "month": "2014-05",
            "price": "78.94",
            "revenue": 206230
        },
        "2014-06": {
            "month": "2014-06",
            "price": "77.40",
            "revenue": 225563
        },
        "2014-07": {
            "month": "2014-07",
            "price": "74.81",
            "revenue": 240791
        },
        "2014-08": {
            "month": "2014-08",
            "price": "67.95",
            "revenue": 263856
        },
        "2014-09": {
            "month": "2014-09",
            "price": "64.27",
            "revenue": 260732
        },
        "2014-10": {
            "month": "2014-10",
            "price": "60.80",
            "revenue": 263501
        },
        "2014-11": {
            "month": "2014-11",
            "price": "65.50",
            "revenue": 255704
        },
        "2014-12": {
            "month": "2014-12",
            "price": "70.40",
            "revenue": 231509
        },
        "2015-01": {
            "month": "2015-01",
            "price": "70.56",
            "revenue": 164601
        },
        "2015-02": {
            "month": "2015-02",
            "price": "69.62",
            "revenue": 172442
        },
        "2015-03": {
            "month": "2015-03",
            "price": "68.26",
            "revenue": 183354
        },
        "2015-04": {
            "month": "2015-04",
            "price": "60.10",
            "revenue": 180653
        },
        "2015-05": {
            "month": "2015-05",
            "price": "55.02",
            "revenue": 195172
        },
        "2015-06": {
            "month": "2015-06",
            "price": "50.38",
            "revenue": 185474
        },
        "2015-07": {
            "month": "2015-07",
            "price": "49.03",
            "revenue": 183075
        },
        "2015-08": {
            "month": "2015-08",
            "price": "47.49",
            "revenue": 216116
        },
        "2015-09": {
            "month": "2015-09",
            "price": "51.40",
            "revenue": 212666
        },
        "2015-10": {
            "month": "2015-10",
            "price": "52.47",
            "revenue": 210058
        },
        "2015-11": {
            "month": "2015-11",
            "price": "51.73",
            "revenue": 206950
        },
        "2015-12": {
            "month": "2015-12",
            "price": "52.67",
            "revenue": 196118
        },
        "2016-01": {
            "month": "2016-01",
            "price": "51.30",
            "revenue": 169126
        },
        "2016-02": {
            "month": "2016-02",
            "price": "51.91",
            "revenue": 141361
        },
        "2016-03": {
            "month": "2016-03",
            "price": "53.03",
            "revenue": 178434
        },
        "2016-04": {
            "month": "2016-04",
            "price": "51.41",
            "revenue": 151179
        },
        "2016-05": {
            "month": "2016-05",
            "price": "49.02",
            "revenue": 171257
        },
        "2016-06": {
            "month": "2016-06",
            "price": "46.26",
            "revenue": 124141
        },
        "2016-07": {
            "month": "2016-07",
            "price": "43.04",
            "revenue": 142561
        },
        "2016-08": {
            "month": "2016-08",
            "price": "44.13",
            "revenue": 160913
        },
        "2016-09": {
            "month": "2016-09",
            "price": "42.04",
            "revenue": 154034
        },
        "2016-10": {
            "month": "2016-10",
            "price": "42.00",
            "revenue": 178762
        },
        "2016-11": {
            "month": "2016-11",
            "price": "41.98",
            "revenue": 203530
        },
        "2016-12": {
            "month": "2016-12",
            "price": "45.46",
            "revenue": 198257
        },
        "2017-01": {
            "month": "2017-01",
            "price": "41.02",
            "revenue": 152423
        },
        "2017-02": {
            "month": "2017-02",
            "price": "38.04",
            "revenue": 142329
        },
        "2017-03": {
            "month": "2017-03",
            "price": "37.19",
            "revenue": 201450
        },
        "2017-04": {
            "month": "2017-04",
            "price": "36.84",
            "revenue": 164361
        },
        "2017-05": {
            "month": "2017-05",
            "price": "35.30",
            "revenue": 178348
        },
        "2017-06": {
            "month": "2017-06",
            "price": "34.50",
            "revenue": 184170
        },
        "2017-07": {
            "month": "2017-07",
            "price": "35.57",
            "revenue": 174591
        },
        "2017-08": {
            "month": "2017-08",
            "price": "34.94",
            "revenue": 205182
        },
        "2017-09": {
            "month": "2017-09",
            "price": "34.76",
            "revenue": 207802
        },
        "2017-10": {
            "month": "2017-10",
            "price": "36.30",
            "revenue": 212546
        },
        "2017-11": {
            "month": "2017-11",
            "price": "38.48",
            "revenue": 206426
        },
        "2017-12": {
            "month": "2017-12",
            "price": "38.27",
            "revenue": 182028
        },
        "2018-01": {
            "month": "2018-01",
            "price": "37.76",
            "revenue": 181132
        },
        "2018-02": {
            "month": "2018-02",
            "price": "37.55",
            "revenue": 150661
        },
        "2018-03": {
            "month": "2018-03",
            "price": "37.62",
            "revenue": 136237
        },
        "2018-04": {
            "month": "2018-04",
            "price": "37.17",
            "revenue": 160035
        },
        "2018-05": {
            "month": "2018-05",
            "price": "37.14",
            "revenue": 183549
        },
        "2018-06": {
            "month": "2018-06",
            "price": "37.24",
            "revenue": 191863
        },
        "2018-07": {
            "month": "2018-07",
            "price": "37.26",
            "revenue": 185200
        },
        "2018-08": {
            "month": "2018-08",
            "price": "37.51",
            "revenue": 186875
        },
        "2018-09": {
            "month": "2018-09",
            "price": "37.76",
            "revenue": 164047
        },
        "2018-10": {
            "month": "2018-10",
            "price": "36.31",
            "revenue": 182573
        },
        "2018-11": {
            "month": "2018-11",
            "price": "37.08",
            "revenue": 184508
        },
        "2018-12": {
            "month": "2018-12",
            "price": "37.63",
            "revenue": 165306
        },
        "2019-01": {
            "month": "2019-01",
            "price": "40.75",
            "revenue": 161974
        },
        "2019-02": {
            "month": "2019-02",
            "price": "42.79",
            "revenue": 127201
        },
        "2019-03": {
            "month": "2019-03",
            "price": "41.66",
            "revenue": 131101
        },
        "2019-04": {
            "month": "2019-04",
            "price": "39.47",
            "revenue": 131460
        },
        "2019-05": {
            "month": "2019-05",
            "price": "39.61",
            "revenue": 131045
        },
        "2019-06": {
            "month": "2019-06",
            "price": "39.79",
            "revenue": 142001
        },
        "2019-07": {
            "month": "2019-07",
            "price": "38.03",
            "revenue": 140494
        },
        "2019-08": {
            "month": "2019-08",
            "price": "33.96",
            "revenue": 163427
        },
        "2019-09": {
            "month": "2019-09",
            "price": "32.98",
            "revenue": 164913
        },
        "2019-10": {
            "month": "2019-10",
            "price": "33.64",
            "revenue": 170178
        },
        "2019-11": {
            "month": "2019-11",
            "price": "33.07",
            "revenue": 167916
        },
        "2019-12": {
            "month": "2019-12",
            "price": "32.82",
            "revenue": 170488
        },
        "2020-01": {
            "month": "2020-01",
            "price": "32.75",
            "revenue": 124616
        },
        "2020-02": {
            "month": "2020-02",
            "price": "32.27",
            "revenue": 122024
        },
        "2020-03": {
            "month": "2020-03",
            "price": "30.83",
            "revenue": 117453
        },
        "2020-04": {
            "month": "2020-04",
            "price": "31.86",
            "revenue": 112783
        },
        "2020-05": {
            "month": "2020-05",
            "price": "32.38",
            "revenue": 101242
        },
        "2020-06": {
            "month": "2020-06",
            "price": "32.22",
            "revenue": 101389
        },
        "2020-07": {
            "month": "2020-07",
            "price": "31.01",
            "revenue": 83607
        },
        "2020-08": {
            "month": "2020-08",
            "price": "29.61",
            "revenue": 80656
        },
        "2020-09": {
            "month": "2020-09",
            "price": "29.35",
            "revenue": 81130
        },
        "2020-10": {
            "month": "2020-10",
            "price": "29.21",
            "revenue": 84572
        },
        "2020-11": {
            "month": "2020-11",
            "price": "29.08",
            "revenue": 81780
        },
        "2020-12": {
            "month": "2020-12",
            "price": "29.18",
            "revenue": 85075
        },
        "2021-01": {
            "month": "2021-01",
            "price": "29.43",
            "revenue": 91368
        },
        "2021-02": {
            "month": "2021-02",
            "price": "29.19",
            "revenue": 80159
        },
        "2021-03": {
            "month": "2021-03",
            "price": "32.22",
            "revenue": 130610
        },
        "2021-04": {
            "month": "2021-04",
            "price": "33.58",
            "revenue": 141351
        },
        "2021-05": {
            "month": "2021-05",
            "price": "30.55",
            "revenue": 132102
        },
        "2021-06": {
            "month": "2021-06",
            "price": "32.90",
            "revenue": 136317
        },
        "2021-07": {
            "month": "2021-07",
            "price": "33.26",
            "revenue": 150425
        },
        "2021-08": {
            "month": "2021-08",
            "price": "33.63",
            "revenue": 151521
        },
        "2021-09": {
            "month": "2021-09",
            "price": "33.66",
            "revenue": 162465
        },
        "2021-10": {
            "month": "2021-10",
            "price": "34.35",
            "revenue": 171150
        },
        "2021-11": {
            "month": "2021-11",
            "price": "35.75",
            "revenue": 184167
        },
        "2021-12": {
            "month": "2021-12",
            "price": "35.90",
            "revenue": 175313
        },
        "2022-01": {
            "month": "2022-01",
            "price": "35.10",
            "revenue": 181262
        },
        "2022-02": {
            "month": "2022-02",
            "price": "35.00",
            "revenue": 170119
        },
        "2022-03": {
            "month": "2022-03",
            "price": "34.44",
            "revenue": 151347
        },
        "2022-04": {
            "month": "2022-04",
            "price": "34.35",
            "revenue": 142239
        },
        "2022-05": {
            "month": "2022-05",
            "price": "34.90",
            "revenue": 114276
        },
        "2022-06": {
            "month": "2022-06",
            "price": "34.53",
            "revenue": 103520
        },
        "2022-07": {
            "month": "2022-07",
            "price": "34.47",
            "revenue": 140568
        },
        "2022-08": {
            "month": "2022-08",
            "price": "35.73",
            "revenue": 141506
        },
        "2022-09": {
            "month": "2022-09",
            "price": "35.78",
            "revenue": 146577
        },
        "2022-10": {
            "month": "2022-10",
            "price": "34.66",
            "revenue": 148347
        },
        "2022-11": {
            "month": "2022-11",
            "price": "37.74",
            "revenue": 152131
        },
        "2022-12": {
            "month": "2022-12",
            "price": "37.62",
            "revenue": 154027
        },
        "2023-01": {
            "month": "2023-01",
            "price": "36.14",
            "revenue": 115863
        },
        "2023-02": {
            "month": "2023-02",
            "price": "36.23",
            "revenue": 120771
        },
        "2023-03": {
            "month": "2023-03",
            "price": "37.44",
            "revenue": 130273
        },
        "2023-04": {
            "month": "2023-04",
            "price": "38.94",
            "revenue": 131386
        },
        "2023-05": {
            "month": "2023-05",
            "price": "40.27",
            "revenue": 135089
        }
    }
}
