{
    "summary": {
        "stock_name": "同亨",
        "stock_id": "5490",
        "category": "電腦及週邊設備",
        "main_business": "電子金融交易終端機及其零組件<br>交易資料安全保護設備及其零組件<br>多功能智慧卡讀／寫卡機及其零組件",
        "website_url": "https://www.xac.com.tw",
        "ceo": "張永銘",
        "pe_ratio": -9,
        "report_year_from": 2001,
        "report_year_to": 2023,
        "age": 22,
        "eps_negative_percentage": 15,
        "eps_growth_avg": {
            "last_all": -4.03,
            "last_2y": -52,
            "last_4y": -25.37,
            "last_8y": -17.69,
            "last_12y": -2.62,
            "last_16y": -5.47,
            "last_20y": -4.03,
            "at_2006_last_3y": -16.77,
            "at_2007_last_3y": -7.08,
            "at_2008_last_3y": -15.92,
            "at_2009_last_3y": -14.74,
            "at_2010_last_3y": 8.41,
            "at_2011_last_3y": 0.93,
            "at_2012_last_3y": 6.44,
            "at_2013_last_3y": 31.3,
            "at_2014_last_3y": -3.78,
            "at_2015_last_3y": 27.87,
            "at_2016_last_3y": 32.64,
            "at_2017_last_3y": -8.1,
            "at_2018_last_3y": -15.73,
            "at_2019_last_3y": -15.73,
            "at_2020_last_3y": -17.56,
            "at_2021_last_3y": -6.72,
            "at_2022_last_3y": -14,
            "at_2023_last_3y": -14,
            "at_2006_last_all": 3.14,
            "at_2007_last_all": 3.17,
            "at_2008_last_all": -5.2,
            "at_2009_last_all": -6.33,
            "at_2010_last_all": 5.48,
            "at_2011_last_all": 2.27,
            "at_2012_last_all": -0.96,
            "at_2013_last_all": 6.21,
            "at_2014_last_all": 2.63,
            "at_2015_last_all": 9.59,
            "at_2016_last_all": 8,
            "at_2017_last_all": 2.64,
            "at_2018_last_all": -1.69,
            "at_2019_last_all": 3.96,
            "at_2020_last_all": 2.62,
            "at_2021_last_all": 0.77,
            "at_2022_last_all": -4.03,
            "at_2023_last_all": -4.03
        },
        "latest_eps": -2.64,
        "latest_price": 24.2,
        "latest_roe": -17.4,
        "latest_gross_margin": 26.15,
        "latest_equity": 1294030,
        "latest_revenue": 157659,
        "latest_gross_profit": 41229,
        "latest_net_income": -59160,
        "latest_debt_ratio": 33.2,
        "latest_current_ratio": 825.75,
        "latest_account_receivable_turnover_ratio": 0.88,
        "latest_inventory_turnover_ratio": 0.2,
        "latest_reinvestment_rate": -5.42,
        "latest_research_to_sale_ratio": 44.71
    },
    "eps_dividends": {
        "1999": {
            "cash": 5,
            "stock": 5,
            "eps": 0
        },
        "2000": {
            "cash": 2,
            "stock": 2,
            "eps": 0
        },
        "2001": {
            "cash": 0,
            "stock": 3,
            "eps": 4.07
        },
        "2002": {
            "cash": 0,
            "stock": 0,
            "eps": 7.44
        },
        "2003": {
            "cash": 3,
            "stock": 2,
            "eps": 4.8
        },
        "2004": {
            "cash": 3,
            "stock": 2,
            "eps": 3.84
        },
        "2005": {
            "cash": 3,
            "stock": 1,
            "eps": 3.11
        },
        "2006": {
            "cash": 2,
            "stock": 0,
            "eps": 3.34
        },
        "2007": {
            "cash": 1,
            "stock": 1,
            "eps": 3.45
        },
        "2008": {
            "cash": 3,
            "stock": 0,
            "eps": 1.54
        },
        "2009": {
            "cash": 1,
            "stock": 0,
            "eps": 1.32
        },
        "2010": {
            "cash": 1,
            "stock": 0,
            "eps": 3.72
        },
        "2011": {
            "cash": 3,
            "stock": 0,
            "eps": 2.73
        },
        "2012": {
            "cash": 3,
            "stock": 0,
            "eps": 1.82
        },
        "2013": {
            "cash": 2,
            "stock": 0,
            "eps": 3.37
        },
        "2014": {
            "cash": 4,
            "stock": 0,
            "eps": 2.01
        },
        "2015": {
            "cash": 3,
            "stock": 0,
            "eps": 5.41
        },
        "2016": {
            "cash": 5,
            "stock": 0,
            "eps": 4.64
        },
        "2017": {
            "cash": 4,
            "stock": 0,
            "eps": 1.03
        },
        "2018": {
            "cash": 1,
            "stock": 0,
            "eps": 0.3
        },
        "2019": {
            "cash": 1,
            "stock": 0,
            "eps": 2.78
        },
        "2020": {
            "cash": 2,
            "stock": 0,
            "eps": 2.18
        },
        "2021": {
            "cash": 2,
            "stock": 0,
            "eps": 1.43
        },
        "2022": {
            "cash": 1,
            "stock": 0,
            "eps": -1.79
        },
        "2023": {
            "cash": 0,
            "stock": 0,
            "eps": -0.64
        }
    },
    "dividends": {
        "1999-05-31": {
            "cash": 4.85,
            "stock": 4.85
        },
        "2000-07-18": {
            "cash": 2,
            "stock": 2
        },
        "2001-06-20": {
            "cash": 0,
            "stock": 3
        },
        "2003-06-17": {
            "cash": 3,
            "stock": 2
        },
        "2004-03-04": {
            "cash": 3,
            "stock": 1.5
        },
        "2005-03-08": {
            "cash": 2.5,
            "stock": 0.5
        },
        "2006-03-13": {
            "cash": 2.4,
            "stock": 0
        },
        "2007-03-09": {
            "cash": 1.05,
            "stock": 1.05
        },
        "2008-03-07": {
            "cash": 2.59,
            "stock": 0
        },
        "2009-03-10": {
            "cash": 0.63,
            "stock": 0
        },
        "2010-03-10": {
            "cash": 1.09,
            "stock": 0
        },
        "2011-03-10": {
            "cash": 3.32,
            "stock": 0
        },
        "2012-05-25": {
            "cash": 2.5,
            "stock": 0
        },
        "2013-05-24": {
            "cash": 1.63,
            "stock": 0
        },
        "2014-05-27": {
            "cash": 3.5,
            "stock": 0
        },
        "2015-07-27": {
            "cash": 2.5,
            "stock": 0
        },
        "2016-08-05": {
            "cash": 4.5,
            "stock": 0
        },
        "2017-08-04": {
            "cash": 4,
            "stock": 0
        },
        "2018-07-25": {
            "cash": 1,
            "stock": 0
        },
        "2019-07-24": {
            "cash": 0.5,
            "stock": 0
        },
        "2020-07-31": {
            "cash": 1.5,
            "stock": 0
        },
        "2021-09-10": {
            "cash": 2,
            "stock": 0
        },
        "2022-07-27": {
            "cash": 1.25,
            "stock": 0
        }
    },
    "prices": {
        "200101": "無",
        "200102": "無",
        "200103": "無",
        "200104": "無",
        "200105": "65.89",
        "200106": "57.08",
        "200107": "49.26",
        "200108": "44.47",
        "200109": "40.46",
        "200110": "29.75",
        "200111": "38.73",
        "200112": "67.20",
        "200201": "79.64",
        "200202": "86.83",
        "200203": "101.05",
        "200204": "100.93",
        "200205": "98.61",
        "200206": "91.92",
        "200207": "91.57",
        "200208": "68.30",
        "200209": "68.62",
        "200210": "75.61",
        "200211": "76.98",
        "200212": "72.64",
        "200301": "67.95",
        "200302": "64.22",
        "200303": "63.02",
        "200304": "58.81",
        "200305": "50.68",
        "200306": "55.50",
        "200307": "55.26",
        "200308": "44.85",
        "200309": "38.86",
        "200310": "41.96",
        "200311": "43.02",
        "200312": "44.42",
        "200401": "46.45",
        "200402": "45.38",
        "200403": "45.14",
        "200404": "46.98",
        "200405": "36.74",
        "200406": "35.94",
        "200407": "34.65",
        "200408": "27.94",
        "200409": "30.73",
        "200410": "32.20",
        "200411": "34.82",
        "200412": "37.92",
        "200501": "35.34",
        "200502": "37.43",
        "200503": "37.38",
        "200504": "37.98",
        "200505": "35.51",
        "200506": "35.43",
        "200507": "35.88",
        "200508": "29.98",
        "200509": "26.22",
        "200510": "27.04",
        "200511": "23.70",
        "200512": "28.15",
        "200601": "29.36",
        "200602": "25.48",
        "200603": "25.05",
        "200604": "27.27",
        "200605": "28.80",
        "200606": "29.20",
        "200607": "27.23",
        "200608": "27.99",
        "200609": "27.79",
        "200610": "30.53",
        "200611": "35.46",
        "200612": "41.75",
        "200701": "41.43",
        "200702": "39.20",
        "200703": "39.63",
        "200704": "44.65",
        "200705": "43.23",
        "200706": "49.76",
        "200707": "61.00",
        "200708": "54.08",
        "200709": "50.57",
        "200710": "42.17",
        "200711": "34.41",
        "200712": "28.44",
        "200801": "25.31",
        "200802": "22.64",
        "200803": "26.55",
        "200804": "28.04",
        "200805": "27.21",
        "200806": "24.45",
        "200807": "19.95",
        "200808": "18.97",
        "200809": "17.32",
        "200810": "13.67",
        "200811": "11.57",
        "200812": "10.97",
        "200901": "11.73",
        "200902": "10.68",
        "200903": "12.25",
        "200904": "13.62",
        "200905": "14.51",
        "200906": "14.91",
        "200907": "15.85",
        "200908": "18.18",
        "200909": "18.40",
        "200910": "18.67",
        "200911": "17.94",
        "200912": "20.30",
        "201001": "23.39",
        "201002": "20.62",
        "201003": "24.69",
        "201004": "30.03",
        "201005": "33.74",
        "201006": "34.87",
        "201007": "38.23",
        "201008": "37.89",
        "201009": "39.39",
        "201010": "36.38",
        "201011": "31.58",
        "201012": "34.12",
        "201101": "35.11",
        "201102": "32.85",
        "201103": "35.02",
        "201104": "38.29",
        "201105": "35.85",
        "201106": "35.13",
        "201107": "33.76",
        "201108": "26.40",
        "201109": "27.03",
        "201110": "32.24",
        "201111": "31.31",
        "201112": "27.14",
        "201201": "28.15",
        "201202": "33.16",
        "201203": "33.24",
        "201204": "31.57",
        "201205": "30.22",
        "201206": "28.53",
        "201207": "28.01",
        "201208": "28.49",
        "201209": "27.20",
        "201210": "24.71",
        "201211": "24.16",
        "201212": "23.86",
        "201301": "25.65",
        "201302": "26.51",
        "201303": "25.80",
        "201304": "25.54",
        "201305": "27.19",
        "201306": "29.42",
        "201307": "31.77",
        "201308": "41.79",
        "201309": "38.49",
        "201310": "40.58",
        "201311": "39.17",
        "201312": "46.95",
        "201401": "56.91",
        "201402": "54.56",
        "201403": "54.09",
        "201404": "47.17",
        "201405": "46.29",
        "201406": "46.73",
        "201407": "39.90",
        "201408": "38.04",
        "201409": "47.30",
        "201410": "50.24",
        "201411": "55.11",
        "201412": "55.69",
        "201501": "57.78",
        "201502": "58.95",
        "201503": "68.96",
        "201504": "69.42",
        "201505": "83.40",
        "201506": "101.48",
        "201507": "94.65",
        "201508": "61.39",
        "201509": "68.26",
        "201510": "71.49",
        "201511": "77.54",
        "201512": "81.35",
        "201601": "64.96",
        "201602": "72.58",
        "201603": "72.65",
        "201604": "65.45",
        "201605": "57.68",
        "201606": "61.10",
        "201607": "59.16",
        "201608": "56.93",
        "201609": "48.42",
        "201610": "45.16",
        "201611": "49.28",
        "201612": "55.64",
        "201701": "57.88",
        "201702": "59.03",
        "201703": "57.95",
        "201704": "69.52",
        "201705": "68.14",
        "201706": "67.98",
        "201707": "61.46",
        "201708": "60.11",
        "201709": "58.09",
        "201710": "52.20",
        "201711": "49.66",
        "201712": "49.12",
        "201801": "45.69",
        "201802": "41.26",
        "201803": "39.49",
        "201804": "34.30",
        "201805": "30.28",
        "201806": "33.31",
        "201807": "32.55",
        "201808": "31.99",
        "201809": "29.43",
        "201810": "26.52",
        "201811": "24.37",
        "201812": "25.16",
        "201901": "24.23",
        "201902": "24.78",
        "201903": "23.88",
        "201904": "27.96",
        "201905": "28.23",
        "201906": "26.41",
        "201907": "27.67",
        "201908": "31.69",
        "201909": "32.25",
        "201910": "29.95",
        "201911": "32.40",
        "201912": "34.13",
        "202001": "33.47",
        "202002": "29.98",
        "202003": "23.54",
        "202004": "23.92",
        "202005": "25.41",
        "202006": "26.68",
        "202007": "25.91",
        "202008": "27.87",
        "202009": "28.34",
        "202010": "26.53",
        "202011": "25.98",
        "202012": "26.59",
        "202101": "26.12",
        "202102": "24.78",
        "202103": "27.20",
        "202104": "32.14",
        "202105": "27.86",
        "202106": "28.06",
        "202107": "28.35",
        "202108": "27.31",
        "202109": "25.91",
        "202110": "25.04",
        "202111": "26.49",
        "202112": "28.07",
        "202201": "27.62",
        "202202": "27.12",
        "202203": "26.65",
        "202204": "26.30",
        "202205": "25.18",
        "202206": "26.39",
        "202207": "24.36",
        "202208": "24.12",
        "202209": "23.48",
        "202210": "21.48",
        "202211": "21.61",
        "202212": "22.11",
        "202301": "22.16",
        "202302": "23.43",
        "202303": "24.10",
        "202304": "25.51",
        "202305": "24.94"
    },
    "quarters": {
        "20011": {
            "year_quarter": 20011,
            "year": 2001,
            "quarter": 1,
            "eps": 0.74,
            "eps_growth_year": 221.74,
            "eps_4q": 6.23,
            "eps_4q_growth_year": null,
            "roe": 3.89,
            "gross_profit": 54329,
            "gross_margin": 41.02,
            "net_income": 26027,
            "revenue": 132429,
            "common_shares": 352630,
            "equity": 681805,
            "current_ratio": 786.03,
            "debt_ratio": 12.01,
            "inventory_turnover_ratio": 0.54,
            "account_receivable_turnover_ratio": null,
            "reinvestment_rate": null,
            "research_to_sale_ratio": null,
            "price_fair": 0,
            "eps_avg_yearly": 0,
            "eps_latest_yearly": 0,
            "eps_growth_yearly": 0
        },
        "20012": {
            "year_quarter": 20012,
            "year": 2001,
            "quarter": 2,
            "eps": 0.62,
            "eps_growth_year": -57.24,
            "eps_4q": 5.69,
            "eps_4q_growth_year": null,
            "roe": 3.17,
            "gross_profit": 36597,
            "gross_margin": 37.02,
            "net_income": 21729,
            "revenue": 98856,
            "common_shares": 470000,
            "equity": 688130,
            "current_ratio": 579.59,
            "debt_ratio": 14.11,
            "inventory_turnover_ratio": 0.38,
            "account_receivable_turnover_ratio": null,
            "reinvestment_rate": null,
            "research_to_sale_ratio": null,
            "price_fair": 0,
            "eps_avg_yearly": 0,
            "eps_latest_yearly": 0,
            "eps_growth_yearly": 0
        },
        "20013": {
            "year_quarter": 20013,
            "year": 2001,
            "quarter": 3,
            "eps": 1.02,
            "eps_growth_year": 22.89,
            "eps_4q": 4.63,
            "eps_4q_growth_year": null,
            "roe": 6.75,
            "gross_profit": 80364,
            "gross_margin": 45.91,
            "net_income": 48085,
            "revenue": 175052,
            "common_shares": 470000,
            "equity": 736216,
            "current_ratio": 484.98,
            "debt_ratio": 16.78,
            "inventory_turnover_ratio": 0.61,
            "account_receivable_turnover_ratio": null,
            "reinvestment_rate": null,
            "research_to_sale_ratio": null,
            "price_fair": 0,
            "eps_avg_yearly": 0,
            "eps_latest_yearly": 0,
            "eps_growth_yearly": 0
        },
        "20014": {
            "year_quarter": 20014,
            "year": 2001,
            "quarter": 4,
            "eps": 1.69,
            "eps_growth_year": -51.3,
            "eps_4q": 3.73,
            "eps_4q_growth_year": -34.07,
            "roe": 10.22,
            "gross_profit": 108176,
            "gross_margin": 35.76,
            "net_income": 79286,
            "revenue": 302490,
            "common_shares": 470000,
            "equity": 815502,
            "current_ratio": 608.02,
            "debt_ratio": 13.67,
            "inventory_turnover_ratio": 1.43,
            "account_receivable_turnover_ratio": null,
            "reinvestment_rate": null,
            "research_to_sale_ratio": null,
            "price_fair": 0,
            "eps_avg_yearly": 0,
            "eps_latest_yearly": 0,
            "eps_growth_yearly": 0
        },
        "20021": {
            "year_quarter": 20021,
            "year": 2002,
            "quarter": 1,
            "eps": 1.11,
            "eps_growth_year": 50,
            "eps_4q": 4.3,
            "eps_4q_growth_year": -31.08,
            "roe": 6.17,
            "gross_profit": 80752,
            "gross_margin": 45.95,
            "net_income": 51936,
            "revenue": 175722,
            "common_shares": 470000,
            "equity": 867438,
            "current_ratio": 590.71,
            "debt_ratio": 14.2,
            "inventory_turnover_ratio": 0.64,
            "account_receivable_turnover_ratio": null,
            "reinvestment_rate": null,
            "research_to_sale_ratio": null,
            "price_fair": 13.32,
            "eps_avg_yearly": 4.44,
            "eps_latest_yearly": 4.44,
            "eps_growth_yearly": -137.28
        },
        "20022": {
            "year_quarter": 20022,
            "year": 2002,
            "quarter": 2,
            "eps": 1.86,
            "eps_growth_year": 200,
            "eps_4q": 5.68,
            "eps_4q_growth_year": -0.11,
            "roe": 9.65,
            "gross_profit": 137077,
            "gross_margin": 36.68,
            "net_income": 87235,
            "revenue": 373668,
            "common_shares": 470000,
            "equity": 940031,
            "current_ratio": 390.24,
            "debt_ratio": 21.81,
            "inventory_turnover_ratio": 1.13,
            "account_receivable_turnover_ratio": null,
            "reinvestment_rate": null,
            "research_to_sale_ratio": null,
            "price_fair": 207.9,
            "eps_avg_yearly": 5.94,
            "eps_latest_yearly": 7.44,
            "eps_growth_yearly": 66.5
        },
        "20023": {
            "year_quarter": 20023,
            "year": 2002,
            "quarter": 3,
            "eps": 3.25,
            "eps_growth_year": 218.63,
            "eps_4q": 6.77,
            "eps_4q_growth_year": 46.2,
            "roe": 19.37,
            "gross_profit": 224346,
            "gross_margin": 38.38,
            "net_income": 201623,
            "revenue": 584555,
            "common_shares": 620000,
            "equity": 1141654,
            "current_ratio": 431.88,
            "debt_ratio": 20.41,
            "inventory_turnover_ratio": 1.56,
            "account_receivable_turnover_ratio": null,
            "reinvestment_rate": null,
            "research_to_sale_ratio": null,
            "price_fair": 290.27,
            "eps_avg_yearly": 8.29,
            "eps_latest_yearly": 13,
            "eps_growth_yearly": 143.97
        },
        "20024": {
            "year_quarter": 20024,
            "year": 2002,
            "quarter": 4,
            "eps": 1.22,
            "eps_growth_year": -27.81,
            "eps_4q": 6.7,
            "eps_4q_growth_year": 79.45,
            "roe": 6.43,
            "gross_profit": 121300,
            "gross_margin": 33.03,
            "net_income": 75888,
            "revenue": 367241,
            "common_shares": 620000,
            "equity": 1217542,
            "current_ratio": 643.49,
            "debt_ratio": 14.26,
            "inventory_turnover_ratio": 1.14,
            "account_receivable_turnover_ratio": null,
            "reinvestment_rate": null,
            "research_to_sale_ratio": null,
            "price_fair": 260.4,
            "eps_avg_yearly": 7.44,
            "eps_latest_yearly": 4.88,
            "eps_growth_yearly": 45.52
        },
        "20031": {
            "year_quarter": 20031,
            "year": 2003,
            "quarter": 1,
            "eps": 0.93,
            "eps_growth_year": -16.22,
            "eps_4q": 6.82,
            "eps_4q_growth_year": 58.62,
            "roe": 4.62,
            "gross_profit": 96123,
            "gross_margin": 31.18,
            "net_income": 57638,
            "revenue": 308287,
            "common_shares": 620000,
            "equity": 1275180,
            "current_ratio": 573.37,
            "debt_ratio": 16.08,
            "inventory_turnover_ratio": 0.89,
            "account_receivable_turnover_ratio": null,
            "reinvestment_rate": null,
            "research_to_sale_ratio": null,
            "price_fair": 183.46,
            "eps_avg_yearly": 6.7,
            "eps_latest_yearly": 3.72,
            "eps_growth_yearly": 17.4
        },
        "20032": {
            "year_quarter": 20032,
            "year": 2003,
            "quarter": 2,
            "eps": 1.1,
            "eps_growth_year": -40.86,
            "eps_4q": 6.51,
            "eps_4q_growth_year": 14.62,
            "roe": 5.68,
            "gross_profit": 118649,
            "gross_margin": 33.98,
            "net_income": 68097,
            "revenue": 349144,
            "common_shares": 620000,
            "equity": 1121025,
            "current_ratio": 326.41,
            "debt_ratio": 27.53,
            "inventory_turnover_ratio": 0.9,
            "account_receivable_turnover_ratio": null,
            "reinvestment_rate": null,
            "research_to_sale_ratio": null,
            "price_fair": 220.97,
            "eps_avg_yearly": 6.31,
            "eps_latest_yearly": 4.4,
            "eps_growth_yearly": 26.68
        },
        "20033": {
            "year_quarter": 20033,
            "year": 2003,
            "quarter": 3,
            "eps": 1.04,
            "eps_growth_year": -68,
            "eps_4q": 3.68,
            "eps_4q_growth_year": -45.63,
            "roe": 6.84,
            "gross_profit": 129608,
            "gross_margin": 37.07,
            "net_income": 79383,
            "revenue": 349644,
            "common_shares": 764000,
            "equity": 1200408,
            "current_ratio": 538.34,
            "debt_ratio": 17.27,
            "inventory_turnover_ratio": 0.85,
            "account_receivable_turnover_ratio": null,
            "reinvestment_rate": null,
            "research_to_sale_ratio": null,
            "price_fair": 178.7,
            "eps_avg_yearly": 6.01,
            "eps_latest_yearly": 4.16,
            "eps_growth_yearly": 19.76
        },
        "20034": {
            "year_quarter": 20034,
            "year": 2003,
            "quarter": 4,
            "eps": 1.73,
            "eps_growth_year": 41.8,
            "eps_4q": 4.41,
            "eps_4q_growth_year": -34.18,
            "roe": 10.46,
            "gross_profit": 183858,
            "gross_margin": 35.58,
            "net_income": 132462,
            "revenue": 516691,
            "common_shares": 764000,
            "equity": 1332870,
            "current_ratio": 642.2,
            "debt_ratio": 14.86,
            "inventory_turnover_ratio": 1.52,
            "account_receivable_turnover_ratio": null,
            "reinvestment_rate": 16.34,
            "research_to_sale_ratio": null,
            "price_fair": 214.2,
            "eps_avg_yearly": 6.12,
            "eps_latest_yearly": 6.92,
            "eps_growth_yearly": 50.46
        },
        "20041": {
            "year_quarter": 20041,
            "year": 2004,
            "quarter": 1,
            "eps": 0.44,
            "eps_growth_year": -52.69,
            "eps_4q": 4.09,
            "eps_4q_growth_year": -40.05,
            "roe": 2.5,
            "gross_profit": 93678,
            "gross_margin": 29.1,
            "net_income": 33784,
            "revenue": 321939,
            "common_shares": 764000,
            "equity": 1366654,
            "current_ratio": 636.11,
            "debt_ratio": 15.17,
            "inventory_turnover_ratio": 1.16,
            "account_receivable_turnover_ratio": null,
            "reinvestment_rate": 10.37,
            "research_to_sale_ratio": null,
            "price_fair": 122.36,
            "eps_avg_yearly": 5.64,
            "eps_latest_yearly": 1.76,
            "eps_growth_yearly": 11.71
        },
        "20042": {
            "year_quarter": 20042,
            "year": 2004,
            "quarter": 2,
            "eps": 1.38,
            "eps_growth_year": 25.45,
            "eps_4q": 4.61,
            "eps_4q_growth_year": -29.28,
            "roe": 8.14,
            "gross_profit": 142730,
            "gross_margin": 31.99,
            "net_income": 105062,
            "revenue": 446157,
            "common_shares": 764000,
            "equity": 1214768,
            "current_ratio": 298.13,
            "debt_ratio": 29.28,
            "inventory_turnover_ratio": 1.41,
            "account_receivable_turnover_ratio": null,
            "reinvestment_rate": 9.62,
            "research_to_sale_ratio": null,
            "price_fair": 196.84,
            "eps_avg_yearly": 5.62,
            "eps_latest_yearly": 5.52,
            "eps_growth_yearly": 96
        },
        "20043": {
            "year_quarter": 20043,
            "year": 2004,
            "quarter": 3,
            "eps": 1.18,
            "eps_growth_year": 13.46,
            "eps_4q": 4.2,
            "eps_4q_growth_year": 14.09,
            "roe": 8.36,
            "gross_profit": 163104,
            "gross_margin": 34.03,
            "net_income": 106001,
            "revenue": 479227,
            "common_shares": 894600,
            "equity": 1321334,
            "current_ratio": 483.14,
            "debt_ratio": 18.74,
            "inventory_turnover_ratio": 1.36,
            "account_receivable_turnover_ratio": null,
            "reinvestment_rate": 8.99,
            "research_to_sale_ratio": null,
            "price_fair": 193.96,
            "eps_avg_yearly": 5.54,
            "eps_latest_yearly": 4.72,
            "eps_growth_yearly": 82
        },
        "20044": {
            "year_quarter": 20044,
            "year": 2004,
            "quarter": 4,
            "eps": 0.84,
            "eps_growth_year": -51.45,
            "eps_4q": 3.58,
            "eps_4q_growth_year": -18.9,
            "roe": 5.54,
            "gross_profit": 141875,
            "gross_margin": 28.81,
            "net_income": 75184,
            "revenue": 492427,
            "common_shares": 894600,
            "equity": 1392442,
            "current_ratio": 582.12,
            "debt_ratio": 16.11,
            "inventory_turnover_ratio": 1.54,
            "account_receivable_turnover_ratio": null,
            "reinvestment_rate": 8.74,
            "research_to_sale_ratio": null,
            "price_fair": 187.6,
            "eps_avg_yearly": 5.36,
            "eps_latest_yearly": 3.36,
            "eps_growth_yearly": 65.56
        },
        "20051": {
            "year_quarter": 20051,
            "year": 2005,
            "quarter": 1,
            "eps": 0.78,
            "eps_growth_year": 77.27,
            "eps_4q": 3.98,
            "eps_4q_growth_year": -2.5,
            "roe": 4.88,
            "gross_profit": 110124,
            "gross_margin": 27.95,
            "net_income": 69690,
            "revenue": 393965,
            "common_shares": 894600,
            "equity": 1461704,
            "current_ratio": 550.08,
            "debt_ratio": 16.94,
            "inventory_turnover_ratio": 1.35,
            "account_receivable_turnover_ratio": null,
            "reinvestment_rate": 7.92,
            "research_to_sale_ratio": null,
            "price_fair": 181.57,
            "eps_avg_yearly": 5.19,
            "eps_latest_yearly": 3.12,
            "eps_growth_yearly": 58.32
        },
        "20052": {
            "year_quarter": 20052,
            "year": 2005,
            "quarter": 2,
            "eps": 0.54,
            "eps_growth_year": -60.87,
            "eps_4q": 3.32,
            "eps_4q_growth_year": -27.95,
            "roe": 3.59,
            "gross_profit": 95211,
            "gross_margin": 26.01,
            "net_income": 48750,
            "revenue": 366105,
            "common_shares": 894600,
            "equity": 1251646,
            "current_ratio": 293.31,
            "debt_ratio": 30.23,
            "inventory_turnover_ratio": 1.06,
            "account_receivable_turnover_ratio": null,
            "reinvestment_rate": 0.29,
            "research_to_sale_ratio": null,
            "price_fair": 174,
            "eps_avg_yearly": 4.97,
            "eps_latest_yearly": 2.16,
            "eps_growth_yearly": 45.36
        },
        "20053": {
            "year_quarter": 20053,
            "year": 2005,
            "quarter": 3,
            "eps": 1.11,
            "eps_growth_year": -5.93,
            "eps_4q": 3.16,
            "eps_4q_growth_year": -24.7,
            "roe": 8.01,
            "gross_profit": 153713,
            "gross_margin": 34.64,
            "net_income": 104701,
            "revenue": 443796,
            "common_shares": 947000,
            "equity": 1361354,
            "current_ratio": 579.96,
            "debt_ratio": 16.27,
            "inventory_turnover_ratio": 1.42,
            "account_receivable_turnover_ratio": null,
            "reinvestment_rate": -1.24,
            "research_to_sale_ratio": null,
            "price_fair": 172.76,
            "eps_avg_yearly": 4.94,
            "eps_latest_yearly": 4.44,
            "eps_growth_yearly": 70.49
        },
        "20054": {
            "year_quarter": 20054,
            "year": 2005,
            "quarter": 4,
            "eps": 0.68,
            "eps_growth_year": -19.05,
            "eps_4q": 3.05,
            "eps_4q_growth_year": -14.76,
            "roe": 4.64,
            "gross_profit": 124931,
            "gross_margin": 34.16,
            "net_income": 64082,
            "revenue": 365689,
            "common_shares": 947000,
            "equity": 1399327,
            "current_ratio": 537.79,
            "debt_ratio": 18.22,
            "inventory_turnover_ratio": 1.33,
            "account_receivable_turnover_ratio": null,
            "reinvestment_rate": 0.41,
            "research_to_sale_ratio": null,
            "price_fair": 167.91,
            "eps_avg_yearly": 4.8,
            "eps_latest_yearly": 2.72,
            "eps_growth_yearly": 56.4
        },
        "20061": {
            "year_quarter": 20061,
            "year": 2006,
            "quarter": 1,
            "eps": 0.18,
            "eps_growth_year": -76.92,
            "eps_4q": 2.56,
            "eps_4q_growth_year": -35.81,
            "roe": 1.17,
            "gross_profit": 77385,
            "gross_margin": 29.26,
            "net_income": 16471,
            "revenue": 264441,
            "common_shares": 947000,
            "equity": 1415242,
            "current_ratio": 569.66,
            "debt_ratio": 16.76,
            "inventory_turnover_ratio": 0.91,
            "account_receivable_turnover_ratio": null,
            "reinvestment_rate": -3.02,
            "research_to_sale_ratio": null,
            "price_fair": 159.78,
            "eps_avg_yearly": 4.57,
            "eps_latest_yearly": 0.72,
            "eps_growth_yearly": 46.59
        },
        "20062": {
            "year_quarter": 20062,
            "year": 2006,
            "quarter": 2,
            "eps": 0.3,
            "eps_growth_year": -44.44,
            "eps_4q": 2.29,
            "eps_4q_growth_year": -30.91,
            "roe": 2.2,
            "gross_profit": 85802,
            "gross_margin": 24.82,
            "net_income": 27887,
            "revenue": 345678,
            "common_shares": 947000,
            "equity": 1116870,
            "current_ratio": 281.57,
            "debt_ratio": 31.69,
            "inventory_turnover_ratio": 1.26,
            "account_receivable_turnover_ratio": null,
            "reinvestment_rate": -3.4,
            "research_to_sale_ratio": null,
            "price_fair": 146.13,
            "eps_avg_yearly": 4.18,
            "eps_latest_yearly": 1.2,
            "eps_growth_yearly": 46.37
        },
        "20063": {
            "year_quarter": 20063,
            "year": 2006,
            "quarter": 3,
            "eps": 1.03,
            "eps_growth_year": -7.21,
            "eps_4q": 2.21,
            "eps_4q_growth_year": -30.09,
            "roe": 8.39,
            "gross_profit": 162087,
            "gross_margin": 28.38,
            "net_income": 94569,
            "revenue": 571093,
            "common_shares": 917040,
            "equity": 1137649,
            "current_ratio": 288.87,
            "debt_ratio": 29,
            "inventory_turnover_ratio": 1.28,
            "account_receivable_turnover_ratio": null,
            "reinvestment_rate": -3.88,
            "research_to_sale_ratio": null,
            "price_fair": 126.7,
            "eps_avg_yearly": 3.62,
            "eps_latest_yearly": 4.12,
            "eps_growth_yearly": 88.52
        },
        "20064": {
            "year_quarter": 20064,
            "year": 2006,
            "quarter": 4,
            "eps": 1.83,
            "eps_growth_year": 169.12,
            "eps_4q": 3.36,
            "eps_4q_growth_year": 10.09,
            "roe": 13.45,
            "gross_profit": 219815,
            "gross_margin": 21.28,
            "net_income": 166668,
            "revenue": 1033155,
            "common_shares": 919870,
            "equity": 1339875,
            "current_ratio": 267.4,
            "debt_ratio": 35.74,
            "inventory_turnover_ratio": 1.5,
            "account_receivable_turnover_ratio": null,
            "reinvestment_rate": -0.52,
            "research_to_sale_ratio": null,
            "price_fair": 132.04,
            "eps_avg_yearly": 3.77,
            "eps_latest_yearly": 7.32,
            "eps_growth_yearly": 123.55
        },
        "20071": {
            "year_quarter": 20071,
            "year": 2007,
            "quarter": 1,
            "eps": 1.23,
            "eps_growth_year": 583.33,
            "eps_4q": 4.43,
            "eps_4q_growth_year": 73.42,
            "roe": 7.91,
            "gross_profit": 169620,
            "gross_margin": 26.76,
            "net_income": 110962,
            "revenue": 633842,
            "common_shares": 919870,
            "equity": 1465872,
            "current_ratio": 500.21,
            "debt_ratio": 18.09,
            "inventory_turnover_ratio": 0.94,
            "account_receivable_turnover_ratio": null,
            "reinvestment_rate": -3.92,
            "research_to_sale_ratio": null,
            "price_fair": 134.66,
            "eps_avg_yearly": 3.85,
            "eps_latest_yearly": 4.92,
            "eps_growth_yearly": 121.3
        },
        "20072": {
            "year_quarter": 20072,
            "year": 2007,
            "quarter": 2,
            "eps": 0.81,
            "eps_growth_year": 170,
            "eps_4q": 4.95,
            "eps_4q_growth_year": 115.92,
            "roe": 5.04,
            "gross_profit": 120468,
            "gross_margin": 27.45,
            "net_income": 72805,
            "revenue": 438831,
            "common_shares": 919870,
            "equity": 1424063,
            "current_ratio": 392.67,
            "debt_ratio": 22.38,
            "inventory_turnover_ratio": 1.07,
            "account_receivable_turnover_ratio": null,
            "reinvestment_rate": -3.61,
            "research_to_sale_ratio": null,
            "price_fair": 132.13,
            "eps_avg_yearly": 3.78,
            "eps_latest_yearly": 3.24,
            "eps_growth_yearly": 108.19
        },
        "20073": {
            "year_quarter": 20073,
            "year": 2007,
            "quarter": 3,
            "eps": 0.75,
            "eps_growth_year": -27.18,
            "eps_4q": 4.23,
            "eps_4q_growth_year": 91.53,
            "roe": 5.1,
            "gross_profit": 144903,
            "gross_margin": 29.51,
            "net_income": 75418,
            "revenue": 491033,
            "common_shares": 1031293,
            "equity": 1533979,
            "current_ratio": 716.89,
            "debt_ratio": 30.74,
            "inventory_turnover_ratio": 1.16,
            "account_receivable_turnover_ratio": null,
            "reinvestment_rate": -3.27,
            "research_to_sale_ratio": null,
            "price_fair": 129.59,
            "eps_avg_yearly": 3.7,
            "eps_latest_yearly": 3,
            "eps_growth_yearly": 107.7
        },
        "20074": {
            "year_quarter": 20074,
            "year": 2007,
            "quarter": 4,
            "eps": 0.66,
            "eps_growth_year": -63.93,
            "eps_4q": 3.21,
            "eps_4q_growth_year": -4.23,
            "roe": 4.21,
            "gross_profit": 136045,
            "gross_margin": 21.35,
            "net_income": 66988,
            "revenue": 637156,
            "common_shares": 1031293,
            "equity": 1645005,
            "current_ratio": 814.33,
            "debt_ratio": 29.67,
            "inventory_turnover_ratio": 1.54,
            "account_receivable_turnover_ratio": null,
            "reinvestment_rate": -0.24,
            "research_to_sale_ratio": null,
            "price_fair": 120.23,
            "eps_avg_yearly": 3.44,
            "eps_latest_yearly": 2.64,
            "eps_growth_yearly": 88.12
        },
        "20081": {
            "year_quarter": 20081,
            "year": 2008,
            "quarter": 1,
            "eps": -0.19,
            "eps_growth_year": -115.45,
            "eps_4q": 1.89,
            "eps_4q_growth_year": -57.46,
            "roe": -1.22,
            "gross_profit": 84674,
            "gross_margin": 28.7,
            "net_income": -19692,
            "revenue": 295074,
            "common_shares": 1031925,
            "equity": 1595501,
            "current_ratio": 835.76,
            "debt_ratio": 29.85,
            "inventory_turnover_ratio": 0.62,
            "account_receivable_turnover_ratio": null,
            "reinvestment_rate": -0.55,
            "research_to_sale_ratio": null,
            "price_fair": 124.13,
            "eps_avg_yearly": 3.55,
            "eps_latest_yearly": 2.64,
            "eps_growth_yearly": 113.88
        },
        "20082": {
            "year_quarter": 20082,
            "year": 2008,
            "quarter": 2,
            "eps": 0.64,
            "eps_growth_year": -20.99,
            "eps_4q": 1.85,
            "eps_4q_growth_year": -62.55,
            "roe": 4.48,
            "gross_profit": 148851,
            "gross_margin": 26.43,
            "net_income": 64678,
            "revenue": 563118,
            "common_shares": 1033250,
            "equity": 1289940,
            "current_ratio": 342.6,
            "debt_ratio": 45.12,
            "inventory_turnover_ratio": 1.31,
            "account_receivable_turnover_ratio": null,
            "reinvestment_rate": -0.68,
            "research_to_sale_ratio": null,
            "price_fair": 119.2,
            "eps_avg_yearly": 3.41,
            "eps_latest_yearly": 2.64,
            "eps_growth_yearly": 60.97
        },
        "20083": {
            "year_quarter": 20083,
            "year": 2008,
            "quarter": 3,
            "eps": 0.27,
            "eps_growth_year": -64,
            "eps_4q": 1.39,
            "eps_4q_growth_year": -67.22,
            "roe": 2.13,
            "gross_profit": 98244,
            "gross_margin": 30.02,
            "net_income": 27036,
            "revenue": 327226,
            "common_shares": 1007470,
            "equity": 1244539,
            "current_ratio": 251.05,
            "debt_ratio": 39.29,
            "inventory_turnover_ratio": 0.64,
            "account_receivable_turnover_ratio": null,
            "reinvestment_rate": -0.93,
            "research_to_sale_ratio": null,
            "price_fair": 110.1,
            "eps_avg_yearly": 3.15,
            "eps_latest_yearly": 1.08,
            "eps_growth_yearly": 48.59
        },
        "20084": {
            "year_quarter": 20084,
            "year": 2008,
            "quarter": 4,
            "eps": 0.82,
            "eps_growth_year": 24.24,
            "eps_4q": 1.55,
            "eps_4q_growth_year": -51.74,
            "roe": 6.3,
            "gross_profit": 175399,
            "gross_margin": 29.27,
            "net_income": 80820,
            "revenue": 599182,
            "common_shares": 957470,
            "equity": 1320778,
            "current_ratio": 250.76,
            "debt_ratio": 39.45,
            "inventory_turnover_ratio": 0.96,
            "account_receivable_turnover_ratio": 2.38,
            "reinvestment_rate": -0.89,
            "research_to_sale_ratio": null,
            "price_fair": 109.9,
            "eps_avg_yearly": 3.14,
            "eps_latest_yearly": 3.28,
            "eps_growth_yearly": 115.03
        },
        "20091": {
            "year_quarter": 20091,
            "year": 2009,
            "quarter": 1,
            "eps": -0.51,
            "eps_growth_year": null,
            "eps_4q": 1.32,
            "eps_4q_growth_year": -29.95,
            "roe": -3.62,
            "gross_profit": 22052,
            "gross_margin": 12.78,
            "net_income": -47188,
            "revenue": 172495,
            "common_shares": 948470,
            "equity": 1284356,
            "current_ratio": 291.26,
            "debt_ratio": 34.47,
            "inventory_turnover_ratio": 0.32,
            "account_receivable_turnover_ratio": 0.54,
            "reinvestment_rate": -1.5,
            "research_to_sale_ratio": null,
            "price_fair": 109.95,
            "eps_avg_yearly": 3.14,
            "eps_latest_yearly": 3.28,
            "eps_growth_yearly": 126.07
        },
        "20092": {
            "year_quarter": 20092,
            "year": 2009,
            "quarter": 2,
            "eps": 0.7,
            "eps_growth_year": 9.38,
            "eps_4q": 1.35,
            "eps_4q_growth_year": -27.11,
            "roe": 5.08,
            "gross_profit": 143427,
            "gross_margin": 30.95,
            "net_income": 65184,
            "revenue": 463420,
            "common_shares": 948470,
            "equity": 1280914,
            "current_ratio": 265.16,
            "debt_ratio": 37.66,
            "inventory_turnover_ratio": 0.72,
            "account_receivable_turnover_ratio": 1.68,
            "reinvestment_rate": -1.73,
            "research_to_sale_ratio": null,
            "price_fair": 112.82,
            "eps_avg_yearly": 3.22,
            "eps_latest_yearly": 3.28,
            "eps_growth_yearly": 146.84
        },
        "20093": {
            "year_quarter": 20093,
            "year": 2009,
            "quarter": 3,
            "eps": 0.34,
            "eps_growth_year": 25.93,
            "eps_4q": 1.41,
            "eps_4q_growth_year": 1.82,
            "roe": 2.42,
            "gross_profit": 114289,
            "gross_margin": 29.68,
            "net_income": 31297,
            "revenue": 385052,
            "common_shares": 948470,
            "equity": 1307152,
            "current_ratio": 568.93,
            "debt_ratio": 18.85,
            "inventory_turnover_ratio": 0.71,
            "account_receivable_turnover_ratio": 1.29,
            "reinvestment_rate": -1.96,
            "research_to_sale_ratio": null,
            "price_fair": 103.83,
            "eps_avg_yearly": 2.97,
            "eps_latest_yearly": 1.36,
            "eps_growth_yearly": 94.51
        },
        "20094": {
            "year_quarter": 20094,
            "year": 2009,
            "quarter": 4,
            "eps": 0.79,
            "eps_growth_year": -3.66,
            "eps_4q": 1.32,
            "eps_4q_growth_year": -15.16,
            "roe": 5.48,
            "gross_profit": 170214,
            "gross_margin": 32.62,
            "net_income": 73574,
            "revenue": 521785,
            "common_shares": 943501,
            "equity": 1380417,
            "current_ratio": 509.68,
            "debt_ratio": 19.53,
            "inventory_turnover_ratio": 1.2,
            "account_receivable_turnover_ratio": 2.5,
            "reinvestment_rate": 35.48,
            "research_to_sale_ratio": null,
            "price_fair": 105.12,
            "eps_avg_yearly": 3,
            "eps_latest_yearly": 3.16,
            "eps_growth_yearly": 151.54
        },
        "20101": {
            "year_quarter": 20101,
            "year": 2010,
            "quarter": 1,
            "eps": 0.18,
            "eps_growth_year": null,
            "eps_4q": 2,
            "eps_4q_growth_year": 51.37,
            "roe": 1.21,
            "gross_profit": 76580,
            "gross_margin": 23.34,
            "net_income": 16769,
            "revenue": 328157,
            "common_shares": 943651,
            "equity": 1393706,
            "current_ratio": 432.7,
            "debt_ratio": 22.84,
            "inventory_turnover_ratio": 0.84,
            "account_receivable_turnover_ratio": 1.01,
            "reinvestment_rate": 39.38,
            "research_to_sale_ratio": null,
            "price_fair": 105.12,
            "eps_avg_yearly": 3,
            "eps_latest_yearly": 0.72,
            "eps_growth_yearly": 150.31
        },
        "20102": {
            "year_quarter": 20102,
            "year": 2010,
            "quarter": 2,
            "eps": 1.43,
            "eps_growth_year": 104.16,
            "eps_4q": 2.73,
            "eps_4q_growth_year": 101.99,
            "roe": 9.42,
            "gross_profit": 272667,
            "gross_margin": 34.34,
            "net_income": 133647,
            "revenue": 793933,
            "common_shares": 943751,
            "equity": 1443184,
            "current_ratio": 298.12,
            "debt_ratio": 32.61,
            "inventory_turnover_ratio": 1.4,
            "account_receivable_turnover_ratio": 2.1,
            "reinvestment_rate": 37.65,
            "research_to_sale_ratio": null,
            "price_fair": 118.3,
            "eps_avg_yearly": 3.38,
            "eps_latest_yearly": 5.72,
            "eps_growth_yearly": 359.57
        },
        "20103": {
            "year_quarter": 20103,
            "year": 2010,
            "quarter": 3,
            "eps": 1.42,
            "eps_growth_year": 317,
            "eps_4q": 3.8,
            "eps_4q_growth_year": 169.09,
            "roe": 8.82,
            "gross_profit": 249131,
            "gross_margin": 32.79,
            "net_income": 133107,
            "revenue": 759754,
            "common_shares": 943751,
            "equity": 1574756,
            "current_ratio": 352.35,
            "debt_ratio": 27.9,
            "inventory_turnover_ratio": 1.12,
            "account_receivable_turnover_ratio": 1.35,
            "reinvestment_rate": 36.98,
            "research_to_sale_ratio": 8.87,
            "price_fair": 122.85,
            "eps_avg_yearly": 3.51,
            "eps_latest_yearly": 5.68,
            "eps_growth_yearly": 278.22
        },
        "20104": {
            "year_quarter": 20104,
            "year": 2010,
            "quarter": 4,
            "eps": 0.69,
            "eps_growth_year": -13.06,
            "eps_4q": 3.7,
            "eps_4q_growth_year": 181.58,
            "roe": 4.03,
            "gross_profit": 184595,
            "gross_margin": 35.46,
            "net_income": 64528,
            "revenue": 520528,
            "common_shares": 944516,
            "equity": 1623842,
            "current_ratio": 462,
            "debt_ratio": 21.55,
            "inventory_turnover_ratio": 0.7,
            "account_receivable_turnover_ratio": 1,
            "reinvestment_rate": 34.34,
            "research_to_sale_ratio": null,
            "price_fair": 109.55,
            "eps_avg_yearly": 3.13,
            "eps_latest_yearly": 2.76,
            "eps_growth_yearly": 235.2
        },
        "20111": {
            "year_quarter": 20111,
            "year": 2011,
            "quarter": 1,
            "eps": 0.57,
            "eps_growth_year": 216.67,
            "eps_4q": 4.08,
            "eps_4q_growth_year": 103.89,
            "roe": 3.23,
            "gross_profit": 138120,
            "gross_margin": 30.43,
            "net_income": 53742,
            "revenue": 453842,
            "common_shares": 944516,
            "equity": 1699765,
            "current_ratio": 513.97,
            "debt_ratio": 19.57,
            "inventory_turnover_ratio": 0.8,
            "account_receivable_turnover_ratio": 1.03,
            "reinvestment_rate": 42,
            "research_to_sale_ratio": null,
            "price_fair": 101.85,
            "eps_avg_yearly": 2.91,
            "eps_latest_yearly": 2.28,
            "eps_growth_yearly": 240.33
        },
        "20112": {
            "year_quarter": 20112,
            "year": 2011,
            "quarter": 2,
            "eps": 0.69,
            "eps_growth_year": -51.47,
            "eps_4q": 3.36,
            "eps_4q_growth_year": 22.95,
            "roe": 4.16,
            "gross_profit": 159812,
            "gross_margin": 32.48,
            "net_income": 65466,
            "revenue": 492027,
            "common_shares": 943966,
            "equity": 1448824,
            "current_ratio": 428.04,
            "debt_ratio": 22.86,
            "inventory_turnover_ratio": 0.99,
            "account_receivable_turnover_ratio": 1.27,
            "reinvestment_rate": 43.52,
            "research_to_sale_ratio": null,
            "price_fair": 100.45,
            "eps_avg_yearly": 2.87,
            "eps_latest_yearly": 2.76,
            "eps_growth_yearly": 258.73
        },
        "20113": {
            "year_quarter": 20113,
            "year": 2011,
            "quarter": 3,
            "eps": 1.24,
            "eps_growth_year": -12.81,
            "eps_4q": 3.18,
            "eps_4q_growth_year": -16.33,
            "roe": 7.67,
            "gross_profit": 248072,
            "gross_margin": 39.58,
            "net_income": 116697,
            "revenue": 626700,
            "common_shares": 943966,
            "equity": 1592318,
            "current_ratio": 440.21,
            "debt_ratio": 22.56,
            "inventory_turnover_ratio": 1.09,
            "account_receivable_turnover_ratio": 1.61,
            "reinvestment_rate": 45.92,
            "research_to_sale_ratio": 11.94,
            "price_fair": 106.17,
            "eps_avg_yearly": 3.03,
            "eps_latest_yearly": 4.96,
            "eps_growth_yearly": 287.77
        },
        "20114": {
            "year_quarter": 20114,
            "year": 2011,
            "quarter": 4,
            "eps": 0.23,
            "eps_growth_year": -66.07,
            "eps_4q": 2.73,
            "eps_4q_growth_year": -26.25,
            "roe": 1.37,
            "gross_profit": 128086,
            "gross_margin": 32.29,
            "net_income": 22000,
            "revenue": 396654,
            "common_shares": 943966,
            "equity": 1615090,
            "current_ratio": 478.67,
            "debt_ratio": 21.03,
            "inventory_turnover_ratio": 0.64,
            "account_receivable_turnover_ratio": 1.07,
            "reinvestment_rate": 46.16,
            "research_to_sale_ratio": 12.65,
            "price_fair": 101.15,
            "eps_avg_yearly": 2.89,
            "eps_latest_yearly": 0.92,
            "eps_growth_yearly": 264.62
        },
        "20121": {
            "year_quarter": 20121,
            "year": 2012,
            "quarter": 1,
            "eps": 0.5,
            "eps_growth_year": -12.28,
            "eps_4q": 2.66,
            "eps_4q_growth_year": -34.78,
            "roe": 2.87,
            "gross_profit": 150240,
            "gross_margin": 32.36,
            "net_income": 46934,
            "revenue": 464241,
            "common_shares": 943966,
            "equity": 1652982,
            "current_ratio": 540.6,
            "debt_ratio": 18.82,
            "inventory_turnover_ratio": 0.72,
            "account_receivable_turnover_ratio": 1.53,
            "reinvestment_rate": 42.71,
            "research_to_sale_ratio": 13.41,
            "price_fair": 98.75,
            "eps_avg_yearly": 2.82,
            "eps_latest_yearly": 2,
            "eps_growth_yearly": 280.38
        },
        "20122": {
            "year_quarter": 20122,
            "year": 2012,
            "quarter": 2,
            "eps": 0.36,
            "eps_growth_year": -48.22,
            "eps_4q": 2.33,
            "eps_4q_growth_year": -30.71,
            "roe": 2.18,
            "gross_profit": 133409,
            "gross_margin": 30.78,
            "net_income": 33898,
            "revenue": 433415,
            "common_shares": 943966,
            "equity": 1454004,
            "current_ratio": 457.62,
            "debt_ratio": 22.27,
            "inventory_turnover_ratio": 0.75,
            "account_receivable_turnover_ratio": 1.26,
            "reinvestment_rate": 47.96,
            "research_to_sale_ratio": 14.09,
            "price_fair": 95.3,
            "eps_avg_yearly": 2.72,
            "eps_latest_yearly": 1.44,
            "eps_growth_yearly": 252.36
        },
        "20123": {
            "year_quarter": 20123,
            "year": 2012,
            "quarter": 3,
            "eps": 0.71,
            "eps_growth_year": -42.37,
            "eps_4q": 1.8,
            "eps_4q_growth_year": -43.39,
            "roe": 4.53,
            "gross_profit": 181411,
            "gross_margin": 34.47,
            "net_income": 67255,
            "revenue": 526249,
            "common_shares": 943966,
            "equity": 1512180,
            "current_ratio": 574.8,
            "debt_ratio": 18.28,
            "inventory_turnover_ratio": 0.96,
            "account_receivable_turnover_ratio": 1.25,
            "reinvestment_rate": 47.04,
            "research_to_sale_ratio": 13.65,
            "price_fair": 99.7,
            "eps_avg_yearly": 2.85,
            "eps_latest_yearly": 2.84,
            "eps_growth_yearly": 296.65
        },
        "20124": {
            "year_quarter": 20124,
            "year": 2012,
            "quarter": 4,
            "eps": 0.25,
            "eps_growth_year": 5.26,
            "eps_4q": 1.81,
            "eps_4q_growth_year": -33.6,
            "roe": 1.52,
            "gross_profit": 109639,
            "gross_margin": 33.13,
            "net_income": 23158,
            "revenue": 330898,
            "common_shares": 943966,
            "equity": 1533963,
            "current_ratio": 583.39,
            "debt_ratio": 18.1,
            "inventory_turnover_ratio": 0.64,
            "account_receivable_turnover_ratio": 0.86,
            "reinvestment_rate": 52.23,
            "research_to_sale_ratio": 14.91,
            "price_fair": 94,
            "eps_avg_yearly": 2.69,
            "eps_latest_yearly": 1,
            "eps_growth_yearly": 219.94
        },
        "20131": {
            "year_quarter": 20131,
            "year": 2013,
            "quarter": 1,
            "eps": 0.42,
            "eps_growth_year": -16,
            "eps_4q": 1.74,
            "eps_4q_growth_year": -34.62,
            "roe": 2.57,
            "gross_profit": 142616,
            "gross_margin": 30.94,
            "net_income": 39863,
            "revenue": 460920,
            "common_shares": 943966,
            "equity": 1565635,
            "current_ratio": 539.76,
            "debt_ratio": 20.91,
            "inventory_turnover_ratio": 0.91,
            "account_receivable_turnover_ratio": 1.33,
            "reinvestment_rate": -4.07,
            "research_to_sale_ratio": 13.32,
            "price_fair": 91.65,
            "eps_avg_yearly": 2.62,
            "eps_latest_yearly": 1.68,
            "eps_growth_yearly": 223.41
        },
        "20132": {
            "year_quarter": 20132,
            "year": 2013,
            "quarter": 2,
            "eps": 1.08,
            "eps_growth_year": 200.75,
            "eps_4q": 2.46,
            "eps_4q_growth_year": 5.92,
            "roe": 6.62,
            "gross_profit": 225482,
            "gross_margin": 36.05,
            "net_income": 102257,
            "revenue": 625483,
            "common_shares": 943966,
            "equity": 1522286,
            "current_ratio": 400.32,
            "debt_ratio": 26.95,
            "inventory_turnover_ratio": 1.05,
            "account_receivable_turnover_ratio": 1.43,
            "reinvestment_rate": -3.65,
            "research_to_sale_ratio": 11.07,
            "price_fair": 95.38,
            "eps_avg_yearly": 2.73,
            "eps_latest_yearly": 4.32,
            "eps_growth_yearly": 248.73
        },
        "20133": {
            "year_quarter": 20133,
            "year": 2013,
            "quarter": 3,
            "eps": 1.47,
            "eps_growth_year": 106.32,
            "eps_4q": 3.22,
            "eps_4q_growth_year": 78.91,
            "roe": 8.75,
            "gross_profit": 270805,
            "gross_margin": 36.86,
            "net_income": 139021,
            "revenue": 734613,
            "common_shares": 943966,
            "equity": 1656660,
            "current_ratio": 479,
            "debt_ratio": 23.11,
            "inventory_turnover_ratio": 1.2,
            "account_receivable_turnover_ratio": 1.47,
            "reinvestment_rate": -3.1,
            "research_to_sale_ratio": 8.93,
            "price_fair": 105.26,
            "eps_avg_yearly": 3.01,
            "eps_latest_yearly": 5.88,
            "eps_growth_yearly": 270.62
        },
        "20134": {
            "year_quarter": 20134,
            "year": 2013,
            "quarter": 4,
            "eps": 0.4,
            "eps_growth_year": 62.4,
            "eps_4q": 3.38,
            "eps_4q_growth_year": 86.14,
            "roe": 2.24,
            "gross_profit": 148297,
            "gross_margin": 30.83,
            "net_income": 37608,
            "revenue": 480978,
            "common_shares": 943966,
            "equity": 1702834,
            "current_ratio": 518.74,
            "debt_ratio": 21.94,
            "inventory_turnover_ratio": 0.96,
            "account_receivable_turnover_ratio": 1.01,
            "reinvestment_rate": -37.43,
            "research_to_sale_ratio": 15.67,
            "price_fair": 101.85,
            "eps_avg_yearly": 2.91,
            "eps_latest_yearly": 1.6,
            "eps_growth_yearly": 219.33
        },
        "20141": {
            "year_quarter": 20141,
            "year": 2014,
            "quarter": 1,
            "eps": 0.13,
            "eps_growth_year": -69.05,
            "eps_4q": 3.09,
            "eps_4q_growth_year": 77.42,
            "roe": 0.72,
            "gross_profit": 112362,
            "gross_margin": 34.14,
            "net_income": 12399,
            "revenue": 329117,
            "common_shares": 943966,
            "equity": 1722389,
            "current_ratio": 541.28,
            "debt_ratio": 21.33,
            "inventory_turnover_ratio": 0.56,
            "account_receivable_turnover_ratio": 0.78,
            "reinvestment_rate": -37.48,
            "research_to_sale_ratio": 19.47,
            "price_fair": 101.41,
            "eps_avg_yearly": 2.9,
            "eps_latest_yearly": 0.52,
            "eps_growth_yearly": 221.76
        },
        "20142": {
            "year_quarter": 20142,
            "year": 2014,
            "quarter": 2,
            "eps": -0.03,
            "eps_growth_year": -102.78,
            "eps_4q": 1.97,
            "eps_4q_growth_year": -20.01,
            "roe": -0.2,
            "gross_profit": 99248,
            "gross_margin": 24.59,
            "net_income": -3033,
            "revenue": 403659,
            "common_shares": 943966,
            "equity": 1378163,
            "current_ratio": 506.24,
            "debt_ratio": 23.19,
            "inventory_turnover_ratio": 0.75,
            "account_receivable_turnover_ratio": 1.04,
            "reinvestment_rate": -45.19,
            "research_to_sale_ratio": 16.62,
            "price_fair": 94.83,
            "eps_avg_yearly": 2.71,
            "eps_latest_yearly": 0.52,
            "eps_growth_yearly": 51.36
        },
        "20143": {
            "year_quarter": 20143,
            "year": 2014,
            "quarter": 3,
            "eps": 0.25,
            "eps_growth_year": -82.99,
            "eps_4q": 0.74,
            "eps_4q_growth_year": -76.96,
            "roe": 1.66,
            "gross_profit": 134693,
            "gross_margin": 30.72,
            "net_income": 23136,
            "revenue": 438464,
            "common_shares": 943966,
            "equity": 1412239,
            "current_ratio": 430.88,
            "debt_ratio": 26.4,
            "inventory_turnover_ratio": 0.68,
            "account_receivable_turnover_ratio": 1.1,
            "reinvestment_rate": -51.88,
            "research_to_sale_ratio": 16.12,
            "price_fair": 87.4,
            "eps_avg_yearly": 2.5,
            "eps_latest_yearly": 0.52,
            "eps_growth_yearly": 55.23
        },
        "20144": {
            "year_quarter": 20144,
            "year": 2014,
            "quarter": 4,
            "eps": 1.66,
            "eps_growth_year": 316.57,
            "eps_4q": 2,
            "eps_4q_growth_year": -40.65,
            "roe": 10.43,
            "gross_profit": 299509,
            "gross_margin": 39.76,
            "net_income": 156664,
            "revenue": 753233,
            "common_shares": 943966,
            "equity": 1591907,
            "current_ratio": 378.2,
            "debt_ratio": 29.34,
            "inventory_turnover_ratio": 0.85,
            "account_receivable_turnover_ratio": 1.69,
            "reinvestment_rate": -44.19,
            "research_to_sale_ratio": 10.8,
            "price_fair": 97.1,
            "eps_avg_yearly": 2.77,
            "eps_latest_yearly": 6.64,
            "eps_growth_yearly": 231.06
        },
        "20151": {
            "year_quarter": 20151,
            "year": 2015,
            "quarter": 1,
            "eps": 1.1,
            "eps_growth_year": 746.15,
            "eps_4q": 2.97,
            "eps_4q_growth_year": -3.76,
            "roe": 6.35,
            "gross_profit": 238105,
            "gross_margin": 34.4,
            "net_income": 103571,
            "revenue": 692160,
            "common_shares": 943966,
            "equity": 1672363,
            "current_ratio": 447.53,
            "debt_ratio": 26.08,
            "inventory_turnover_ratio": 0.85,
            "account_receivable_turnover_ratio": 1.54,
            "reinvestment_rate": -42.78,
            "research_to_sale_ratio": 10.84,
            "price_fair": 102.4,
            "eps_avg_yearly": 2.93,
            "eps_latest_yearly": 4.4,
            "eps_growth_yearly": 226.39
        },
        "20152": {
            "year_quarter": 20152,
            "year": 2015,
            "quarter": 2,
            "eps": 2.08,
            "eps_growth_year": null,
            "eps_4q": 5.08,
            "eps_4q_growth_year": 157.89,
            "roe": 11.89,
            "gross_profit": 401103,
            "gross_margin": 37.8,
            "net_income": 196295,
            "revenue": 1061232,
            "common_shares": 943966,
            "equity": 1628237,
            "current_ratio": 258.64,
            "debt_ratio": 40.84,
            "inventory_turnover_ratio": 1.26,
            "account_receivable_turnover_ratio": 1.77,
            "reinvestment_rate": -38.96,
            "research_to_sale_ratio": 9.38,
            "price_fair": 116.3,
            "eps_avg_yearly": 3.32,
            "eps_latest_yearly": 8.32,
            "eps_growth_yearly": 245.83
        },
        "20153": {
            "year_quarter": 20153,
            "year": 2015,
            "quarter": 3,
            "eps": 0.82,
            "eps_growth_year": 228,
            "eps_4q": 5.66,
            "eps_4q_growth_year": 662.18,
            "roe": 4.65,
            "gross_profit": 190963,
            "gross_margin": 34.27,
            "net_income": 77831,
            "revenue": 557260,
            "common_shares": 943966,
            "equity": 1722200,
            "current_ratio": 467.86,
            "debt_ratio": 25.05,
            "inventory_turnover_ratio": 0.7,
            "account_receivable_turnover_ratio": 0.91,
            "reinvestment_rate": -44.08,
            "research_to_sale_ratio": 12.4,
            "price_fair": 112.1,
            "eps_avg_yearly": 3.2,
            "eps_latest_yearly": 3.28,
            "eps_growth_yearly": 205.75
        },
        "20154": {
            "year_quarter": 20154,
            "year": 2015,
            "quarter": 4,
            "eps": 1.41,
            "eps_growth_year": -15.07,
            "eps_4q": 5.41,
            "eps_4q_growth_year": 170,
            "roe": 7.48,
            "gross_profit": 314407,
            "gross_margin": 35.15,
            "net_income": 133056,
            "revenue": 894521,
            "common_shares": 943966,
            "equity": 1833288,
            "current_ratio": 331.84,
            "debt_ratio": 33.57,
            "inventory_turnover_ratio": 1.13,
            "account_receivable_turnover_ratio": 1.72,
            "reinvestment_rate": -41.69,
            "research_to_sale_ratio": 10.17,
            "price_fair": 123.9,
            "eps_avg_yearly": 3.54,
            "eps_latest_yearly": 5.64,
            "eps_growth_yearly": 249.58
        },
        "20161": {
            "year_quarter": 20161,
            "year": 2016,
            "quarter": 1,
            "eps": 0.77,
            "eps_growth_year": -30,
            "eps_4q": 5.08,
            "eps_4q_growth_year": 71.06,
            "roe": 3.88,
            "gross_profit": 208092,
            "gross_margin": 37.15,
            "net_income": 72355,
            "revenue": 560119,
            "common_shares": 943966,
            "equity": 1894055,
            "current_ratio": 465.28,
            "debt_ratio": 25.26,
            "inventory_turnover_ratio": 0.67,
            "account_receivable_turnover_ratio": 1.34,
            "reinvestment_rate": -40.23,
            "research_to_sale_ratio": 17.02,
            "price_fair": 126.6,
            "eps_avg_yearly": 3.62,
            "eps_latest_yearly": 3.08,
            "eps_growth_yearly": 203.07
        },
        "20162": {
            "year_quarter": 20162,
            "year": 2016,
            "quarter": 2,
            "eps": 0.51,
            "eps_growth_year": -75.48,
            "eps_4q": 3.51,
            "eps_4q_growth_year": -30.97,
            "roe": 2.82,
            "gross_profit": 196729,
            "gross_margin": 36.37,
            "net_income": 47882,
            "revenue": 540918,
            "common_shares": 943966,
            "equity": 1503597,
            "current_ratio": 261.92,
            "debt_ratio": 41.08,
            "inventory_turnover_ratio": 0.71,
            "account_receivable_turnover_ratio": 1.39,
            "reinvestment_rate": -42.39,
            "research_to_sale_ratio": 17.8,
            "price_fair": 128.1,
            "eps_avg_yearly": 3.66,
            "eps_latest_yearly": 2.04,
            "eps_growth_yearly": 201.42
        },
        "20163": {
            "year_quarter": 20163,
            "year": 2016,
            "quarter": 3,
            "eps": 0.9,
            "eps_growth_year": 9.76,
            "eps_4q": 3.58,
            "eps_4q_growth_year": -36.77,
            "roe": 5.51,
            "gross_profit": 230645,
            "gross_margin": 36.42,
            "net_income": 84605,
            "revenue": 633313,
            "common_shares": 943966,
            "equity": 1567161,
            "current_ratio": 433.82,
            "debt_ratio": 27.05,
            "inventory_turnover_ratio": 0.92,
            "account_receivable_turnover_ratio": 1.08,
            "reinvestment_rate": -42.47,
            "research_to_sale_ratio": 13.54,
            "price_fair": 130,
            "eps_avg_yearly": 3.71,
            "eps_latest_yearly": 3.6,
            "eps_growth_yearly": 195.49
        },
        "20164": {
            "year_quarter": 20164,
            "year": 2016,
            "quarter": 4,
            "eps": 2.46,
            "eps_growth_year": 74.63,
            "eps_4q": 4.63,
            "eps_4q_growth_year": -14.4,
            "roe": 13.85,
            "gross_profit": 450902,
            "gross_margin": 44.24,
            "net_income": 232354,
            "revenue": 1019274,
            "common_shares": 943966,
            "equity": 1786965,
            "current_ratio": 397.38,
            "debt_ratio": 28.98,
            "inventory_turnover_ratio": 1.53,
            "account_receivable_turnover_ratio": 1.42,
            "reinvestment_rate": -37.14,
            "research_to_sale_ratio": 10.58,
            "price_fair": 152.1,
            "eps_avg_yearly": 4.35,
            "eps_latest_yearly": 9.84,
            "eps_growth_yearly": 263.53
        },
        "20171": {
            "year_quarter": 20171,
            "year": 2017,
            "quarter": 1,
            "eps": 0.54,
            "eps_growth_year": -29.87,
            "eps_4q": 4.4,
            "eps_4q_growth_year": -13.31,
            "roe": 2.83,
            "gross_profit": 170471,
            "gross_margin": 38.56,
            "net_income": 50863,
            "revenue": 442070,
            "common_shares": 943966,
            "equity": 1805394,
            "current_ratio": 430.02,
            "debt_ratio": 26.97,
            "inventory_turnover_ratio": 0.76,
            "account_receivable_turnover_ratio": 0.77,
            "reinvestment_rate": -1.78,
            "research_to_sale_ratio": 16.89,
            "price_fair": 153.3,
            "eps_avg_yearly": 4.38,
            "eps_latest_yearly": 2.16,
            "eps_growth_yearly": 221.8
        },
        "20172": {
            "year_quarter": 20172,
            "year": 2017,
            "quarter": 2,
            "eps": 0.66,
            "eps_growth_year": 29.41,
            "eps_4q": 4.56,
            "eps_4q_growth_year": 29.96,
            "roe": 3.78,
            "gross_profit": 204139,
            "gross_margin": 39.04,
            "net_income": 62507,
            "revenue": 522850,
            "common_shares": 943966,
            "equity": 1501237,
            "current_ratio": 285.27,
            "debt_ratio": 38.33,
            "inventory_turnover_ratio": 0.85,
            "account_receivable_turnover_ratio": 1.56,
            "reinvestment_rate": -1.65,
            "research_to_sale_ratio": 16.01,
            "price_fair": 149.1,
            "eps_avg_yearly": 4.26,
            "eps_latest_yearly": 2.64,
            "eps_growth_yearly": 183.25
        },
        "20173": {
            "year_quarter": 20173,
            "year": 2017,
            "quarter": 3,
            "eps": -0.23,
            "eps_growth_year": -125.56,
            "eps_4q": 3.43,
            "eps_4q_growth_year": -4.09,
            "roe": -1.45,
            "gross_profit": 98101,
            "gross_margin": 25.12,
            "net_income": -21640,
            "revenue": 390552,
            "common_shares": 943966,
            "equity": 1490950,
            "current_ratio": 480.47,
            "debt_ratio": 25.84,
            "inventory_turnover_ratio": 0.81,
            "account_receivable_turnover_ratio": 1.28,
            "reinvestment_rate": -1.7,
            "research_to_sale_ratio": 21.73,
            "price_fair": 144.74,
            "eps_avg_yearly": 4.14,
            "eps_latest_yearly": 2.64,
            "eps_growth_yearly": 186.23
        },
        "20174": {
            "year_quarter": 20174,
            "year": 2017,
            "quarter": 4,
            "eps": 0.06,
            "eps_growth_year": -97.71,
            "eps_4q": 1.03,
            "eps_4q_growth_year": -77.8,
            "roe": 0.36,
            "gross_profit": 116223,
            "gross_margin": 29.44,
            "net_income": 5329,
            "revenue": 394793,
            "common_shares": 943966,
            "equity": 1504622,
            "current_ratio": 594.16,
            "debt_ratio": 18.55,
            "inventory_turnover_ratio": 0.85,
            "account_receivable_turnover_ratio": 1.32,
            "reinvestment_rate": -1.56,
            "research_to_sale_ratio": 19.41,
            "price_fair": 152.13,
            "eps_avg_yearly": 4.35,
            "eps_latest_yearly": 2.64,
            "eps_growth_yearly": 226.02
        },
        "20181": {
            "year_quarter": 20181,
            "year": 2018,
            "quarter": 1,
            "eps": -0.69,
            "eps_growth_year": -227.78,
            "eps_4q": -0.2,
            "eps_4q_growth_year": -104.6,
            "roe": -4.43,
            "gross_profit": 51149,
            "gross_margin": 20.29,
            "net_income": -65326,
            "revenue": 252135,
            "common_shares": 943966,
            "equity": 1443943,
            "current_ratio": 473.79,
            "debt_ratio": 22.47,
            "inventory_turnover_ratio": 0.59,
            "account_receivable_turnover_ratio": 1.09,
            "reinvestment_rate": -1.53,
            "research_to_sale_ratio": 36.92,
            "price_fair": 164.31,
            "eps_avg_yearly": 4.69,
            "eps_latest_yearly": 2.64,
            "eps_growth_yearly": 271.11
        },
        "20182": {
            "year_quarter": 20182,
            "year": 2018,
            "quarter": 2,
            "eps": 0.02,
            "eps_growth_year": -96.97,
            "eps_4q": -0.85,
            "eps_4q_growth_year": -118.6,
            "roe": 0.11,
            "gross_profit": 126180,
            "gross_margin": 28.33,
            "net_income": 1607,
            "revenue": 445443,
            "common_shares": 943966,
            "equity": 1352383,
            "current_ratio": 306.02,
            "debt_ratio": 33.15,
            "inventory_turnover_ratio": 0.68,
            "account_receivable_turnover_ratio": 1.88,
            "reinvestment_rate": -1.49,
            "research_to_sale_ratio": 19.35,
            "price_fair": 164.31,
            "eps_avg_yearly": 4.69,
            "eps_latest_yearly": 2.64,
            "eps_growth_yearly": 271.11
        },
        "20183": {
            "year_quarter": 20183,
            "year": 2018,
            "quarter": 3,
            "eps": 0.7,
            "eps_growth_year": null,
            "eps_4q": 0.09,
            "eps_4q_growth_year": -97.51,
            "roe": 4.82,
            "gross_profit": 211773,
            "gross_margin": 31.42,
            "net_income": 66471,
            "revenue": 674064,
            "common_shares": 943966,
            "equity": 1407864,
            "current_ratio": 411.22,
            "debt_ratio": 25.34,
            "inventory_turnover_ratio": 0.95,
            "account_receivable_turnover_ratio": 1.76,
            "reinvestment_rate": -1.42,
            "research_to_sale_ratio": 11.07,
            "price_fair": 158.78,
            "eps_avg_yearly": 4.54,
            "eps_latest_yearly": 2.8,
            "eps_growth_yearly": 1381.85
        },
        "20184": {
            "year_quarter": 20184,
            "year": 2018,
            "quarter": 4,
            "eps": 0.27,
            "eps_growth_year": 386.47,
            "eps_4q": 0.3,
            "eps_4q_growth_year": -70.46,
            "roe": 1.82,
            "gross_profit": 151294,
            "gross_margin": 37.34,
            "net_income": 25924,
            "revenue": 405175,
            "common_shares": 943966,
            "equity": 1436533,
            "current_ratio": 593.53,
            "debt_ratio": 18.74,
            "inventory_turnover_ratio": 0.63,
            "account_receivable_turnover_ratio": 1.08,
            "reinvestment_rate": -1.54,
            "research_to_sale_ratio": 20.13,
            "price_fair": 142.57,
            "eps_avg_yearly": 4.07,
            "eps_latest_yearly": 1.08,
            "eps_growth_yearly": 1173.37
        },
        "20191": {
            "year_quarter": 20191,
            "year": 2019,
            "quarter": 1,
            "eps": 0,
            "eps_growth_year": null,
            "eps_4q": 1,
            "eps_4q_growth_year": null,
            "roe": 0.02,
            "gross_profit": 91771,
            "gross_margin": 35.17,
            "net_income": 321,
            "revenue": 260954,
            "common_shares": 947466,
            "equity": 1443978,
            "current_ratio": 703.29,
            "debt_ratio": 17.98,
            "inventory_turnover_ratio": 0.47,
            "account_receivable_turnover_ratio": 0.86,
            "reinvestment_rate": -1.62,
            "research_to_sale_ratio": 27.45,
            "price_fair": 141.53,
            "eps_avg_yearly": 4.04,
            "eps_latest_yearly": 1.08,
            "eps_growth_yearly": 1292.31
        },
        "20192": {
            "year_quarter": 20192,
            "year": 2019,
            "quarter": 2,
            "eps": 0.22,
            "eps_growth_year": 1000,
            "eps_4q": 1.2,
            "eps_4q_growth_year": null,
            "roe": 1.46,
            "gross_profit": 128857,
            "gross_margin": 38.84,
            "net_income": 20816,
            "revenue": 331781,
            "common_shares": 947466,
            "equity": 1415239,
            "current_ratio": 483.36,
            "debt_ratio": 23,
            "inventory_turnover_ratio": 0.56,
            "account_receivable_turnover_ratio": 1.1,
            "reinvestment_rate": -2.12,
            "research_to_sale_ratio": 22.12,
            "price_fair": 126.56,
            "eps_avg_yearly": 3.62,
            "eps_latest_yearly": 1.08,
            "eps_growth_yearly": 1385.91
        },
        "20193": {
            "year_quarter": 20193,
            "year": 2019,
            "quarter": 3,
            "eps": 0.57,
            "eps_growth_year": -18.57,
            "eps_4q": 1.06,
            "eps_4q_growth_year": 1140,
            "roe": 3.72,
            "gross_profit": 188701,
            "gross_margin": 35.44,
            "net_income": 53515,
            "revenue": 532406,
            "common_shares": 947466,
            "equity": 1461700,
            "current_ratio": 485.15,
            "debt_ratio": 22.69,
            "inventory_turnover_ratio": 0.9,
            "account_receivable_turnover_ratio": 1.62,
            "reinvestment_rate": -2.52,
            "research_to_sale_ratio": 14.76,
            "price_fair": 123.06,
            "eps_avg_yearly": 3.52,
            "eps_latest_yearly": 2.28,
            "eps_growth_yearly": 1473.77
        },
        "20194": {
            "year_quarter": 20194,
            "year": 2019,
            "quarter": 4,
            "eps": 1.99,
            "eps_growth_year": 625.36,
            "eps_4q": 2.78,
            "eps_4q_growth_year": 815.11,
            "roe": 12.13,
            "gross_profit": 360137,
            "gross_margin": 40.06,
            "net_income": 188739,
            "revenue": 899089,
            "common_shares": 947466,
            "equity": 1650029,
            "current_ratio": 451.02,
            "debt_ratio": 24.42,
            "inventory_turnover_ratio": 1.66,
            "account_receivable_turnover_ratio": 1.78,
            "reinvestment_rate": -2.57,
            "research_to_sale_ratio": 9.37,
            "price_fair": 131.18,
            "eps_avg_yearly": 3.75,
            "eps_latest_yearly": 7.96,
            "eps_growth_yearly": 1544.64
        },
        "20201": {
            "year_quarter": 20201,
            "year": 2020,
            "quarter": 1,
            "eps": -0.02,
            "eps_growth_year": null,
            "eps_4q": 2.72,
            "eps_4q_growth_year": 173.59,
            "roe": -0.13,
            "gross_profit": 93605,
            "gross_margin": 38.2,
            "net_income": -2073,
            "revenue": 245052,
            "common_shares": 958266,
            "equity": 1650353,
            "current_ratio": 522.4,
            "debt_ratio": 21.56,
            "inventory_turnover_ratio": 0.53,
            "account_receivable_turnover_ratio": 0.62,
            "reinvestment_rate": -2.79,
            "research_to_sale_ratio": 28.18,
            "price_fair": 133.78,
            "eps_avg_yearly": 3.82,
            "eps_latest_yearly": 7.96,
            "eps_growth_yearly": 1736.44
        },
        "20202": {
            "year_quarter": 20202,
            "year": 2020,
            "quarter": 2,
            "eps": 0.55,
            "eps_growth_year": 150,
            "eps_4q": 3.04,
            "eps_4q_growth_year": 154.08,
            "roe": 3.22,
            "gross_profit": 190042,
            "gross_margin": 47.51,
            "net_income": 51574,
            "revenue": 400004,
            "common_shares": 958266,
            "equity": 1556832,
            "current_ratio": 372.1,
            "debt_ratio": 28.65,
            "inventory_turnover_ratio": 0.62,
            "account_receivable_turnover_ratio": 2.16,
            "reinvestment_rate": -2.5,
            "research_to_sale_ratio": 19.33,
            "price_fair": 141.58,
            "eps_avg_yearly": 4.05,
            "eps_latest_yearly": 7.96,
            "eps_growth_yearly": 1970.38
        },
        "20203": {
            "year_quarter": 20203,
            "year": 2020,
            "quarter": 3,
            "eps": 0.72,
            "eps_growth_year": 26.32,
            "eps_4q": 3.18,
            "eps_4q_growth_year": 199.27,
            "roe": 4.26,
            "gross_profit": 201594,
            "gross_margin": 40.85,
            "net_income": 67991,
            "revenue": 493531,
            "common_shares": 963966,
            "equity": 1637241,
            "current_ratio": 514.94,
            "debt_ratio": 21.81,
            "inventory_turnover_ratio": 0.87,
            "account_receivable_turnover_ratio": 2.19,
            "reinvestment_rate": -2.37,
            "research_to_sale_ratio": 14.79,
            "price_fair": 138.43,
            "eps_avg_yearly": 3.96,
            "eps_latest_yearly": 2.88,
            "eps_growth_yearly": 1947.6
        },
        "20204": {
            "year_quarter": 20204,
            "year": 2020,
            "quarter": 4,
            "eps": 0.93,
            "eps_growth_year": -53.25,
            "eps_4q": 2.15,
            "eps_4q_growth_year": -22.61,
            "roe": 5.32,
            "gross_profit": 226170,
            "gross_margin": 39.75,
            "net_income": 89661,
            "revenue": 568977,
            "common_shares": 962836,
            "equity": 1735248,
            "current_ratio": 451.74,
            "debt_ratio": 24.51,
            "inventory_turnover_ratio": 1.21,
            "account_receivable_turnover_ratio": 1.65,
            "reinvestment_rate": -3.31,
            "research_to_sale_ratio": 13.64,
            "price_fair": 111.65,
            "eps_avg_yearly": 3.19,
            "eps_latest_yearly": 3.72,
            "eps_growth_yearly": 1875.52
        },
        "20211": {
            "year_quarter": 20211,
            "year": 2021,
            "quarter": 1,
            "eps": 0.16,
            "eps_growth_year": null,
            "eps_4q": 2.33,
            "eps_4q_growth_year": -14.46,
            "roe": 0.91,
            "gross_profit": 105921,
            "gross_margin": 38.7,
            "net_income": 15107,
            "revenue": 273684,
            "common_shares": 962836,
            "equity": 1567447,
            "current_ratio": 371.65,
            "debt_ratio": 28.85,
            "inventory_turnover_ratio": 0.61,
            "account_receivable_turnover_ratio": 0.78,
            "reinvestment_rate": -3.24,
            "research_to_sale_ratio": 23.76,
            "price_fair": 105,
            "eps_avg_yearly": 3,
            "eps_latest_yearly": 0.64,
            "eps_growth_yearly": 1873.14
        },
        "20212": {
            "year_quarter": 20212,
            "year": 2021,
            "quarter": 2,
            "eps": -0.12,
            "eps_growth_year": -121.82,
            "eps_4q": 1.67,
            "eps_4q_growth_year": -45,
            "roe": -0.74,
            "gross_profit": 81650,
            "gross_margin": 32.58,
            "net_income": -11518,
            "revenue": 250612,
            "common_shares": 962836,
            "equity": 1557237,
            "current_ratio": 392.92,
            "debt_ratio": 27.48,
            "inventory_turnover_ratio": 0.55,
            "account_receivable_turnover_ratio": 1.07,
            "reinvestment_rate": -3.99,
            "research_to_sale_ratio": 27.02,
            "price_fair": 106.8,
            "eps_avg_yearly": 3.05,
            "eps_latest_yearly": 0.64,
            "eps_growth_yearly": 2128.04
        },
        "20213": {
            "year_quarter": 20213,
            "year": 2021,
            "quarter": 3,
            "eps": 0.25,
            "eps_growth_year": -65.28,
            "eps_4q": 1.21,
            "eps_4q_growth_year": -61.86,
            "roe": 1.49,
            "gross_profit": 138280,
            "gross_margin": 41.6,
            "net_income": 23418,
            "revenue": 332444,
            "common_shares": 962836,
            "equity": 1582459,
            "current_ratio": 428.74,
            "debt_ratio": 25.53,
            "inventory_turnover_ratio": 0.45,
            "account_receivable_turnover_ratio": 1.4,
            "reinvestment_rate": -3.84,
            "research_to_sale_ratio": 20,
            "price_fair": 106.8,
            "eps_avg_yearly": 3.05,
            "eps_latest_yearly": 0.64,
            "eps_growth_yearly": 2128.04
        },
        "20214": {
            "year_quarter": 20214,
            "year": 2021,
            "quarter": 4,
            "eps": 1.14,
            "eps_growth_year": 22.41,
            "eps_4q": 1.43,
            "eps_4q_growth_year": -33.55,
            "roe": 6.65,
            "gross_profit": 252308,
            "gross_margin": 34.95,
            "net_income": 106253,
            "revenue": 721986,
            "common_shares": 962131,
            "equity": 1611963,
            "current_ratio": 392.03,
            "debt_ratio": 28.55,
            "inventory_turnover_ratio": 0.83,
            "account_receivable_turnover_ratio": 1.69,
            "reinvestment_rate": -3.35,
            "research_to_sale_ratio": 8.04,
            "price_fair": 113.4,
            "eps_avg_yearly": 3.24,
            "eps_latest_yearly": 4.56,
            "eps_growth_yearly": 2040.03
        },
        "20221": {
            "year_quarter": 20221,
            "year": 2022,
            "quarter": 1,
            "eps": 0.23,
            "eps_growth_year": 43.75,
            "eps_4q": 1.5,
            "eps_4q_growth_year": -35.74,
            "roe": 1.36,
            "gross_profit": 107815,
            "gross_margin": 30.89,
            "net_income": 21416,
            "revenue": 349052,
            "common_shares": 962131,
            "equity": 1533929,
            "current_ratio": 378.09,
            "debt_ratio": 29.35,
            "inventory_turnover_ratio": 0.37,
            "account_receivable_turnover_ratio": 0.71,
            "reinvestment_rate": -2.89,
            "research_to_sale_ratio": 14.61,
            "price_fair": 104.38,
            "eps_avg_yearly": 2.98,
            "eps_latest_yearly": 0.92,
            "eps_growth_yearly": 1777.88
        },
        "20222": {
            "year_quarter": 20222,
            "year": 2022,
            "quarter": 2,
            "eps": -2.38,
            "eps_growth_year": null,
            "eps_4q": -0.74,
            "eps_4q_growth_year": -144.04,
            "roe": -15.45,
            "gross_profit": 152637,
            "gross_margin": 32.71,
            "net_income": -219826,
            "revenue": 466602,
            "common_shares": 962131,
            "equity": 1311949,
            "current_ratio": 254.33,
            "debt_ratio": 40.17,
            "inventory_turnover_ratio": 0.48,
            "account_receivable_turnover_ratio": 1.16,
            "reinvestment_rate": -3.97,
            "research_to_sale_ratio": 14.1,
            "price_fair": 104.38,
            "eps_avg_yearly": 2.98,
            "eps_latest_yearly": 0.92,
            "eps_growth_yearly": 1777.88
        },
        "20223": {
            "year_quarter": 20223,
            "year": 2022,
            "quarter": 3,
            "eps": 0.4,
            "eps_growth_year": 60,
            "eps_4q": -0.59,
            "eps_4q_growth_year": -148.99,
            "roe": 2.76,
            "gross_profit": 153345,
            "gross_margin": 44.48,
            "net_income": 36825,
            "revenue": 344723,
            "common_shares": 962131,
            "equity": 1359293,
            "current_ratio": 581.42,
            "debt_ratio": 36.88,
            "inventory_turnover_ratio": 0.31,
            "account_receivable_turnover_ratio": 0.9,
            "reinvestment_rate": -4.09,
            "research_to_sale_ratio": 16.32,
            "price_fair": 105.18,
            "eps_avg_yearly": 3.01,
            "eps_latest_yearly": 0.92,
            "eps_growth_yearly": 300.12
        },
        "20224": {
            "year_quarter": 20224,
            "year": 2022,
            "quarter": 4,
            "eps": -0.04,
            "eps_growth_year": -103.66,
            "eps_4q": -1.78,
            "eps_4q_growth_year": -224.25,
            "roe": -0.29,
            "gross_profit": 77116,
            "gross_margin": 31.6,
            "net_income": -3889,
            "revenue": 244049,
            "common_shares": 961562,
            "equity": 1350873,
            "current_ratio": 739.8,
            "debt_ratio": 33.79,
            "inventory_turnover_ratio": 0.28,
            "account_receivable_turnover_ratio": 0.87,
            "reinvestment_rate": -4.89,
            "research_to_sale_ratio": 27.07,
            "price_fair": 114.8,
            "eps_avg_yearly": 3.28,
            "eps_latest_yearly": 0.92,
            "eps_growth_yearly": 378.1
        },
        "20231": {
            "year_quarter": 20231,
            "year": 2023,
            "quarter": 1,
            "eps": -0.64,
            "eps_growth_year": -378.26,
            "eps_4q": -2.64,
            "eps_4q_growth_year": -276.4,
            "roe": -4.47,
            "gross_profit": 41229,
            "gross_margin": 26.15,
            "net_income": -59160,
            "revenue": 157659,
            "common_shares": 961562,
            "equity": 1294030,
            "current_ratio": 825.75,
            "debt_ratio": 33.2,
            "inventory_turnover_ratio": 0.2,
            "account_receivable_turnover_ratio": 0.88,
            "reinvestment_rate": -5.42,
            "research_to_sale_ratio": 44.71,
            "price_fair": 114.8,
            "eps_avg_yearly": 3.28,
            "eps_latest_yearly": 0.92,
            "eps_growth_yearly": 378.1
        }
    },
    "months": {
        "2001-06": {
            "month": "2001-06",
            "price": "57.08",
            "revenue": 39811
        },
        "2001-07": {
            "month": "2001-07",
            "price": "49.26",
            "revenue": 55529
        },
        "2001-08": {
            "month": "2001-08",
            "price": "44.47",
            "revenue": 70246
        },
        "2001-09": {
            "month": "2001-09",
            "price": "40.46",
            "revenue": 49277
        },
        "2001-10": {
            "month": "2001-10",
            "price": "29.75",
            "revenue": 50088
        },
        "2001-11": {
            "month": "2001-11",
            "price": "38.73",
            "revenue": 112732
        },
        "2001-12": {
            "month": "2001-12",
            "price": "67.20",
            "revenue": 139671
        },
        "2002-01": {
            "month": "2002-01",
            "price": "79.64",
            "revenue": 63658
        },
        "2002-02": {
            "month": "2002-02",
            "price": "86.83",
            "revenue": 45440
        },
        "2002-03": {
            "month": "2002-03",
            "price": "101.05",
            "revenue": 66625
        },
        "2002-04": {
            "month": "2002-04",
            "price": "100.93",
            "revenue": 50481
        },
        "2002-05": {
            "month": "2002-05",
            "price": "98.61",
            "revenue": 81146
        },
        "2002-06": {
            "month": "2002-06",
            "price": "91.92",
            "revenue": 242040
        },
        "2002-07": {
            "month": "2002-07",
            "price": "91.57",
            "revenue": 125669
        },
        "2002-08": {
            "month": "2002-08",
            "price": "68.30",
            "revenue": 187453
        },
        "2002-09": {
            "month": "2002-09",
            "price": "68.62",
            "revenue": 271433
        },
        "2002-10": {
            "month": "2002-10",
            "price": "75.61",
            "revenue": 130745
        },
        "2002-11": {
            "month": "2002-11",
            "price": "76.98",
            "revenue": 128168
        },
        "2002-12": {
            "month": "2002-12",
            "price": "72.64",
            "revenue": 108328
        },
        "2003-01": {
            "month": "2003-01",
            "price": "67.95",
            "revenue": 67739
        },
        "2003-02": {
            "month": "2003-02",
            "price": "64.22",
            "revenue": 101615
        },
        "2003-03": {
            "month": "2003-03",
            "price": "63.02",
            "revenue": 138932
        },
        "2003-04": {
            "month": "2003-04",
            "price": "58.81",
            "revenue": 110482
        },
        "2003-05": {
            "month": "2003-05",
            "price": "50.68",
            "revenue": 106577
        },
        "2003-06": {
            "month": "2003-06",
            "price": "55.50",
            "revenue": 132086
        },
        "2003-07": {
            "month": "2003-07",
            "price": "55.26",
            "revenue": 111562
        },
        "2003-08": {
            "month": "2003-08",
            "price": "44.85",
            "revenue": 131747
        },
        "2003-09": {
            "month": "2003-09",
            "price": "38.86",
            "revenue": 106334
        },
        "2003-10": {
            "month": "2003-10",
            "price": "41.96",
            "revenue": 153523
        },
        "2003-11": {
            "month": "2003-11",
            "price": "43.02",
            "revenue": 158450
        },
        "2003-12": {
            "month": "2003-12",
            "price": "44.42",
            "revenue": 204718
        },
        "2004-01": {
            "month": "2004-01",
            "price": "46.45",
            "revenue": 69183
        },
        "2004-02": {
            "month": "2004-02",
            "price": "45.38",
            "revenue": 102316
        },
        "2004-03": {
            "month": "2004-03",
            "price": "45.14",
            "revenue": 150439
        },
        "2004-04": {
            "month": "2004-04",
            "price": "46.98",
            "revenue": 138365
        },
        "2004-05": {
            "month": "2004-05",
            "price": "36.74",
            "revenue": 123458
        },
        "2004-06": {
            "month": "2004-06",
            "price": "35.94",
            "revenue": 184334
        },
        "2004-07": {
            "month": "2004-07",
            "price": "34.65",
            "revenue": 173169
        },
        "2004-08": {
            "month": "2004-08",
            "price": "27.94",
            "revenue": 157654
        },
        "2004-09": {
            "month": "2004-09",
            "price": "30.73",
            "revenue": 148404
        },
        "2004-10": {
            "month": "2004-10",
            "price": "32.20",
            "revenue": 136770
        },
        "2004-11": {
            "month": "2004-11",
            "price": "34.82",
            "revenue": 145256
        },
        "2004-12": {
            "month": "2004-12",
            "price": "37.92",
            "revenue": 210401
        },
        "2005-01": {
            "month": "2005-01",
            "price": "35.34",
            "revenue": 81177
        },
        "2005-02": {
            "month": "2005-02",
            "price": "37.43",
            "revenue": 120352
        },
        "2005-03": {
            "month": "2005-03",
            "price": "37.38",
            "revenue": 192436
        },
        "2005-04": {
            "month": "2005-04",
            "price": "37.98",
            "revenue": 130264
        },
        "2005-05": {
            "month": "2005-05",
            "price": "35.51",
            "revenue": 112065
        },
        "2005-06": {
            "month": "2005-06",
            "price": "35.43",
            "revenue": 123775
        },
        "2005-07": {
            "month": "2005-07",
            "price": "35.88",
            "revenue": 111588
        },
        "2005-08": {
            "month": "2005-08",
            "price": "29.98",
            "revenue": 167538
        },
        "2005-09": {
            "month": "2005-09",
            "price": "26.22",
            "revenue": 163852
        },
        "2005-10": {
            "month": "2005-10",
            "price": "27.04",
            "revenue": 90746
        },
        "2005-11": {
            "month": "2005-11",
            "price": "23.70",
            "revenue": 99242
        },
        "2005-12": {
            "month": "2005-12",
            "price": "28.15",
            "revenue": 176168
        },
        "2006-01": {
            "month": "2006-01",
            "price": "29.36",
            "revenue": 49817
        },
        "2006-02": {
            "month": "2006-02",
            "price": "25.48",
            "revenue": 72380
        },
        "2006-03": {
            "month": "2006-03",
            "price": "25.05",
            "revenue": 142244
        },
        "2006-04": {
            "month": "2006-04",
            "price": "27.27",
            "revenue": 91260
        },
        "2006-05": {
            "month": "2006-05",
            "price": "28.80",
            "revenue": 136185
        },
        "2006-06": {
            "month": "2006-06",
            "price": "29.20",
            "revenue": 118233
        },
        "2006-07": {
            "month": "2006-07",
            "price": "27.23",
            "revenue": 150487
        },
        "2006-08": {
            "month": "2006-08",
            "price": "27.99",
            "revenue": 130658
        },
        "2006-09": {
            "month": "2006-09",
            "price": "27.79",
            "revenue": 289947
        },
        "2006-10": {
            "month": "2006-10",
            "price": "30.53",
            "revenue": 289929
        },
        "2006-11": {
            "month": "2006-11",
            "price": "35.46",
            "revenue": 337983
        },
        "2006-12": {
            "month": "2006-12",
            "price": "41.75",
            "revenue": 405242
        },
        "2007-01": {
            "month": "2007-01",
            "price": "41.43",
            "revenue": 311997
        },
        "2007-02": {
            "month": "2007-02",
            "price": "39.20",
            "revenue": 110941
        },
        "2007-03": {
            "month": "2007-03",
            "price": "39.63",
            "revenue": 210905
        },
        "2007-04": {
            "month": "2007-04",
            "price": "44.65",
            "revenue": 136519
        },
        "2007-05": {
            "month": "2007-05",
            "price": "43.23",
            "revenue": 143728
        },
        "2007-06": {
            "month": "2007-06",
            "price": "49.76",
            "revenue": 158584
        },
        "2007-07": {
            "month": "2007-07",
            "price": "61.00",
            "revenue": 162769
        },
        "2007-08": {
            "month": "2007-08",
            "price": "54.08",
            "revenue": 156343
        },
        "2007-09": {
            "month": "2007-09",
            "price": "50.57",
            "revenue": 171921
        },
        "2007-10": {
            "month": "2007-10",
            "price": "42.17",
            "revenue": 218084
        },
        "2007-11": {
            "month": "2007-11",
            "price": "34.41",
            "revenue": 168491
        },
        "2007-12": {
            "month": "2007-12",
            "price": "28.44",
            "revenue": 250580
        },
        "2008-01": {
            "month": "2008-01",
            "price": "25.31",
            "revenue": 75833
        },
        "2008-02": {
            "month": "2008-02",
            "price": "22.64",
            "revenue": 95014
        },
        "2008-03": {
            "month": "2008-03",
            "price": "26.55",
            "revenue": 124227
        },
        "2008-04": {
            "month": "2008-04",
            "price": "28.04",
            "revenue": 105991
        },
        "2008-05": {
            "month": "2008-05",
            "price": "27.21",
            "revenue": 133195
        },
        "2008-06": {
            "month": "2008-06",
            "price": "24.45",
            "revenue": 323931
        },
        "2008-07": {
            "month": "2008-07",
            "price": "19.95",
            "revenue": 87086
        },
        "2008-08": {
            "month": "2008-08",
            "price": "18.97",
            "revenue": 108268
        },
        "2008-09": {
            "month": "2008-09",
            "price": "17.32",
            "revenue": 131872
        },
        "2008-10": {
            "month": "2008-10",
            "price": "13.67",
            "revenue": 101850
        },
        "2008-11": {
            "month": "2008-11",
            "price": "11.57",
            "revenue": 101125
        },
        "2008-12": {
            "month": "2008-12",
            "price": "10.97",
            "revenue": 396206
        },
        "2009-01": {
            "month": "2009-01",
            "price": "11.73",
            "revenue": 46680
        },
        "2009-02": {
            "month": "2009-02",
            "price": "10.68",
            "revenue": 64399
        },
        "2009-03": {
            "month": "2009-03",
            "price": "12.25",
            "revenue": 61479
        },
        "2009-04": {
            "month": "2009-04",
            "price": "13.62",
            "revenue": 83808
        },
        "2009-05": {
            "month": "2009-05",
            "price": "14.51",
            "revenue": 129639
        },
        "2009-06": {
            "month": "2009-06",
            "price": "14.91",
            "revenue": 250679
        },
        "2009-07": {
            "month": "2009-07",
            "price": "15.85",
            "revenue": 188226
        },
        "2009-08": {
            "month": "2009-08",
            "price": "18.18",
            "revenue": 91618
        },
        "2009-09": {
            "month": "2009-09",
            "price": "18.40",
            "revenue": 104165
        },
        "2009-10": {
            "month": "2009-10",
            "price": "18.67",
            "revenue": 92863
        },
        "2009-11": {
            "month": "2009-11",
            "price": "17.94",
            "revenue": 112866
        },
        "2009-12": {
            "month": "2009-12",
            "price": "20.30",
            "revenue": 315969
        },
        "2010-01": {
            "month": "2010-01",
            "price": "23.39",
            "revenue": 85766
        },
        "2010-02": {
            "month": "2010-02",
            "price": "20.62",
            "revenue": 107129
        },
        "2010-03": {
            "month": "2010-03",
            "price": "24.69",
            "revenue": 135260
        },
        "2010-04": {
            "month": "2010-04",
            "price": "30.03",
            "revenue": 205028
        },
        "2010-05": {
            "month": "2010-05",
            "price": "33.74",
            "revenue": 273561
        },
        "2010-06": {
            "month": "2010-06",
            "price": "34.87",
            "revenue": 315264
        },
        "2010-07": {
            "month": "2010-07",
            "price": "38.23",
            "revenue": 258105
        },
        "2010-08": {
            "month": "2010-08",
            "price": "37.89",
            "revenue": 270183
        },
        "2010-09": {
            "month": "2010-09",
            "price": "39.39",
            "revenue": 232023
        },
        "2010-10": {
            "month": "2010-10",
            "price": "36.38",
            "revenue": 115323
        },
        "2010-11": {
            "month": "2010-11",
            "price": "31.58",
            "revenue": 116914
        },
        "2010-12": {
            "month": "2010-12",
            "price": "34.12",
            "revenue": 288229
        },
        "2011-01": {
            "month": "2011-01",
            "price": "35.11",
            "revenue": 130276
        },
        "2011-02": {
            "month": "2011-02",
            "price": "32.85",
            "revenue": 126427
        },
        "2011-03": {
            "month": "2011-03",
            "price": "35.02",
            "revenue": 196755
        },
        "2011-04": {
            "month": "2011-04",
            "price": "38.29",
            "revenue": 117172
        },
        "2011-05": {
            "month": "2011-05",
            "price": "35.85",
            "revenue": 132961
        },
        "2011-06": {
            "month": "2011-06",
            "price": "35.13",
            "revenue": 242113
        },
        "2011-07": {
            "month": "2011-07",
            "price": "33.76",
            "revenue": 138134
        },
        "2011-08": {
            "month": "2011-08",
            "price": "26.40",
            "revenue": 225287
        },
        "2011-09": {
            "month": "2011-09",
            "price": "27.03",
            "revenue": 262978
        },
        "2011-10": {
            "month": "2011-10",
            "price": "32.24",
            "revenue": 116375
        },
        "2011-11": {
            "month": "2011-11",
            "price": "31.31",
            "revenue": 137854
        },
        "2011-12": {
            "month": "2011-12",
            "price": "27.14",
            "revenue": 142141
        },
        "2012-01": {
            "month": "2012-01",
            "price": "28.15",
            "revenue": 158248
        },
        "2012-02": {
            "month": "2012-02",
            "price": "33.16",
            "revenue": 128764
        },
        "2012-03": {
            "month": "2012-03",
            "price": "33.24",
            "revenue": 177229
        },
        "2012-04": {
            "month": "2012-04",
            "price": "31.57",
            "revenue": 131511
        },
        "2012-05": {
            "month": "2012-05",
            "price": "30.22",
            "revenue": 131824
        },
        "2012-06": {
            "month": "2012-06",
            "price": "28.53",
            "revenue": 170081
        },
        "2012-07": {
            "month": "2012-07",
            "price": "28.01",
            "revenue": 199586
        },
        "2012-08": {
            "month": "2012-08",
            "price": "28.49",
            "revenue": 171255
        },
        "2012-09": {
            "month": "2012-09",
            "price": "27.20",
            "revenue": 155407
        },
        "2012-10": {
            "month": "2012-10",
            "price": "24.71",
            "revenue": 130027
        },
        "2012-11": {
            "month": "2012-11",
            "price": "24.16",
            "revenue": 114811
        },
        "2012-12": {
            "month": "2012-12",
            "price": "23.86",
            "revenue": 86060
        },
        "2013-01": {
            "month": "2013-01",
            "price": "25.65",
            "revenue": 199661
        },
        "2013-02": {
            "month": "2013-02",
            "price": "26.51",
            "revenue": 102360
        },
        "2013-03": {
            "month": "2013-03",
            "price": "25.80",
            "revenue": 158877
        },
        "2013-04": {
            "month": "2013-04",
            "price": "25.54",
            "revenue": 204184
        },
        "2013-05": {
            "month": "2013-05",
            "price": "27.19",
            "revenue": 188160
        },
        "2013-06": {
            "month": "2013-06",
            "price": "29.42",
            "revenue": 233138
        },
        "2013-07": {
            "month": "2013-07",
            "price": "31.77",
            "revenue": 281669
        },
        "2013-08": {
            "month": "2013-08",
            "price": "41.79",
            "revenue": 228853
        },
        "2013-09": {
            "month": "2013-09",
            "price": "38.49",
            "revenue": 224112
        },
        "2013-10": {
            "month": "2013-10",
            "price": "40.58",
            "revenue": 161956
        },
        "2013-11": {
            "month": "2013-11",
            "price": "39.17",
            "revenue": 94517
        },
        "2013-12": {
            "month": "2013-12",
            "price": "46.95",
            "revenue": 224504
        },
        "2014-01": {
            "month": "2014-01",
            "price": "56.91",
            "revenue": 100816
        },
        "2014-02": {
            "month": "2014-02",
            "price": "54.56",
            "revenue": 95773
        },
        "2014-03": {
            "month": "2014-03",
            "price": "54.09",
            "revenue": 132527
        },
        "2014-04": {
            "month": "2014-04",
            "price": "47.17",
            "revenue": 120437
        },
        "2014-05": {
            "month": "2014-05",
            "price": "46.29",
            "revenue": 87449
        },
        "2014-06": {
            "month": "2014-06",
            "price": "46.73",
            "revenue": 195772
        },
        "2014-07": {
            "month": "2014-07",
            "price": "39.90",
            "revenue": 77433
        },
        "2014-08": {
            "month": "2014-08",
            "price": "38.04",
            "revenue": 148663
        },
        "2014-09": {
            "month": "2014-09",
            "price": "47.30",
            "revenue": 212368
        },
        "2014-10": {
            "month": "2014-10",
            "price": "50.24",
            "revenue": 271268
        },
        "2014-11": {
            "month": "2014-11",
            "price": "55.11",
            "revenue": 173884
        },
        "2014-12": {
            "month": "2014-12",
            "price": "55.69",
            "revenue": 308081
        },
        "2015-01": {
            "month": "2015-01",
            "price": "57.78",
            "revenue": 372717
        },
        "2015-02": {
            "month": "2015-02",
            "price": "58.95",
            "revenue": 99526
        },
        "2015-03": {
            "month": "2015-03",
            "price": "68.96",
            "revenue": 219917
        },
        "2015-04": {
            "month": "2015-04",
            "price": "69.42",
            "revenue": 234336
        },
        "2015-05": {
            "month": "2015-05",
            "price": "83.40",
            "revenue": 420768
        },
        "2015-06": {
            "month": "2015-06",
            "price": "101.48",
            "revenue": 406128
        },
        "2015-07": {
            "month": "2015-07",
            "price": "94.65",
            "revenue": 131211
        },
        "2015-08": {
            "month": "2015-08",
            "price": "61.39",
            "revenue": 229571
        },
        "2015-09": {
            "month": "2015-09",
            "price": "68.26",
            "revenue": 196477
        },
        "2015-10": {
            "month": "2015-10",
            "price": "71.49",
            "revenue": 249276
        },
        "2015-11": {
            "month": "2015-11",
            "price": "77.54",
            "revenue": 431379
        },
        "2015-12": {
            "month": "2015-12",
            "price": "81.35",
            "revenue": 213866
        },
        "2016-01": {
            "month": "2016-01",
            "price": "64.96",
            "revenue": 359681
        },
        "2016-02": {
            "month": "2016-02",
            "price": "72.58",
            "revenue": 79942
        },
        "2016-03": {
            "month": "2016-03",
            "price": "72.65",
            "revenue": 120496
        },
        "2016-04": {
            "month": "2016-04",
            "price": "65.45",
            "revenue": 94316
        },
        "2016-05": {
            "month": "2016-05",
            "price": "57.68",
            "revenue": 175643
        },
        "2016-06": {
            "month": "2016-06",
            "price": "61.10",
            "revenue": 270959
        },
        "2016-07": {
            "month": "2016-07",
            "price": "59.16",
            "revenue": 249844
        },
        "2016-08": {
            "month": "2016-08",
            "price": "56.93",
            "revenue": 193446
        },
        "2016-09": {
            "month": "2016-09",
            "price": "48.42",
            "revenue": 190022
        },
        "2016-10": {
            "month": "2016-10",
            "price": "45.16",
            "revenue": 228145
        },
        "2016-11": {
            "month": "2016-11",
            "price": "49.28",
            "revenue": 255532
        },
        "2016-12": {
            "month": "2016-12",
            "price": "55.64",
            "revenue": 535596
        },
        "2017-01": {
            "month": "2017-01",
            "price": "57.88",
            "revenue": 138118
        },
        "2017-02": {
            "month": "2017-02",
            "price": "59.03",
            "revenue": 74562
        },
        "2017-03": {
            "month": "2017-03",
            "price": "57.95",
            "revenue": 229389
        },
        "2017-04": {
            "month": "2017-04",
            "price": "69.52",
            "revenue": 250259
        },
        "2017-05": {
            "month": "2017-05",
            "price": "68.14",
            "revenue": 121235
        },
        "2017-06": {
            "month": "2017-06",
            "price": "67.98",
            "revenue": 151356
        },
        "2017-07": {
            "month": "2017-07",
            "price": "61.46",
            "revenue": 152643
        },
        "2017-08": {
            "month": "2017-08",
            "price": "60.11",
            "revenue": 110255
        },
        "2017-09": {
            "month": "2017-09",
            "price": "58.09",
            "revenue": 127654
        },
        "2017-10": {
            "month": "2017-10",
            "price": "52.20",
            "revenue": 93940
        },
        "2017-11": {
            "month": "2017-11",
            "price": "49.66",
            "revenue": 95903
        },
        "2017-12": {
            "month": "2017-12",
            "price": "49.12",
            "revenue": 204950
        },
        "2018-01": {
            "month": "2018-01",
            "price": "45.69",
            "revenue": 91245
        },
        "2018-02": {
            "month": "2018-02",
            "price": "41.26",
            "revenue": 62976
        },
        "2018-03": {
            "month": "2018-03",
            "price": "39.49",
            "revenue": 97915
        },
        "2018-04": {
            "month": "2018-04",
            "price": "34.30",
            "revenue": 151298
        },
        "2018-05": {
            "month": "2018-05",
            "price": "30.28",
            "revenue": 153951
        },
        "2018-06": {
            "month": "2018-06",
            "price": "33.31",
            "revenue": 140194
        },
        "2018-07": {
            "month": "2018-07",
            "price": "32.55",
            "revenue": 209658
        },
        "2018-08": {
            "month": "2018-08",
            "price": "31.99",
            "revenue": 207856
        },
        "2018-09": {
            "month": "2018-09",
            "price": "29.43",
            "revenue": 256549
        },
        "2018-10": {
            "month": "2018-10",
            "price": "26.52",
            "revenue": 137441
        },
        "2018-11": {
            "month": "2018-11",
            "price": "24.37",
            "revenue": 127344
        },
        "2018-12": {
            "month": "2018-12",
            "price": "25.16",
            "revenue": 140391
        },
        "2019-01": {
            "month": "2019-01",
            "price": "24.23",
            "revenue": 64872
        },
        "2019-02": {
            "month": "2019-02",
            "price": "24.78",
            "revenue": 52960
        },
        "2019-03": {
            "month": "2019-03",
            "price": "23.88",
            "revenue": 143121
        },
        "2019-04": {
            "month": "2019-04",
            "price": "27.96",
            "revenue": 98810
        },
        "2019-05": {
            "month": "2019-05",
            "price": "28.23",
            "revenue": 114983
        },
        "2019-06": {
            "month": "2019-06",
            "price": "26.41",
            "revenue": 117989
        },
        "2019-07": {
            "month": "2019-07",
            "price": "27.67",
            "revenue": 171119
        },
        "2019-08": {
            "month": "2019-08",
            "price": "31.69",
            "revenue": 211641
        },
        "2019-09": {
            "month": "2019-09",
            "price": "32.25",
            "revenue": 149645
        },
        "2019-10": {
            "month": "2019-10",
            "price": "29.95",
            "revenue": 249105
        },
        "2019-11": {
            "month": "2019-11",
            "price": "32.40",
            "revenue": 279978
        },
        "2019-12": {
            "month": "2019-12",
            "price": "34.13",
            "revenue": 370007
        },
        "2020-01": {
            "month": "2020-01",
            "price": "33.47",
            "revenue": 106265
        },
        "2020-02": {
            "month": "2020-02",
            "price": "29.98",
            "revenue": 49336
        },
        "2020-03": {
            "month": "2020-03",
            "price": "23.54",
            "revenue": 89451
        },
        "2020-04": {
            "month": "2020-04",
            "price": "23.92",
            "revenue": 134612
        },
        "2020-05": {
            "month": "2020-05",
            "price": "25.41",
            "revenue": 128398
        },
        "2020-06": {
            "month": "2020-06",
            "price": "26.68",
            "revenue": 136994
        },
        "2020-07": {
            "month": "2020-07",
            "price": "25.91",
            "revenue": 215131
        },
        "2020-08": {
            "month": "2020-08",
            "price": "27.87",
            "revenue": 156726
        },
        "2020-09": {
            "month": "2020-09",
            "price": "28.34",
            "revenue": 121673
        },
        "2020-10": {
            "month": "2020-10",
            "price": "26.53",
            "revenue": 83814
        },
        "2020-11": {
            "month": "2020-11",
            "price": "25.98",
            "revenue": 166520
        },
        "2020-12": {
            "month": "2020-12",
            "price": "26.59",
            "revenue": 318643
        },
        "2021-01": {
            "month": "2021-01",
            "price": "26.12",
            "revenue": 52934
        },
        "2021-02": {
            "month": "2021-02",
            "price": "24.78",
            "revenue": 76804
        },
        "2021-03": {
            "month": "2021-03",
            "price": "27.20",
            "revenue": 143946
        },
        "2021-04": {
            "month": "2021-04",
            "price": "32.14",
            "revenue": 82852
        },
        "2021-05": {
            "month": "2021-05",
            "price": "27.86",
            "revenue": 62863
        },
        "2021-06": {
            "month": "2021-06",
            "price": "28.06",
            "revenue": 104897
        },
        "2021-07": {
            "month": "2021-07",
            "price": "28.35",
            "revenue": 85752
        },
        "2021-08": {
            "month": "2021-08",
            "price": "27.31",
            "revenue": 147421
        },
        "2021-09": {
            "month": "2021-09",
            "price": "25.91",
            "revenue": 99271
        },
        "2021-10": {
            "month": "2021-10",
            "price": "25.04",
            "revenue": 132450
        },
        "2021-11": {
            "month": "2021-11",
            "price": "26.49",
            "revenue": 223113
        },
        "2021-12": {
            "month": "2021-12",
            "price": "28.07",
            "revenue": 366424
        },
        "2022-01": {
            "month": "2022-01",
            "price": "27.62",
            "revenue": 106094
        },
        "2022-02": {
            "month": "2022-02",
            "price": "27.12",
            "revenue": 102407
        },
        "2022-03": {
            "month": "2022-03",
            "price": "26.65",
            "revenue": 140551
        },
        "2022-04": {
            "month": "2022-04",
            "price": "26.30",
            "revenue": 81633
        },
        "2022-05": {
            "month": "2022-05",
            "price": "25.18",
            "revenue": 143663
        },
        "2022-06": {
            "month": "2022-06",
            "price": "26.39",
            "revenue": 241306
        },
        "2022-07": {
            "month": "2022-07",
            "price": "24.36",
            "revenue": 117389
        },
        "2022-08": {
            "month": "2022-08",
            "price": "24.12",
            "revenue": 123873
        },
        "2022-09": {
            "month": "2022-09",
            "price": "23.48",
            "revenue": 103461
        },
        "2022-10": {
            "month": "2022-10",
            "price": "21.48",
            "revenue": 68530
        },
        "2022-11": {
            "month": "2022-11",
            "price": "21.61",
            "revenue": 68944
        },
        "2022-12": {
            "month": "2022-12",
            "price": "22.11",
            "revenue": 106576
        },
        "2023-01": {
            "month": "2023-01",
            "price": "22.16",
            "revenue": 22657
        },
        "2023-02": {
            "month": "2023-02",
            "price": "23.43",
            "revenue": 60942
        },
        "2023-03": {
            "month": "2023-03",
            "price": "24.10",
            "revenue": 74060
        },
        "2023-04": {
            "month": "2023-04",
            "price": "25.51",
            "revenue": 40751
        }
    }
}
