{
    "summary": {
        "stock_name": "連展",
        "stock_id": "5491",
        "category": "電子零組件",
        "main_business": "連結器及連接線製造買賣業務<br>其他電子零組件製造買賣業務<br>其他",
        "website_url": "",
        "ceo": "陳鴻儀",
        "pe_ratio": 2,
        "report_year_from": 2001,
        "report_year_to": 2017,
        "age": 22,
        "eps_negative_percentage": 48,
        "eps_growth_avg": {
            "last_all": 5.49,
            "last_2y": -100,
            "last_4y": -100,
            "last_8y": -31.83,
            "last_12y": -11,
            "last_16y": null,
            "last_20y": null,
            "at_2006_last_3y": 37.55,
            "at_2007_last_3y": 3.72,
            "at_2008_last_3y": 20.24,
            "at_2009_last_3y": 53.03,
            "at_2010_last_3y": 5.29,
            "at_2011_last_3y": 52.26,
            "at_2012_last_3y": 2.26,
            "at_2013_last_3y": -30.32,
            "at_2014_last_3y": 0,
            "at_2015_last_3y": -100,
            "at_2016_last_3y": -100,
            "at_2017_last_3y": -100,
            "at_2018_last_3y": -100,
            "at_2019_last_3y": -100,
            "at_2020_last_3y": -100,
            "at_2021_last_3y": -100,
            "at_2022_last_3y": -100,
            "at_2023_last_3y": -100,
            "at_2006_last_all": 50.04,
            "at_2007_last_all": 27.05,
            "at_2008_last_all": 37.47,
            "at_2009_last_all": 45.29,
            "at_2010_last_all": 30.15,
            "at_2011_last_all": 37.13,
            "at_2012_last_all": 24.67,
            "at_2013_last_all": 24.67,
            "at_2014_last_all": 24.67,
            "at_2015_last_all": 14.28,
            "at_2016_last_all": 14.28,
            "at_2017_last_all": 5.49,
            "at_2018_last_all": 5.49,
            "at_2019_last_all": 5.49,
            "at_2020_last_all": 5.49,
            "at_2021_last_all": 5.49,
            "at_2022_last_all": 5.49,
            "at_2023_last_all": 5.49
        },
        "latest_eps": 3.9,
        "latest_price": 9.1,
        "latest_roe": 27.24,
        "latest_gross_margin": 15.12,
        "latest_equity": 3167344,
        "latest_revenue": 2059927,
        "latest_gross_profit": 311522,
        "latest_net_income": -149345,
        "latest_debt_ratio": 61.19,
        "latest_current_ratio": 137.78,
        "latest_account_receivable_turnover_ratio": 1,
        "latest_inventory_turnover_ratio": 1.66,
        "latest_reinvestment_rate": -3486.84,
        "latest_research_to_sale_ratio": 5.63
    },
    "eps_dividends": {
        "1999": {
            "cash": 0,
            "stock": 2,
            "eps": 0
        },
        "2000": {
            "cash": 0,
            "stock": 3,
            "eps": 0
        },
        "2001": {
            "cash": 0,
            "stock": 3,
            "eps": 0.27
        },
        "2002": {
            "cash": 0,
            "stock": 0,
            "eps": 0.78
        },
        "2003": {
            "cash": 0,
            "stock": 1,
            "eps": 1.15
        },
        "2004": {
            "cash": 0,
            "stock": 1,
            "eps": 1.54
        },
        "2005": {
            "cash": 0,
            "stock": 1,
            "eps": 1.06
        },
        "2006": {
            "cash": 0,
            "stock": 1,
            "eps": 2.72
        },
        "2007": {
            "cash": 1,
            "stock": 1,
            "eps": 0.33
        },
        "2008": {
            "cash": 0,
            "stock": 0,
            "eps": 0.8
        },
        "2009": {
            "cash": 0,
            "stock": 0,
            "eps": 1.66
        },
        "2010": {
            "cash": 1,
            "stock": 0,
            "eps": 0.15
        },
        "2011": {
            "cash": 0,
            "stock": 0,
            "eps": 0.36
        },
        "2012": {
            "cash": 0,
            "stock": 0,
            "eps": -1.04
        },
        "2013": {
            "cash": 0,
            "stock": 0,
            "eps": -0.82
        },
        "2014": {
            "cash": 0,
            "stock": 0,
            "eps": 0.03
        },
        "2015": {
            "cash": 0,
            "stock": 0,
            "eps": -1.66
        },
        "2016": {
            "cash": 0,
            "stock": 0,
            "eps": 3.56
        },
        "2017": {
            "cash": 0,
            "stock": 0,
            "eps": -0.98
        }
    },
    "dividends": {
        "1999-05-22": {
            "cash": 0,
            "stock": 2
        },
        "2000-06-24": {
            "cash": 0,
            "stock": 2.62
        },
        "2001-03-14": {
            "cash": 0,
            "stock": 2.5
        },
        "2002-06-26": {
            "cash": 0.05,
            "stock": 0.05
        },
        "2003-07-31": {
            "cash": 0,
            "stock": 0.7
        },
        "2004-04-28": {
            "cash": 0,
            "stock": 1.38
        },
        "2005-04-29": {
            "cash": 0.2,
            "stock": 1
        },
        "2006-05-16": {
            "cash": 0.29,
            "stock": 0.97
        },
        "2007-04-27": {
            "cash": 0.8,
            "stock": 0.81
        },
        "2008-04-23": {
            "cash": 0.04,
            "stock": 0.2
        },
        "2009-04-21": {
            "cash": 0.1,
            "stock": 0.42
        },
        "2010-04-23": {
            "cash": 0.8,
            "stock": 0.35
        },
        "2011-04-11": {
            "cash": 0.15,
            "stock": 0.1
        },
        "2017-09-27": {
            "cash": 0.1,
            "stock": 0
        }
    },
    "prices": {
        "200101": "無",
        "200102": "無",
        "200103": "60.08",
        "200104": "69.10",
        "200105": "54.96",
        "200106": "39.48",
        "200107": "19.83",
        "200108": "16.29",
        "200109": "13.93",
        "200110": "13.78",
        "200111": "15.21",
        "200112": "18.96",
        "200201": "22.90",
        "200202": "20.92",
        "200203": "23.62",
        "200204": "27.61",
        "200205": "21.04",
        "200206": "20.02",
        "200207": "18.43",
        "200208": "17.37",
        "200209": "15.66",
        "200210": "15.12",
        "200211": "13.51",
        "200212": "14.95",
        "200301": "14.84",
        "200302": "13.58",
        "200303": "12.95",
        "200304": "12.59",
        "200305": "11.86",
        "200306": "14.54",
        "200307": "15.71",
        "200308": "15.37",
        "200309": "15.60",
        "200310": "17.67",
        "200311": "17.51",
        "200312": "22.57",
        "200401": "24.35",
        "200402": "23.46",
        "200403": "21.98",
        "200404": "20.65",
        "200405": "18.47",
        "200406": "19.21",
        "200407": "17.26",
        "200408": "14.45",
        "200409": "13.56",
        "200410": "14.32",
        "200411": "13.98",
        "200412": "13.62",
        "200501": "12.13",
        "200502": "16.67",
        "200503": "21.93",
        "200504": "20.37",
        "200505": "22.49",
        "200506": "29.51",
        "200507": "34.31",
        "200508": "31.24",
        "200509": "22.97",
        "200510": "21.58",
        "200511": "17.78",
        "200512": "21.75",
        "200601": "22.30",
        "200602": "20.61",
        "200603": "21.44",
        "200604": "26.62",
        "200605": "27.55",
        "200606": "22.00",
        "200607": "19.77",
        "200608": "20.94",
        "200609": "19.70",
        "200610": "20.56",
        "200611": "21.39",
        "200612": "29.81",
        "200701": "37.95",
        "200702": "37.57",
        "200703": "43.94",
        "200704": "47.63",
        "200705": "43.18",
        "200706": "47.84",
        "200707": "52.03",
        "200708": "32.92",
        "200709": "29.19",
        "200710": "27.60",
        "200711": "21.09",
        "200712": "17.67",
        "200801": "15.54",
        "200802": "15.08",
        "200803": "16.66",
        "200804": "19.40",
        "200805": "19.49",
        "200806": "16.02",
        "200807": "13.26",
        "200808": "13.78",
        "200809": "12.13",
        "200810": "9.92",
        "200811": "6.96",
        "200812": "6.29",
        "200901": "6.71",
        "200902": "6.51",
        "200903": "9.21",
        "200904": "12.71",
        "200905": "16.73",
        "200906": "16.32",
        "200907": "18.70",
        "200908": "19.84",
        "200909": "20.77",
        "200910": "20.43",
        "200911": "19.44",
        "200912": "21.13",
        "201001": "25.27",
        "201002": "22.39",
        "201003": "25.11",
        "201004": "25.40",
        "201005": "20.20",
        "201006": "19.54",
        "201007": "19.77",
        "201008": "19.62",
        "201009": "18.58",
        "201010": "18.08",
        "201011": "15.38",
        "201012": "16.65",
        "201101": "16.22",
        "201102": "16.28",
        "201103": "17.47",
        "201104": "16.60",
        "201105": "14.95",
        "201106": "14.24",
        "201107": "12.87",
        "201108": "11.35",
        "201109": "10.30",
        "201110": "9.97",
        "201111": "9.98",
        "201112": "8.45",
        "201201": "8.57",
        "201202": "10.65",
        "201203": "10.62",
        "201204": "8.93",
        "201205": "8.07",
        "201206": "7.81",
        "201207": "7.57",
        "201208": "7.49",
        "201209": "7.71",
        "201210": "6.97",
        "201211": "6.22",
        "201212": "6.65",
        "201301": "6.86",
        "201302": "7.02",
        "201303": "8.59",
        "201304": "8.99",
        "201305": "8.92",
        "201306": "8.16",
        "201307": "7.74",
        "201308": "9.16",
        "201309": "10.51",
        "201310": "10.65",
        "201311": "8.95",
        "201312": "9.26",
        "201401": "11.84",
        "201402": "13.89",
        "201403": "13.83",
        "201404": "13.11",
        "201405": "11.91",
        "201406": "12.29",
        "201407": "12.17",
        "201408": "11.59",
        "201409": "12.39",
        "201410": "11.91",
        "201411": "11.70",
        "201412": "12.71",
        "201501": "12.53",
        "201502": "12.00",
        "201503": "12.44",
        "201504": "11.84",
        "201505": "9.15",
        "201506": "7.47",
        "201507": "6.61",
        "201508": "5.92",
        "201509": "6.94",
        "201510": "8.44",
        "201511": "7.40",
        "201512": "7.17",
        "201601": "6.62",
        "201602": "6.50",
        "201603": "7.06",
        "201604": "6.63",
        "201605": "5.95",
        "201606": "5.77",
        "201607": "6.01",
        "201608": "7.32",
        "201609": "8.03",
        "201610": "8.24",
        "201611": "8.07",
        "201612": "8.11",
        "201701": "8.51",
        "201702": "9.62",
        "201703": "10.97",
        "201704": "11.09",
        "201705": "10.96",
        "201706": "11.08",
        "201707": "10.85",
        "201708": "9.46",
        "201709": "8.97",
        "201710": "9.21",
        "201711": "9.41",
        "201712": "9.22",
        "201801": "無",
        "201802": "無",
        "201803": "無",
        "201804": "無",
        "201805": "無",
        "201806": "無",
        "201807": "無",
        "201808": "無",
        "201809": "無",
        "201810": "無",
        "201811": "無",
        "201812": "無",
        "201901": "無",
        "201902": "無",
        "201903": "無",
        "201904": "無",
        "201905": "無",
        "201906": "無",
        "201907": "無",
        "201908": "無",
        "201909": "無",
        "201910": "無",
        "201911": "無",
        "201912": "無",
        "202001": "無",
        "202002": "無",
        "202003": "無",
        "202004": "無",
        "202005": "無",
        "202006": "無",
        "202007": "無",
        "202008": "無",
        "202009": "無",
        "202010": "無",
        "202011": "無",
        "202012": "無",
        "202101": "無",
        "202102": "無",
        "202103": "無",
        "202104": "無",
        "202105": "無",
        "202106": "無",
        "202107": "無",
        "202108": "無",
        "202109": "無",
        "202110": "無",
        "202111": "無",
        "202112": "無",
        "202201": "無",
        "202202": "無",
        "202203": "無",
        "202204": "無",
        "202205": "無",
        "202206": "無",
        "202207": "無",
        "202208": "無",
        "202209": "無",
        "202210": "無",
        "202211": "無",
        "202212": "無",
        "202301": "無",
        "202302": "無",
        "202303": "無",
        "202304": "無",
        "202305": "無"
    },
    "quarters": {
        "20011": {
            "year_quarter": 20011,
            "year": 2001,
            "quarter": 1,
            "eps": 0.4,
            "eps_growth_year": -71.01,
            "eps_4q": 2.37,
            "eps_4q_growth_year": null,
            "roe": 2.9,
            "gross_profit": 73443,
            "gross_margin": 27.63,
            "net_income": 13534,
            "revenue": 265824,
            "common_shares": 341000,
            "equity": 472977,
            "current_ratio": 128.51,
            "debt_ratio": 55.99,
            "inventory_turnover_ratio": 1.4,
            "account_receivable_turnover_ratio": null,
            "reinvestment_rate": null,
            "research_to_sale_ratio": null,
            "price_fair": 0,
            "eps_avg_yearly": 0,
            "eps_latest_yearly": 0,
            "eps_growth_yearly": 0
        },
        "20012": {
            "year_quarter": 20012,
            "year": 2001,
            "quarter": 2,
            "eps": -0.51,
            "eps_growth_year": -182.26,
            "eps_4q": 0.69,
            "eps_4q_growth_year": null,
            "roe": -3.19,
            "gross_profit": 51694,
            "gross_margin": 22.12,
            "net_income": -22674,
            "revenue": 233746,
            "common_shares": 533832,
            "equity": 949685,
            "current_ratio": 224.73,
            "debt_ratio": 33.83,
            "inventory_turnover_ratio": 3.73,
            "account_receivable_turnover_ratio": null,
            "reinvestment_rate": null,
            "research_to_sale_ratio": null,
            "price_fair": 0,
            "eps_avg_yearly": 0,
            "eps_latest_yearly": 0,
            "eps_growth_yearly": 0
        },
        "20013": {
            "year_quarter": 20013,
            "year": 2001,
            "quarter": 3,
            "eps": -0.19,
            "eps_growth_year": -116.38,
            "eps_4q": -0.21,
            "eps_4q_growth_year": null,
            "roe": -0.93,
            "gross_profit": 65084,
            "gross_margin": 22.99,
            "net_income": -8747,
            "revenue": 283051,
            "common_shares": 533832,
            "equity": 941136,
            "current_ratio": 204.18,
            "debt_ratio": 35.68,
            "inventory_turnover_ratio": 4.35,
            "account_receivable_turnover_ratio": null,
            "reinvestment_rate": null,
            "research_to_sale_ratio": null,
            "price_fair": 0,
            "eps_avg_yearly": 0,
            "eps_latest_yearly": 0,
            "eps_growth_yearly": 0
        },
        "20014": {
            "year_quarter": 20014,
            "year": 2001,
            "quarter": 4,
            "eps": 0.57,
            "eps_growth_year": 200,
            "eps_4q": 0.21,
            "eps_4q_growth_year": -93.24,
            "roe": 2.78,
            "gross_profit": 86571,
            "gross_margin": 28.93,
            "net_income": 27965,
            "revenue": 299260,
            "common_shares": 533832,
            "equity": 1069272,
            "current_ratio": 146.97,
            "debt_ratio": 38.95,
            "inventory_turnover_ratio": 1.66,
            "account_receivable_turnover_ratio": null,
            "reinvestment_rate": null,
            "research_to_sale_ratio": null,
            "price_fair": 0,
            "eps_avg_yearly": 0,
            "eps_latest_yearly": 0,
            "eps_growth_yearly": 0
        },
        "20021": {
            "year_quarter": 20021,
            "year": 2002,
            "quarter": 1,
            "eps": 0.03,
            "eps_growth_year": -92.5,
            "eps_4q": -0.05,
            "eps_4q_growth_year": -101.95,
            "roe": 0.13,
            "gross_profit": 69518,
            "gross_margin": 22.26,
            "net_income": 1361,
            "revenue": 312313,
            "common_shares": 533832,
            "equity": 980025,
            "current_ratio": 181.52,
            "debt_ratio": 38.8,
            "inventory_turnover_ratio": 1.8,
            "account_receivable_turnover_ratio": null,
            "reinvestment_rate": null,
            "research_to_sale_ratio": null,
            "price_fair": 0.36,
            "eps_avg_yearly": 0.12,
            "eps_latest_yearly": 0.12,
            "eps_growth_yearly": -378.95
        },
        "20022": {
            "year_quarter": 20022,
            "year": 2002,
            "quarter": 2,
            "eps": 0.07,
            "eps_growth_year": null,
            "eps_4q": 0.46,
            "eps_4q_growth_year": -32.75,
            "roe": 0.37,
            "gross_profit": 97094,
            "gross_margin": 26.07,
            "net_income": 3652,
            "revenue": 372498,
            "common_shares": 533832,
            "equity": 983062,
            "current_ratio": 156.7,
            "debt_ratio": 43.24,
            "inventory_turnover_ratio": 3.95,
            "account_receivable_turnover_ratio": null,
            "reinvestment_rate": null,
            "research_to_sale_ratio": null,
            "price_fair": 7,
            "eps_avg_yearly": 0.2,
            "eps_latest_yearly": 0.28,
            "eps_growth_yearly": 77.19
        },
        "20023": {
            "year_quarter": 20023,
            "year": 2002,
            "quarter": 3,
            "eps": 0.01,
            "eps_growth_year": null,
            "eps_4q": 0.59,
            "eps_4q_growth_year": null,
            "roe": 0.03,
            "gross_profit": 81438,
            "gross_margin": 21.03,
            "net_income": 328,
            "revenue": 387242,
            "common_shares": 560524,
            "equity": 983140,
            "current_ratio": 144.2,
            "debt_ratio": 43.85,
            "inventory_turnover_ratio": 4.12,
            "account_receivable_turnover_ratio": null,
            "reinvestment_rate": null,
            "research_to_sale_ratio": null,
            "price_fair": 0.44,
            "eps_avg_yearly": 0.15,
            "eps_latest_yearly": 0.04,
            "eps_growth_yearly": -62.82
        },
        "20024": {
            "year_quarter": 20024,
            "year": 2002,
            "quarter": 4,
            "eps": 0.67,
            "eps_growth_year": 17.54,
            "eps_4q": 0.77,
            "eps_4q_growth_year": 272.53,
            "roe": 3.77,
            "gross_profit": 93738,
            "gross_margin": 23.88,
            "net_income": 37573,
            "revenue": 392503,
            "common_shares": 560524,
            "equity": 1008741,
            "current_ratio": 109.56,
            "debt_ratio": 55.34,
            "inventory_turnover_ratio": 1.52,
            "account_receivable_turnover_ratio": null,
            "reinvestment_rate": null,
            "research_to_sale_ratio": null,
            "price_fair": 27.3,
            "eps_avg_yearly": 0.78,
            "eps_latest_yearly": 2.68,
            "eps_growth_yearly": 6552.88
        },
        "20031": {
            "year_quarter": 20031,
            "year": 2003,
            "quarter": 1,
            "eps": 0.29,
            "eps_growth_year": 866.67,
            "eps_4q": 1.04,
            "eps_4q_growth_year": null,
            "roe": 1.58,
            "gross_profit": 94482,
            "gross_margin": 27.63,
            "net_income": 16102,
            "revenue": 341996,
            "common_shares": 560524,
            "equity": 1024398,
            "current_ratio": 127.83,
            "debt_ratio": 41.57,
            "inventory_turnover_ratio": 1.28,
            "account_receivable_turnover_ratio": null,
            "reinvestment_rate": null,
            "research_to_sale_ratio": null,
            "price_fair": 29.96,
            "eps_avg_yearly": 0.86,
            "eps_latest_yearly": 1.16,
            "eps_growth_yearly": 5196.93
        },
        "20032": {
            "year_quarter": 20032,
            "year": 2003,
            "quarter": 2,
            "eps": 0.09,
            "eps_growth_year": 28.57,
            "eps_4q": 0.94,
            "eps_4q_growth_year": 101.66,
            "roe": 0.56,
            "gross_profit": 83942,
            "gross_margin": 23.43,
            "net_income": 5741,
            "revenue": 358241,
            "common_shares": 560524,
            "equity": 1028092,
            "current_ratio": 128.89,
            "debt_ratio": 43.75,
            "inventory_turnover_ratio": 3.74,
            "account_receivable_turnover_ratio": null,
            "reinvestment_rate": null,
            "research_to_sale_ratio": null,
            "price_fair": 27.07,
            "eps_avg_yearly": 0.77,
            "eps_latest_yearly": 0.36,
            "eps_growth_yearly": 4284.8
        },
        "20033": {
            "year_quarter": 20033,
            "year": 2003,
            "quarter": 3,
            "eps": 0.32,
            "eps_growth_year": 3100,
            "eps_4q": 1.3,
            "eps_4q_growth_year": 118.59,
            "roe": 1.87,
            "gross_profit": 119693,
            "gross_margin": 22.75,
            "net_income": 19424,
            "revenue": 526169,
            "common_shares": 607000,
            "equity": 1045001,
            "current_ratio": 119.96,
            "debt_ratio": 46.74,
            "inventory_turnover_ratio": 4.97,
            "account_receivable_turnover_ratio": null,
            "reinvestment_rate": null,
            "research_to_sale_ratio": null,
            "price_fair": 29.6,
            "eps_avg_yearly": 0.85,
            "eps_latest_yearly": 1.28,
            "eps_growth_yearly": 3818.72
        },
        "20034": {
            "year_quarter": 20034,
            "year": 2003,
            "quarter": 4,
            "eps": 0.45,
            "eps_growth_year": -32.84,
            "eps_4q": 1.13,
            "eps_4q_growth_year": 47.74,
            "roe": 2.57,
            "gross_profit": 135217,
            "gross_margin": 21.91,
            "net_income": 27285,
            "revenue": 617258,
            "common_shares": 607000,
            "equity": 1078806,
            "current_ratio": 114.22,
            "debt_ratio": 61.06,
            "inventory_turnover_ratio": 1.85,
            "account_receivable_turnover_ratio": null,
            "reinvestment_rate": 253.03,
            "research_to_sale_ratio": null,
            "price_fair": 33.78,
            "eps_avg_yearly": 0.97,
            "eps_latest_yearly": 1.8,
            "eps_growth_yearly": 3361.69
        },
        "20041": {
            "year_quarter": 20041,
            "year": 2004,
            "quarter": 1,
            "eps": 0.48,
            "eps_growth_year": 65.52,
            "eps_4q": 1.34,
            "eps_4q_growth_year": 29.4,
            "roe": 2.67,
            "gross_profit": 117559,
            "gross_margin": 24.31,
            "net_income": 29151,
            "revenue": 483521,
            "common_shares": 607000,
            "equity": 1102509,
            "current_ratio": 116.4,
            "debt_ratio": 50.2,
            "inventory_turnover_ratio": 1.4,
            "account_receivable_turnover_ratio": null,
            "reinvestment_rate": 25.72,
            "research_to_sale_ratio": null,
            "price_fair": 37.49,
            "eps_avg_yearly": 1.07,
            "eps_latest_yearly": 1.92,
            "eps_growth_yearly": 2991.13
        },
        "20042": {
            "year_quarter": 20042,
            "year": 2004,
            "quarter": 2,
            "eps": 0.16,
            "eps_growth_year": 77.78,
            "eps_4q": 1.25,
            "eps_4q_growth_year": 33.99,
            "roe": 1,
            "gross_profit": 110735,
            "gross_margin": 22.23,
            "net_income": 11085,
            "revenue": 498182,
            "common_shares": 607000,
            "equity": 1114885,
            "current_ratio": 112.4,
            "debt_ratio": 52.15,
            "inventory_turnover_ratio": 4.38,
            "account_receivable_turnover_ratio": null,
            "reinvestment_rate": 11.5,
            "research_to_sale_ratio": null,
            "price_fair": 35.98,
            "eps_avg_yearly": 1.03,
            "eps_latest_yearly": 0.64,
            "eps_growth_yearly": 2665.35
        },
        "20043": {
            "year_quarter": 20043,
            "year": 2004,
            "quarter": 3,
            "eps": 0.51,
            "eps_growth_year": 59.38,
            "eps_4q": 1.48,
            "eps_4q_growth_year": 13.71,
            "roe": 3.14,
            "gross_profit": 133357,
            "gross_margin": 27.02,
            "net_income": 35615,
            "revenue": 493496,
            "common_shares": 700000,
            "equity": 1153302,
            "current_ratio": 152.26,
            "debt_ratio": 51.6,
            "inventory_turnover_ratio": 3.94,
            "account_receivable_turnover_ratio": null,
            "reinvestment_rate": 13.8,
            "research_to_sale_ratio": null,
            "price_fair": 39.2,
            "eps_avg_yearly": 1.12,
            "eps_latest_yearly": 2.04,
            "eps_growth_yearly": 2502.59
        },
        "20044": {
            "year_quarter": 20044,
            "year": 2004,
            "quarter": 4,
            "eps": 0.39,
            "eps_growth_year": -13.33,
            "eps_4q": 1.47,
            "eps_4q_growth_year": 29.79,
            "roe": 2.36,
            "gross_profit": 121409,
            "gross_margin": 22.87,
            "net_income": 27458,
            "revenue": 530848,
            "common_shares": 700000,
            "equity": 1169239,
            "current_ratio": 128.13,
            "debt_ratio": 64.14,
            "inventory_turnover_ratio": 1.18,
            "account_receivable_turnover_ratio": null,
            "reinvestment_rate": 220.6,
            "research_to_sale_ratio": null,
            "price_fair": 40.48,
            "eps_avg_yearly": 1.16,
            "eps_latest_yearly": 1.56,
            "eps_growth_yearly": 2286.2
        },
        "20051": {
            "year_quarter": 20051,
            "year": 2005,
            "quarter": 1,
            "eps": 0.55,
            "eps_growth_year": 14.58,
            "eps_4q": 1.61,
            "eps_4q_growth_year": 20.09,
            "roe": 3.23,
            "gross_profit": 134683,
            "gross_margin": 23.43,
            "net_income": 38350,
            "revenue": 574851,
            "common_shares": 700000,
            "equity": 1206018,
            "current_ratio": 162.56,
            "debt_ratio": 53.85,
            "inventory_turnover_ratio": 1.25,
            "account_receivable_turnover_ratio": null,
            "reinvestment_rate": 13.91,
            "research_to_sale_ratio": null,
            "price_fair": 43.29,
            "eps_avg_yearly": 1.24,
            "eps_latest_yearly": 2.2,
            "eps_growth_yearly": 2122.96
        },
        "20052": {
            "year_quarter": 20052,
            "year": 2005,
            "quarter": 2,
            "eps": 0.22,
            "eps_growth_year": 37.5,
            "eps_4q": 1.53,
            "eps_4q_growth_year": 21.87,
            "roe": 1.41,
            "gross_profit": 118667,
            "gross_margin": 19.94,
            "net_income": 17040,
            "revenue": 595085,
            "common_shares": 700000,
            "equity": 1203322,
            "current_ratio": 150.96,
            "debt_ratio": 55.1,
            "inventory_turnover_ratio": 5.22,
            "account_receivable_turnover_ratio": null,
            "reinvestment_rate": 5.19,
            "research_to_sale_ratio": null,
            "price_fair": 42.4,
            "eps_avg_yearly": 1.21,
            "eps_latest_yearly": 0.88,
            "eps_growth_yearly": 1954.18
        },
        "20053": {
            "year_quarter": 20053,
            "year": 2005,
            "quarter": 3,
            "eps": 0.23,
            "eps_growth_year": -54.9,
            "eps_4q": 1.29,
            "eps_4q_growth_year": -12.68,
            "roe": 1.47,
            "gross_profit": 161012,
            "gross_margin": 24.16,
            "net_income": 17982,
            "revenue": 666444,
            "common_shares": 777000,
            "equity": 1244835,
            "current_ratio": 142.06,
            "debt_ratio": 55.37,
            "inventory_turnover_ratio": 6.08,
            "account_receivable_turnover_ratio": null,
            "reinvestment_rate": 6.25,
            "research_to_sale_ratio": null,
            "price_fair": 41.72,
            "eps_avg_yearly": 1.19,
            "eps_latest_yearly": 0.92,
            "eps_growth_yearly": 1825.11
        },
        "20054": {
            "year_quarter": 20054,
            "year": 2005,
            "quarter": 4,
            "eps": 0.06,
            "eps_growth_year": -84.62,
            "eps_4q": 1.03,
            "eps_4q_growth_year": -29.93,
            "roe": 0.37,
            "gross_profit": 178417,
            "gross_margin": 25.31,
            "net_income": 4547,
            "revenue": 704814,
            "common_shares": 777000,
            "equity": 1191348,
            "current_ratio": 116.22,
            "debt_ratio": 67.23,
            "inventory_turnover_ratio": 1.55,
            "account_receivable_turnover_ratio": null,
            "reinvestment_rate": 143.71,
            "research_to_sale_ratio": null,
            "price_fair": 39.64,
            "eps_avg_yearly": 1.13,
            "eps_latest_yearly": 0.24,
            "eps_growth_yearly": 1692.56
        },
        "20061": {
            "year_quarter": 20061,
            "year": 2006,
            "quarter": 1,
            "eps": 0.5,
            "eps_growth_year": -9.09,
            "eps_4q": 1.01,
            "eps_4q_growth_year": -37.34,
            "roe": 3.13,
            "gross_profit": 174956,
            "gross_margin": 23.84,
            "net_income": 38712,
            "revenue": 733815,
            "common_shares": 777000,
            "equity": 1281729,
            "current_ratio": 160.67,
            "debt_ratio": 56.29,
            "inventory_turnover_ratio": 1.64,
            "account_receivable_turnover_ratio": null,
            "reinvestment_rate": 4.74,
            "research_to_sale_ratio": null,
            "price_fair": 43.75,
            "eps_avg_yearly": 1.25,
            "eps_latest_yearly": 2,
            "eps_growth_yearly": 1899.58
        },
        "20062": {
            "year_quarter": 20062,
            "year": 2006,
            "quarter": 2,
            "eps": 0.43,
            "eps_growth_year": 95.45,
            "eps_4q": 1.15,
            "eps_4q_growth_year": -24.8,
            "roe": 2.84,
            "gross_profit": 193950,
            "gross_margin": 22.6,
            "net_income": 36565,
            "revenue": 858166,
            "common_shares": 777000,
            "equity": 1289793,
            "current_ratio": 137.13,
            "debt_ratio": 58.37,
            "inventory_turnover_ratio": 7.7,
            "account_receivable_turnover_ratio": null,
            "reinvestment_rate": 8.43,
            "research_to_sale_ratio": null,
            "price_fair": 46.9,
            "eps_avg_yearly": 1.34,
            "eps_latest_yearly": 1.72,
            "eps_growth_yearly": 1862.75
        },
        "20063": {
            "year_quarter": 20063,
            "year": 2006,
            "quarter": 3,
            "eps": 1.04,
            "eps_growth_year": 352.17,
            "eps_4q": 1.95,
            "eps_4q_growth_year": 51.42,
            "roe": 5.89,
            "gross_profit": 198807,
            "gross_margin": 19.17,
            "net_income": 90941,
            "revenue": 1037284,
            "common_shares": 1060000,
            "equity": 1799067,
            "current_ratio": 180.18,
            "debt_ratio": 55.87,
            "inventory_turnover_ratio": 9.37,
            "account_receivable_turnover_ratio": null,
            "reinvestment_rate": 9.5,
            "research_to_sale_ratio": null,
            "price_fair": 55.91,
            "eps_avg_yearly": 1.6,
            "eps_latest_yearly": 4.16,
            "eps_growth_yearly": 1919.64
        },
        "20064": {
            "year_quarter": 20064,
            "year": 2006,
            "quarter": 4,
            "eps": 0.75,
            "eps_growth_year": 1150,
            "eps_4q": 2.54,
            "eps_4q_growth_year": 146.94,
            "roe": 3.86,
            "gross_profit": 147489,
            "gross_margin": 13.65,
            "net_income": 69684,
            "revenue": 1080870,
            "common_shares": 1060000,
            "equity": 1812216,
            "current_ratio": 125.07,
            "debt_ratio": 68.2,
            "inventory_turnover_ratio": 1.78,
            "account_receivable_turnover_ratio": null,
            "reinvestment_rate": 189.87,
            "research_to_sale_ratio": null,
            "price_fair": 56.61,
            "eps_avg_yearly": 1.62,
            "eps_latest_yearly": 3,
            "eps_growth_yearly": 262.67
        },
        "20071": {
            "year_quarter": 20071,
            "year": 2007,
            "quarter": 1,
            "eps": 0.12,
            "eps_growth_year": -76,
            "eps_4q": 1.95,
            "eps_4q_growth_year": 93.11,
            "roe": 0.69,
            "gross_profit": 145697,
            "gross_margin": 16.74,
            "net_income": 12913,
            "revenue": 870521,
            "common_shares": 1060000,
            "equity": 1907755,
            "current_ratio": 165.23,
            "debt_ratio": 54.42,
            "inventory_turnover_ratio": 1.39,
            "account_receivable_turnover_ratio": null,
            "reinvestment_rate": 4.67,
            "research_to_sale_ratio": null,
            "price_fair": 55.13,
            "eps_avg_yearly": 1.58,
            "eps_latest_yearly": 0.48,
            "eps_growth_yearly": 255.85
        },
        "20072": {
            "year_quarter": 20072,
            "year": 2007,
            "quarter": 2,
            "eps": 0.34,
            "eps_growth_year": -20.93,
            "eps_4q": 1.84,
            "eps_4q_growth_year": 60.34,
            "roe": 2.09,
            "gross_profit": 183744,
            "gross_margin": 19.35,
            "net_income": 39225,
            "revenue": 949580,
            "common_shares": 1060000,
            "equity": 1845317,
            "current_ratio": 130.9,
            "debt_ratio": 55.12,
            "inventory_turnover_ratio": 9.12,
            "account_receivable_turnover_ratio": null,
            "reinvestment_rate": 5.17,
            "research_to_sale_ratio": null,
            "price_fair": 57.31,
            "eps_avg_yearly": 1.64,
            "eps_latest_yearly": 1.36,
            "eps_growth_yearly": 318.93
        },
        "20073": {
            "year_quarter": 20073,
            "year": 2007,
            "quarter": 3,
            "eps": 0.09,
            "eps_growth_year": -91.35,
            "eps_4q": 1.13,
            "eps_4q_growth_year": -42.18,
            "roe": 0.51,
            "gross_profit": 211678,
            "gross_margin": 17.61,
            "net_income": 10550,
            "revenue": 1202292,
            "common_shares": 1282260,
            "equity": 2326649,
            "current_ratio": 229.46,
            "debt_ratio": 43.89,
            "inventory_turnover_ratio": 11.27,
            "account_receivable_turnover_ratio": null,
            "reinvestment_rate": 3.28,
            "research_to_sale_ratio": null,
            "price_fair": 55.3,
            "eps_avg_yearly": 1.58,
            "eps_latest_yearly": 0.36,
            "eps_growth_yearly": 236.65
        },
        "20074": {
            "year_quarter": 20074,
            "year": 2007,
            "quarter": 4,
            "eps": -0.22,
            "eps_growth_year": -129.33,
            "eps_4q": 0.24,
            "eps_4q_growth_year": -90.67,
            "roe": -1.12,
            "gross_profit": 186004,
            "gross_margin": 17.04,
            "net_income": -26441,
            "revenue": 1091615,
            "common_shares": 1282260,
            "equity": 2390404,
            "current_ratio": 116.56,
            "debt_ratio": 67.37,
            "inventory_turnover_ratio": 1.41,
            "account_receivable_turnover_ratio": null,
            "reinvestment_rate": 384.36,
            "research_to_sale_ratio": null,
            "price_fair": 54.79,
            "eps_avg_yearly": 1.57,
            "eps_latest_yearly": 0.36,
            "eps_growth_yearly": 241.6
        },
        "20081": {
            "year_quarter": 20081,
            "year": 2008,
            "quarter": 1,
            "eps": -0.83,
            "eps_growth_year": -791.67,
            "eps_4q": -0.7,
            "eps_4q_growth_year": -135.72,
            "roe": -4.11,
            "gross_profit": 293424,
            "gross_margin": 17.74,
            "net_income": -97960,
            "revenue": 1654329,
            "common_shares": 1282260,
            "equity": 2378740,
            "current_ratio": 129.66,
            "debt_ratio": 66.21,
            "inventory_turnover_ratio": 1.15,
            "account_receivable_turnover_ratio": null,
            "reinvestment_rate": 694.72,
            "research_to_sale_ratio": null,
            "price_fair": 53.9,
            "eps_avg_yearly": 1.54,
            "eps_latest_yearly": 0.36,
            "eps_growth_yearly": 256.95
        },
        "20082": {
            "year_quarter": 20082,
            "year": 2008,
            "quarter": 2,
            "eps": -0.28,
            "eps_growth_year": -182.35,
            "eps_4q": -1.23,
            "eps_4q_growth_year": -166.58,
            "roe": -1.92,
            "gross_profit": 367832,
            "gross_margin": 18.58,
            "net_income": -44500,
            "revenue": 1979722,
            "common_shares": 1282260,
            "equity": 2261990,
            "current_ratio": 125.59,
            "debt_ratio": 69.52,
            "inventory_turnover_ratio": 1.38,
            "account_receivable_turnover_ratio": null,
            "reinvestment_rate": 886.42,
            "research_to_sale_ratio": null,
            "price_fair": 56.32,
            "eps_avg_yearly": 1.61,
            "eps_latest_yearly": 0.36,
            "eps_growth_yearly": 297.23
        },
        "20083": {
            "year_quarter": 20083,
            "year": 2008,
            "quarter": 3,
            "eps": 1.01,
            "eps_growth_year": 1022.22,
            "eps_4q": -0.25,
            "eps_4q_growth_year": -122.3,
            "roe": 6.13,
            "gross_profit": 470071,
            "gross_margin": 20.08,
            "net_income": 143566,
            "revenue": 2340929,
            "common_shares": 1311645,
            "equity": 2425403,
            "current_ratio": 113.29,
            "debt_ratio": 70.46,
            "inventory_turnover_ratio": 1.48,
            "account_receivable_turnover_ratio": null,
            "reinvestment_rate": 658.86,
            "research_to_sale_ratio": null,
            "price_fair": 55.07,
            "eps_avg_yearly": 1.57,
            "eps_latest_yearly": 0.36,
            "eps_growth_yearly": 249.08
        },
        "20084": {
            "year_quarter": 20084,
            "year": 2008,
            "quarter": 4,
            "eps": 0.9,
            "eps_growth_year": null,
            "eps_4q": 0.75,
            "eps_4q_growth_year": 216.81,
            "roe": 5.14,
            "gross_profit": 411468,
            "gross_margin": 18.36,
            "net_income": 130436,
            "revenue": 2240916,
            "common_shares": 1311645,
            "equity": 2645558,
            "current_ratio": 103.92,
            "debt_ratio": 66.95,
            "inventory_turnover_ratio": 1.44,
            "account_receivable_turnover_ratio": 1.52,
            "reinvestment_rate": 411.6,
            "research_to_sale_ratio": null,
            "price_fair": 61.02,
            "eps_avg_yearly": 1.74,
            "eps_latest_yearly": 3.6,
            "eps_growth_yearly": 253.29
        },
        "20091": {
            "year_quarter": 20091,
            "year": 2009,
            "quarter": 1,
            "eps": 0.66,
            "eps_growth_year": null,
            "eps_4q": 2.64,
            "eps_4q_growth_year": null,
            "roe": 2.78,
            "gross_profit": 347883,
            "gross_margin": 19.83,
            "net_income": 75267,
            "revenue": 1754641,
            "common_shares": 1311645,
            "equity": 2764654,
            "current_ratio": 103.95,
            "debt_ratio": 64.36,
            "inventory_turnover_ratio": 1.31,
            "account_receivable_turnover_ratio": 0.67,
            "reinvestment_rate": 544.62,
            "research_to_sale_ratio": null,
            "price_fair": 62.3,
            "eps_avg_yearly": 1.78,
            "eps_latest_yearly": 2.64,
            "eps_growth_yearly": 230.73
        },
        "20092": {
            "year_quarter": 20092,
            "year": 2009,
            "quarter": 2,
            "eps": 0.34,
            "eps_growth_year": null,
            "eps_4q": 3.88,
            "eps_4q_growth_year": null,
            "roe": 1.22,
            "gross_profit": 507928,
            "gross_margin": 23.25,
            "net_income": 33502,
            "revenue": 2184641,
            "common_shares": 1311645,
            "equity": 2738859,
            "current_ratio": 106.06,
            "debt_ratio": 65.1,
            "inventory_turnover_ratio": 1.73,
            "account_receivable_turnover_ratio": 0.91,
            "reinvestment_rate": 491.02,
            "research_to_sale_ratio": null,
            "price_fair": 63.7,
            "eps_avg_yearly": 1.82,
            "eps_latest_yearly": 1.36,
            "eps_growth_yearly": 234.57
        },
        "20093": {
            "year_quarter": 20093,
            "year": 2009,
            "quarter": 3,
            "eps": 0.52,
            "eps_growth_year": -48.51,
            "eps_4q": 2.6,
            "eps_4q_growth_year": null,
            "roe": 2.12,
            "gross_profit": 420676,
            "gross_margin": 20.79,
            "net_income": 64525,
            "revenue": 2023156,
            "common_shares": 1729048,
            "equity": 3340810,
            "current_ratio": 133.76,
            "debt_ratio": 56.02,
            "inventory_turnover_ratio": 1.72,
            "account_receivable_turnover_ratio": 0.78,
            "reinvestment_rate": 432.71,
            "research_to_sale_ratio": null,
            "price_fair": 67.08,
            "eps_avg_yearly": 1.92,
            "eps_latest_yearly": 2.08,
            "eps_growth_yearly": 250.7
        },
        "20094": {
            "year_quarter": 20094,
            "year": 2009,
            "quarter": 4,
            "eps": 0.14,
            "eps_growth_year": -84.44,
            "eps_4q": 1.28,
            "eps_4q_growth_year": 70.9,
            "roe": -0.17,
            "gross_profit": 363160,
            "gross_margin": 19.6,
            "net_income": -5833,
            "revenue": 1853172,
            "common_shares": 1759863,
            "equity": 3485312,
            "current_ratio": 128.73,
            "debt_ratio": 53.17,
            "inventory_turnover_ratio": 1.74,
            "account_receivable_turnover_ratio": 1.71,
            "reinvestment_rate": 669.17,
            "research_to_sale_ratio": null,
            "price_fair": 68.02,
            "eps_avg_yearly": 1.94,
            "eps_latest_yearly": 0.56,
            "eps_growth_yearly": 250.98
        },
        "20101": {
            "year_quarter": 20101,
            "year": 2010,
            "quarter": 1,
            "eps": 0.12,
            "eps_growth_year": -81.82,
            "eps_4q": 0.9,
            "eps_4q_growth_year": -66.06,
            "roe": 0.53,
            "gross_profit": 378440,
            "gross_margin": 19.84,
            "net_income": 18795,
            "revenue": 1907920,
            "common_shares": 1798449,
            "equity": 3549513,
            "current_ratio": 136.24,
            "debt_ratio": 53.54,
            "inventory_turnover_ratio": 1.78,
            "account_receivable_turnover_ratio": 0.85,
            "reinvestment_rate": 788.72,
            "research_to_sale_ratio": 5.89,
            "price_fair": 21.39,
            "eps_avg_yearly": 1.82,
            "eps_latest_yearly": 0.48,
            "eps_growth_yearly": 1.77
        },
        "20102": {
            "year_quarter": 20102,
            "year": 2010,
            "quarter": 2,
            "eps": 0.24,
            "eps_growth_year": -28.69,
            "eps_4q": 0.86,
            "eps_4q_growth_year": -77.73,
            "roe": 1.25,
            "gross_profit": 377266,
            "gross_margin": 16.15,
            "net_income": 44167,
            "revenue": 2335803,
            "common_shares": 1810134,
            "equity": 3491257,
            "current_ratio": 119.71,
            "debt_ratio": 59.22,
            "inventory_turnover_ratio": 2.05,
            "account_receivable_turnover_ratio": 0.9,
            "reinvestment_rate": 822.99,
            "research_to_sale_ratio": 5.33,
            "price_fair": 61.37,
            "eps_avg_yearly": 1.75,
            "eps_latest_yearly": 0.96,
            "eps_growth_yearly": 39.77
        },
        "20103": {
            "year_quarter": 20103,
            "year": 2010,
            "quarter": 3,
            "eps": 0.15,
            "eps_growth_year": -70.22,
            "eps_4q": 0.62,
            "eps_4q_growth_year": -76.09,
            "roe": 0.72,
            "gross_profit": 502923,
            "gross_margin": 20.56,
            "net_income": 25206,
            "revenue": 2445777,
            "common_shares": 1888061,
            "equity": 3534964,
            "current_ratio": 119,
            "debt_ratio": 58.89,
            "inventory_turnover_ratio": 1.92,
            "account_receivable_turnover_ratio": 0.83,
            "reinvestment_rate": 540.68,
            "research_to_sale_ratio": 5.23,
            "price_fair": 4.37,
            "eps_avg_yearly": 1.46,
            "eps_latest_yearly": 0.6,
            "eps_growth_yearly": -20.01
        },
        "20104": {
            "year_quarter": 20104,
            "year": 2010,
            "quarter": 4,
            "eps": -0.36,
            "eps_growth_year": -360.17,
            "eps_4q": 0.15,
            "eps_4q_growth_year": -88.4,
            "roe": -2.48,
            "gross_profit": 445119,
            "gross_margin": 18.03,
            "net_income": -86435,
            "revenue": 2469058,
            "common_shares": 1888061,
            "equity": 3426224,
            "current_ratio": 121.49,
            "debt_ratio": 59.5,
            "inventory_turnover_ratio": 2,
            "account_receivable_turnover_ratio": 0.85,
            "reinvestment_rate": 436.39,
            "research_to_sale_ratio": 5.95,
            "price_fair": 3.95,
            "eps_avg_yearly": 1.32,
            "eps_latest_yearly": 0.6,
            "eps_growth_yearly": -11.69
        },
        "20111": {
            "year_quarter": 20111,
            "year": 2011,
            "quarter": 1,
            "eps": -0.05,
            "eps_growth_year": -141.67,
            "eps_4q": -0.02,
            "eps_4q_growth_year": -102.53,
            "roe": -0.44,
            "gross_profit": 361433,
            "gross_margin": 17.4,
            "net_income": -15147,
            "revenue": 2077383,
            "common_shares": 1888061,
            "equity": 3383069,
            "current_ratio": 123.22,
            "debt_ratio": 60.8,
            "inventory_turnover_ratio": 1.6,
            "account_receivable_turnover_ratio": 0.75,
            "reinvestment_rate": 1511.89,
            "research_to_sale_ratio": 5.89,
            "price_fair": 43.03,
            "eps_avg_yearly": 1.4,
            "eps_latest_yearly": 0.6,
            "eps_growth_yearly": 20.74
        },
        "20112": {
            "year_quarter": 20112,
            "year": 2011,
            "quarter": 2,
            "eps": -0.38,
            "eps_growth_year": -256.03,
            "eps_4q": -0.64,
            "eps_4q_growth_year": -173.94,
            "roe": -2.42,
            "gross_profit": 369018,
            "gross_margin": 15.18,
            "net_income": -80487,
            "revenue": 2431575,
            "common_shares": 1893256,
            "equity": 3255374,
            "current_ratio": 113.73,
            "debt_ratio": 63.5,
            "inventory_turnover_ratio": 1.8,
            "account_receivable_turnover_ratio": 0.85,
            "reinvestment_rate": 1189.9,
            "research_to_sale_ratio": 5.01,
            "price_fair": 4.21,
            "eps_avg_yearly": 1.4,
            "eps_latest_yearly": 0.6,
            "eps_growth_yearly": -58.44
        },
        "20113": {
            "year_quarter": 20113,
            "year": 2011,
            "quarter": 3,
            "eps": 0.69,
            "eps_growth_year": 343.57,
            "eps_4q": -0.1,
            "eps_4q_growth_year": -116.57,
            "roe": 3.59,
            "gross_profit": 481217,
            "gross_margin": 17.93,
            "net_income": 122298,
            "revenue": 2684437,
            "common_shares": 1914647,
            "equity": 3562849,
            "current_ratio": 112.62,
            "debt_ratio": 65.78,
            "inventory_turnover_ratio": 1.91,
            "account_receivable_turnover_ratio": 0.82,
            "reinvestment_rate": 928.5,
            "research_to_sale_ratio": 4.56,
            "price_fair": 4.61,
            "eps_avg_yearly": 1.54,
            "eps_latest_yearly": 0.6,
            "eps_growth_yearly": -28.98
        },
        "20114": {
            "year_quarter": 20114,
            "year": 2011,
            "quarter": 4,
            "eps": 0.1,
            "eps_growth_year": null,
            "eps_4q": 0.35,
            "eps_4q_growth_year": 138.25,
            "roe": 0.73,
            "gross_profit": 404752,
            "gross_margin": 16.85,
            "net_income": 25750,
            "revenue": 2401569,
            "common_shares": 1914697,
            "equity": 3510115,
            "current_ratio": 109.11,
            "debt_ratio": 62.08,
            "inventory_turnover_ratio": 1.78,
            "account_receivable_turnover_ratio": 0.72,
            "reinvestment_rate": 351.47,
            "research_to_sale_ratio": 3.21,
            "price_fair": 4.23,
            "eps_avg_yearly": 1.41,
            "eps_latest_yearly": 0.4,
            "eps_growth_yearly": -63.77
        },
        "20121": {
            "year_quarter": 20121,
            "year": 2012,
            "quarter": 1,
            "eps": -0.88,
            "eps_growth_year": null,
            "eps_4q": -0.43,
            "eps_4q_growth_year": null,
            "roe": -4.98,
            "gross_profit": 245251,
            "gross_margin": 14.06,
            "net_income": -169264,
            "revenue": 1744058,
            "common_shares": 1914697,
            "equity": 3288507,
            "current_ratio": 103.76,
            "debt_ratio": 63.88,
            "inventory_turnover_ratio": 1.33,
            "account_receivable_turnover_ratio": 0.61,
            "reinvestment_rate": 396.42,
            "research_to_sale_ratio": 6.17,
            "price_fair": 4.23,
            "eps_avg_yearly": 1.41,
            "eps_latest_yearly": 0.4,
            "eps_growth_yearly": -63.77
        },
        "20122": {
            "year_quarter": 20122,
            "year": 2012,
            "quarter": 2,
            "eps": -0.32,
            "eps_growth_year": null,
            "eps_4q": -0.37,
            "eps_4q_growth_year": null,
            "roe": -2.06,
            "gross_profit": 322751,
            "gross_margin": 13.65,
            "net_income": -66885,
            "revenue": 2364547,
            "common_shares": 1915557,
            "equity": 3214575,
            "current_ratio": 101.05,
            "debt_ratio": 63.85,
            "inventory_turnover_ratio": 1.74,
            "account_receivable_turnover_ratio": 0.87,
            "reinvestment_rate": 338.04,
            "research_to_sale_ratio": 4.26,
            "price_fair": 4.23,
            "eps_avg_yearly": 1.41,
            "eps_latest_yearly": 0.4,
            "eps_growth_yearly": -63.77
        },
        "20123": {
            "year_quarter": 20123,
            "year": 2012,
            "quarter": 3,
            "eps": -0.13,
            "eps_growth_year": -118.56,
            "eps_4q": -1.17,
            "eps_4q_growth_year": null,
            "roe": -0.91,
            "gross_profit": 334570,
            "gross_margin": 13.35,
            "net_income": -29091,
            "revenue": 2506377,
            "common_shares": 1949426,
            "equity": 3166797,
            "current_ratio": 93.96,
            "debt_ratio": 65.87,
            "inventory_turnover_ratio": 1.87,
            "account_receivable_turnover_ratio": 0.85,
            "reinvestment_rate": 674.14,
            "research_to_sale_ratio": 4.12,
            "price_fair": 4.23,
            "eps_avg_yearly": 1.41,
            "eps_latest_yearly": 0.4,
            "eps_growth_yearly": -63.77
        },
        "20124": {
            "year_quarter": 20124,
            "year": 2012,
            "quarter": 4,
            "eps": 0.29,
            "eps_growth_year": 197.52,
            "eps_4q": -0.98,
            "eps_4q_growth_year": -375.63,
            "roe": 1.62,
            "gross_profit": 291372,
            "gross_margin": 12.73,
            "net_income": 51646,
            "revenue": 2289444,
            "common_shares": 1949426,
            "equity": 3204782,
            "current_ratio": 94.23,
            "debt_ratio": 66.06,
            "inventory_turnover_ratio": 1.7,
            "account_receivable_turnover_ratio": 0.78,
            "reinvestment_rate": 928.96,
            "research_to_sale_ratio": 3.21,
            "price_fair": 3.41,
            "eps_avg_yearly": 1.14,
            "eps_latest_yearly": 0.4,
            "eps_growth_yearly": -66.29
        },
        "20131": {
            "year_quarter": 20131,
            "year": 2013,
            "quarter": 1,
            "eps": -0.02,
            "eps_growth_year": null,
            "eps_4q": -0.17,
            "eps_4q_growth_year": null,
            "roe": -0.33,
            "gross_profit": 297896,
            "gross_margin": 15.68,
            "net_income": -10579,
            "revenue": 1899846,
            "common_shares": 1949426,
            "equity": 3241940,
            "current_ratio": 92.52,
            "debt_ratio": 64.68,
            "inventory_turnover_ratio": 1.38,
            "account_receivable_turnover_ratio": 0.77,
            "reinvestment_rate": 3530.75,
            "research_to_sale_ratio": 5.37,
            "price_fair": 2.76,
            "eps_avg_yearly": 0.92,
            "eps_latest_yearly": 0.4,
            "eps_growth_yearly": -60.52
        },
        "20132": {
            "year_quarter": 20132,
            "year": 2013,
            "quarter": 2,
            "eps": 0.13,
            "eps_growth_year": null,
            "eps_4q": 0.27,
            "eps_4q_growth_year": null,
            "roe": 0.62,
            "gross_profit": 384286,
            "gross_margin": 17.44,
            "net_income": 20414,
            "revenue": 2202992,
            "common_shares": 1949426,
            "equity": 3314627,
            "current_ratio": 82.96,
            "debt_ratio": 65.06,
            "inventory_turnover_ratio": 1.61,
            "account_receivable_turnover_ratio": 0.99,
            "reinvestment_rate": 8194.59,
            "research_to_sale_ratio": 5.22,
            "price_fair": 2.54,
            "eps_avg_yearly": 0.85,
            "eps_latest_yearly": 0.4,
            "eps_growth_yearly": -38.29
        },
        "20133": {
            "year_quarter": 20133,
            "year": 2013,
            "quarter": 3,
            "eps": -0.17,
            "eps_growth_year": null,
            "eps_4q": 0.23,
            "eps_4q_growth_year": null,
            "roe": -0.13,
            "gross_profit": 389303,
            "gross_margin": 14.74,
            "net_income": -4285,
            "revenue": 2641338,
            "common_shares": 1949426,
            "equity": 3277686,
            "current_ratio": 83.93,
            "debt_ratio": 65.33,
            "inventory_turnover_ratio": 2.14,
            "account_receivable_turnover_ratio": 1.08,
            "reinvestment_rate": null,
            "research_to_sale_ratio": 4.4,
            "price_fair": 1.8,
            "eps_avg_yearly": 0.6,
            "eps_latest_yearly": 0.4,
            "eps_growth_yearly": -88.3
        },
        "20134": {
            "year_quarter": 20134,
            "year": 2013,
            "quarter": 4,
            "eps": -0.76,
            "eps_growth_year": -358.19,
            "eps_4q": -0.82,
            "eps_4q_growth_year": null,
            "roe": -4.45,
            "gross_profit": 278950,
            "gross_margin": 12.36,
            "net_income": -144115,
            "revenue": 2255958,
            "common_shares": 1949476,
            "equity": 3192693,
            "current_ratio": 96.14,
            "debt_ratio": 66.72,
            "inventory_turnover_ratio": 2.05,
            "account_receivable_turnover_ratio": 0.89,
            "reinvestment_rate": null,
            "research_to_sale_ratio": 5.39,
            "price_fair": 1.83,
            "eps_avg_yearly": 0.61,
            "eps_latest_yearly": 0.4,
            "eps_growth_yearly": -37.29
        },
        "20141": {
            "year_quarter": 20141,
            "year": 2014,
            "quarter": 1,
            "eps": -0.42,
            "eps_growth_year": null,
            "eps_4q": -1.12,
            "eps_4q_growth_year": null,
            "roe": -2.37,
            "gross_profit": 323774,
            "gross_margin": 15.47,
            "net_income": -76930,
            "revenue": 2092682,
            "common_shares": 1949476,
            "equity": 3304053,
            "current_ratio": 96.32,
            "debt_ratio": 65.38,
            "inventory_turnover_ratio": 1.84,
            "account_receivable_turnover_ratio": 0.86,
            "reinvestment_rate": null,
            "research_to_sale_ratio": 5.1,
            "price_fair": 1.96,
            "eps_avg_yearly": 0.65,
            "eps_latest_yearly": 0.4,
            "eps_growth_yearly": -30.68
        },
        "20142": {
            "year_quarter": 20142,
            "year": 2014,
            "quarter": 2,
            "eps": 0.18,
            "eps_growth_year": 38.46,
            "eps_4q": -1.05,
            "eps_4q_growth_year": -489.45,
            "roe": 1.43,
            "gross_profit": 494864,
            "gross_margin": 20.73,
            "net_income": 47286,
            "revenue": 2386900,
            "common_shares": 2166347,
            "equity": 3302996,
            "current_ratio": 99.01,
            "debt_ratio": 64.74,
            "inventory_turnover_ratio": 1.9,
            "account_receivable_turnover_ratio": 1.03,
            "reinvestment_rate": null,
            "research_to_sale_ratio": 4.65,
            "price_fair": 1.5,
            "eps_avg_yearly": 0.5,
            "eps_latest_yearly": 0.4,
            "eps_growth_yearly": -246.01
        },
        "20143": {
            "year_quarter": 20143,
            "year": 2014,
            "quarter": 3,
            "eps": 0.19,
            "eps_growth_year": null,
            "eps_4q": -0.72,
            "eps_4q_growth_year": -409.17,
            "roe": 1.59,
            "gross_profit": 465965,
            "gross_margin": 18.92,
            "net_income": 53680,
            "revenue": 2462750,
            "common_shares": 2167238,
            "equity": 3432935,
            "current_ratio": 98.01,
            "debt_ratio": 64.49,
            "inventory_turnover_ratio": 2,
            "account_receivable_turnover_ratio": 1.1,
            "reinvestment_rate": null,
            "research_to_sale_ratio": 4.44,
            "price_fair": 1.74,
            "eps_avg_yearly": 0.58,
            "eps_latest_yearly": 0.76,
            "eps_growth_yearly": -159.9
        },
        "20144": {
            "year_quarter": 20144,
            "year": 2014,
            "quarter": 4,
            "eps": 0.08,
            "eps_growth_year": null,
            "eps_4q": 0.04,
            "eps_4q_growth_year": null,
            "roe": 0.29,
            "gross_profit": 424626,
            "gross_margin": 18.75,
            "net_income": 10023,
            "revenue": 2264700,
            "common_shares": 2170807,
            "equity": 3542669,
            "current_ratio": 100.71,
            "debt_ratio": 63.02,
            "inventory_turnover_ratio": 1.83,
            "account_receivable_turnover_ratio": 0.95,
            "reinvestment_rate": null,
            "research_to_sale_ratio": 4.95,
            "price_fair": 1.48,
            "eps_avg_yearly": 0.49,
            "eps_latest_yearly": 0.32,
            "eps_growth_yearly": -183.8
        },
        "20151": {
            "year_quarter": 20151,
            "year": 2015,
            "quarter": 1,
            "eps": -0.66,
            "eps_growth_year": null,
            "eps_4q": -0.23,
            "eps_4q_growth_year": null,
            "roe": -4.16,
            "gross_profit": 247964,
            "gross_margin": 12.98,
            "net_income": -144239,
            "revenue": 1910720,
            "common_shares": 2173678,
            "equity": 3383593,
            "current_ratio": 98.23,
            "debt_ratio": 64.57,
            "inventory_turnover_ratio": 1.63,
            "account_receivable_turnover_ratio": 0.83,
            "reinvestment_rate": null,
            "research_to_sale_ratio": 5.78,
            "price_fair": 1.48,
            "eps_avg_yearly": 0.49,
            "eps_latest_yearly": 0.32,
            "eps_growth_yearly": -183.8
        },
        "20152": {
            "year_quarter": 20152,
            "year": 2015,
            "quarter": 2,
            "eps": -0.63,
            "eps_growth_year": -450,
            "eps_4q": -1.02,
            "eps_4q_growth_year": null,
            "roe": -4.16,
            "gross_profit": 293484,
            "gross_margin": 14.44,
            "net_income": -137499,
            "revenue": 2032448,
            "common_shares": 2195757,
            "equity": 3224103,
            "current_ratio": 96.75,
            "debt_ratio": 64.6,
            "inventory_turnover_ratio": 1.77,
            "account_receivable_turnover_ratio": 0.96,
            "reinvestment_rate": null,
            "research_to_sale_ratio": 6.24,
            "price_fair": 1.48,
            "eps_avg_yearly": 0.49,
            "eps_latest_yearly": 0.32,
            "eps_growth_yearly": -183.8
        },
        "20153": {
            "year_quarter": 20153,
            "year": 2015,
            "quarter": 3,
            "eps": -0.17,
            "eps_growth_year": -189.47,
            "eps_4q": -1.4,
            "eps_4q_growth_year": null,
            "roe": -1.32,
            "gross_profit": 317592,
            "gross_margin": 15.31,
            "net_income": -42937,
            "revenue": 2074614,
            "common_shares": 2195757,
            "equity": 3258318,
            "current_ratio": 92.3,
            "debt_ratio": 66.14,
            "inventory_turnover_ratio": 1.86,
            "account_receivable_turnover_ratio": 0.93,
            "reinvestment_rate": null,
            "research_to_sale_ratio": 5.5,
            "price_fair": 1.48,
            "eps_avg_yearly": 0.49,
            "eps_latest_yearly": 0.32,
            "eps_growth_yearly": -183.8
        },
        "20154": {
            "year_quarter": 20154,
            "year": 2015,
            "quarter": 4,
            "eps": -0.2,
            "eps_growth_year": -356.88,
            "eps_4q": -1.74,
            "eps_4q_growth_year": -4319.61,
            "roe": -1.56,
            "gross_profit": 359037,
            "gross_margin": 17.8,
            "net_income": -49317,
            "revenue": 2017337,
            "common_shares": 2072907,
            "equity": 3074747,
            "current_ratio": 88.71,
            "debt_ratio": 66.55,
            "inventory_turnover_ratio": 1.73,
            "account_receivable_turnover_ratio": 0.9,
            "reinvestment_rate": null,
            "research_to_sale_ratio": 5.97,
            "price_fair": 1.62,
            "eps_avg_yearly": 0.54,
            "eps_latest_yearly": 0.32,
            "eps_growth_yearly": -104.68
        },
        "20161": {
            "year_quarter": 20161,
            "year": 2016,
            "quarter": 1,
            "eps": -0.78,
            "eps_growth_year": null,
            "eps_4q": -1.82,
            "eps_4q_growth_year": null,
            "roe": -5.75,
            "gross_profit": 222388,
            "gross_margin": 14.3,
            "net_income": -169913,
            "revenue": 1554653,
            "common_shares": 2072907,
            "equity": 2838878,
            "current_ratio": 84.57,
            "debt_ratio": 66.89,
            "inventory_turnover_ratio": 1.43,
            "account_receivable_turnover_ratio": 0.82,
            "reinvestment_rate": null,
            "research_to_sale_ratio": 6.82,
            "price_fair": 1.62,
            "eps_avg_yearly": 0.54,
            "eps_latest_yearly": 0.32,
            "eps_growth_yearly": -104.68
        },
        "20162": {
            "year_quarter": 20162,
            "year": 2016,
            "quarter": 2,
            "eps": -0.5,
            "eps_growth_year": null,
            "eps_4q": -1.66,
            "eps_4q_growth_year": null,
            "roe": -3.65,
            "gross_profit": 292419,
            "gross_margin": 15.56,
            "net_income": -100530,
            "revenue": 1879009,
            "common_shares": 2072907,
            "equity": 2671542,
            "current_ratio": 82.32,
            "debt_ratio": 69.1,
            "inventory_turnover_ratio": 1.73,
            "account_receivable_turnover_ratio": 1.05,
            "reinvestment_rate": null,
            "research_to_sale_ratio": 6.01,
            "price_fair": 1.62,
            "eps_avg_yearly": 0.54,
            "eps_latest_yearly": 0.32,
            "eps_growth_yearly": -104.68
        },
        "20163": {
            "year_quarter": 20163,
            "year": 2016,
            "quarter": 3,
            "eps": -0.04,
            "eps_growth_year": null,
            "eps_4q": -1.53,
            "eps_4q_growth_year": null,
            "roe": -0.28,
            "gross_profit": 388958,
            "gross_margin": 17.48,
            "net_income": -7223,
            "revenue": 2224637,
            "common_shares": 2072907,
            "equity": 2577438,
            "current_ratio": 83.31,
            "debt_ratio": 70.9,
            "inventory_turnover_ratio": 1.95,
            "account_receivable_turnover_ratio": 1.08,
            "reinvestment_rate": null,
            "research_to_sale_ratio": 5.46,
            "price_fair": 1.62,
            "eps_avg_yearly": 0.54,
            "eps_latest_yearly": 0.32,
            "eps_growth_yearly": -104.68
        },
        "20164": {
            "year_quarter": 20164,
            "year": 2016,
            "quarter": 4,
            "eps": 4.88,
            "eps_growth_year": null,
            "eps_4q": 3.55,
            "eps_4q_growth_year": null,
            "roe": 33.26,
            "gross_profit": 339373,
            "gross_margin": 16.05,
            "net_income": 1005541,
            "revenue": 2114248,
            "common_shares": 2072907,
            "equity": 3469577,
            "current_ratio": 121.04,
            "debt_ratio": 61.68,
            "inventory_turnover_ratio": 1.81,
            "account_receivable_turnover_ratio": 1,
            "reinvestment_rate": -388.76,
            "research_to_sale_ratio": 7.41,
            "price_fair": 1.62,
            "eps_avg_yearly": 0.54,
            "eps_latest_yearly": 0.32,
            "eps_growth_yearly": -104.68
        },
        "20171": {
            "year_quarter": 20171,
            "year": 2017,
            "quarter": 1,
            "eps": 0.09,
            "eps_growth_year": null,
            "eps_4q": 4.43,
            "eps_4q_growth_year": null,
            "roe": 0.5,
            "gross_profit": 280142,
            "gross_margin": 15.72,
            "net_income": 16880,
            "revenue": 1782487,
            "common_shares": 2072907,
            "equity": 3312206,
            "current_ratio": 120.45,
            "debt_ratio": 61.76,
            "inventory_turnover_ratio": 1.43,
            "account_receivable_turnover_ratio": 0.93,
            "reinvestment_rate": -550.73,
            "research_to_sale_ratio": 3.84,
            "price_fair": 1.44,
            "eps_avg_yearly": 0.48,
            "eps_latest_yearly": 0.36,
            "eps_growth_yearly": -200.66
        },
        "20172": {
            "year_quarter": 20172,
            "year": 2017,
            "quarter": 2,
            "eps": -0.41,
            "eps_growth_year": null,
            "eps_4q": 4.52,
            "eps_4q_growth_year": null,
            "roe": -2.75,
            "gross_profit": 311489,
            "gross_margin": 15.85,
            "net_income": -90492,
            "revenue": 1965343,
            "common_shares": 2072907,
            "equity": 3266206,
            "current_ratio": 118.87,
            "debt_ratio": 60,
            "inventory_turnover_ratio": 1.53,
            "account_receivable_turnover_ratio": 1.03,
            "reinvestment_rate": -943.66,
            "research_to_sale_ratio": 5.77,
            "price_fair": 1.44,
            "eps_avg_yearly": 0.48,
            "eps_latest_yearly": 0.36,
            "eps_growth_yearly": -200.66
        },
        "20173": {
            "year_quarter": 20173,
            "year": 2017,
            "quarter": 3,
            "eps": -0.66,
            "eps_growth_year": null,
            "eps_4q": 3.9,
            "eps_4q_growth_year": null,
            "roe": -4.64,
            "gross_profit": 311522,
            "gross_margin": 15.12,
            "net_income": -149345,
            "revenue": 2059927,
            "common_shares": 2072907,
            "equity": 3167344,
            "current_ratio": 137.78,
            "debt_ratio": 61.19,
            "inventory_turnover_ratio": 1.66,
            "account_receivable_turnover_ratio": 1,
            "reinvestment_rate": -3486.84,
            "research_to_sale_ratio": 5.63,
            "price_fair": 1.44,
            "eps_avg_yearly": 0.48,
            "eps_latest_yearly": 0.36,
            "eps_growth_yearly": -200.66
        }
    },
    "months": {
        "2001-06": {
            "month": "2001-06",
            "price": "39.48",
            "revenue": 72294
        },
        "2001-07": {
            "month": "2001-07",
            "price": "19.83",
            "revenue": 95095
        },
        "2001-08": {
            "month": "2001-08",
            "price": "16.29",
            "revenue": 98412
        },
        "2001-09": {
            "month": "2001-09",
            "price": "13.93",
            "revenue": 89544
        },
        "2001-10": {
            "month": "2001-10",
            "price": "13.78",
            "revenue": 100040
        },
        "2001-11": {
            "month": "2001-11",
            "price": "15.21",
            "revenue": 97506
        },
        "2001-12": {
            "month": "2001-12",
            "price": "18.96",
            "revenue": 101714
        },
        "2002-01": {
            "month": "2002-01",
            "price": "22.90",
            "revenue": 100392
        },
        "2002-02": {
            "month": "2002-02",
            "price": "20.92",
            "revenue": 90111
        },
        "2002-03": {
            "month": "2002-03",
            "price": "23.62",
            "revenue": 121810
        },
        "2002-04": {
            "month": "2002-04",
            "price": "27.61",
            "revenue": 123621
        },
        "2002-05": {
            "month": "2002-05",
            "price": "21.04",
            "revenue": 129538
        },
        "2002-06": {
            "month": "2002-06",
            "price": "20.02",
            "revenue": 119340
        },
        "2002-07": {
            "month": "2002-07",
            "price": "18.43",
            "revenue": 126940
        },
        "2002-08": {
            "month": "2002-08",
            "price": "17.37",
            "revenue": 129572
        },
        "2002-09": {
            "month": "2002-09",
            "price": "15.66",
            "revenue": 133376
        },
        "2002-10": {
            "month": "2002-10",
            "price": "15.12",
            "revenue": 138154
        },
        "2002-11": {
            "month": "2002-11",
            "price": "13.51",
            "revenue": 133493
        },
        "2002-12": {
            "month": "2002-12",
            "price": "14.95",
            "revenue": 120856
        },
        "2003-01": {
            "month": "2003-01",
            "price": "14.84",
            "revenue": 117533
        },
        "2003-02": {
            "month": "2003-02",
            "price": "13.58",
            "revenue": 100670
        },
        "2003-03": {
            "month": "2003-03",
            "price": "12.95",
            "revenue": 123793
        },
        "2003-04": {
            "month": "2003-04",
            "price": "12.59",
            "revenue": 110904
        },
        "2003-05": {
            "month": "2003-05",
            "price": "11.86",
            "revenue": 117650
        },
        "2003-06": {
            "month": "2003-06",
            "price": "14.54",
            "revenue": 129687
        },
        "2003-07": {
            "month": "2003-07",
            "price": "15.71",
            "revenue": 144418
        },
        "2003-08": {
            "month": "2003-08",
            "price": "15.37",
            "revenue": 181573
        },
        "2003-09": {
            "month": "2003-09",
            "price": "15.60",
            "revenue": 200178
        },
        "2003-10": {
            "month": "2003-10",
            "price": "17.67",
            "revenue": 232912
        },
        "2003-11": {
            "month": "2003-11",
            "price": "17.51",
            "revenue": 204024
        },
        "2003-12": {
            "month": "2003-12",
            "price": "22.57",
            "revenue": 180321
        },
        "2004-01": {
            "month": "2004-01",
            "price": "24.35",
            "revenue": 141414
        },
        "2004-02": {
            "month": "2004-02",
            "price": "23.46",
            "revenue": 162760
        },
        "2004-03": {
            "month": "2004-03",
            "price": "21.98",
            "revenue": 179533
        },
        "2004-04": {
            "month": "2004-04",
            "price": "20.65",
            "revenue": 178208
        },
        "2004-05": {
            "month": "2004-05",
            "price": "18.47",
            "revenue": 173604
        },
        "2004-06": {
            "month": "2004-06",
            "price": "19.21",
            "revenue": 146185
        },
        "2004-07": {
            "month": "2004-07",
            "price": "17.26",
            "revenue": 168194
        },
        "2004-08": {
            "month": "2004-08",
            "price": "14.45",
            "revenue": 156013
        },
        "2004-09": {
            "month": "2004-09",
            "price": "13.56",
            "revenue": 168270
        },
        "2004-10": {
            "month": "2004-10",
            "price": "14.32",
            "revenue": 171788
        },
        "2004-11": {
            "month": "2004-11",
            "price": "13.98",
            "revenue": 201949
        },
        "2004-12": {
            "month": "2004-12",
            "price": "13.62",
            "revenue": 157111
        },
        "2005-01": {
            "month": "2005-01",
            "price": "12.13",
            "revenue": 202509
        },
        "2005-02": {
            "month": "2005-02",
            "price": "16.67",
            "revenue": 148485
        },
        "2005-03": {
            "month": "2005-03",
            "price": "21.93",
            "revenue": 223856
        },
        "2005-04": {
            "month": "2005-04",
            "price": "20.37",
            "revenue": 202621
        },
        "2005-05": {
            "month": "2005-05",
            "price": "22.49",
            "revenue": 209877
        },
        "2005-06": {
            "month": "2005-06",
            "price": "29.51",
            "revenue": 187835
        },
        "2005-07": {
            "month": "2005-07",
            "price": "34.31",
            "revenue": 206067
        },
        "2005-08": {
            "month": "2005-08",
            "price": "31.24",
            "revenue": 228824
        },
        "2005-09": {
            "month": "2005-09",
            "price": "22.97",
            "revenue": 226305
        },
        "2005-10": {
            "month": "2005-10",
            "price": "21.58",
            "revenue": 241844
        },
        "2005-11": {
            "month": "2005-11",
            "price": "17.78",
            "revenue": 254605
        },
        "2005-12": {
            "month": "2005-12",
            "price": "21.75",
            "revenue": 210743
        },
        "2006-01": {
            "month": "2006-01",
            "price": "22.30",
            "revenue": 323120
        },
        "2006-02": {
            "month": "2006-02",
            "price": "20.61",
            "revenue": 300361
        },
        "2006-03": {
            "month": "2006-03",
            "price": "21.44",
            "revenue": 374146
        },
        "2006-04": {
            "month": "2006-04",
            "price": "26.62",
            "revenue": 369983
        },
        "2006-05": {
            "month": "2006-05",
            "price": "27.55",
            "revenue": 384700
        },
        "2006-06": {
            "month": "2006-06",
            "price": "22.00",
            "revenue": 329421
        },
        "2006-07": {
            "month": "2006-07",
            "price": "19.77",
            "revenue": 393580
        },
        "2006-08": {
            "month": "2006-08",
            "price": "20.94",
            "revenue": 464953
        },
        "2006-09": {
            "month": "2006-09",
            "price": "19.70",
            "revenue": 469733
        },
        "2006-10": {
            "month": "2006-10",
            "price": "20.56",
            "revenue": 418656
        },
        "2006-11": {
            "month": "2006-11",
            "price": "21.39",
            "revenue": 573791
        },
        "2006-12": {
            "month": "2006-12",
            "price": "29.81",
            "revenue": 469903
        },
        "2007-01": {
            "month": "2007-01",
            "price": "37.95",
            "revenue": 460157
        },
        "2007-02": {
            "month": "2007-02",
            "price": "37.57",
            "revenue": 303960
        },
        "2007-03": {
            "month": "2007-03",
            "price": "43.94",
            "revenue": 429935
        },
        "2007-04": {
            "month": "2007-04",
            "price": "47.63",
            "revenue": 442141
        },
        "2007-05": {
            "month": "2007-05",
            "price": "43.18",
            "revenue": 466755
        },
        "2007-06": {
            "month": "2007-06",
            "price": "47.84",
            "revenue": 492587
        },
        "2007-07": {
            "month": "2007-07",
            "price": "52.03",
            "revenue": 504113
        },
        "2007-08": {
            "month": "2007-08",
            "price": "32.92",
            "revenue": 546084
        },
        "2007-09": {
            "month": "2007-09",
            "price": "29.19",
            "revenue": 600551
        },
        "2007-10": {
            "month": "2007-10",
            "price": "27.60",
            "revenue": 602516
        },
        "2007-11": {
            "month": "2007-11",
            "price": "21.09",
            "revenue": 694220
        },
        "2007-12": {
            "month": "2007-12",
            "price": "17.67",
            "revenue": 550410
        },
        "2008-01": {
            "month": "2008-01",
            "price": "15.54",
            "revenue": 673096
        },
        "2008-02": {
            "month": "2008-02",
            "price": "15.08",
            "revenue": 442315
        },
        "2008-03": {
            "month": "2008-03",
            "price": "16.66",
            "revenue": 665554
        },
        "2008-04": {
            "month": "2008-04",
            "price": "19.40",
            "revenue": 667196
        },
        "2008-05": {
            "month": "2008-05",
            "price": "19.49",
            "revenue": 567924
        },
        "2008-06": {
            "month": "2008-06",
            "price": "16.02",
            "revenue": 655938
        },
        "2008-07": {
            "month": "2008-07",
            "price": "13.26",
            "revenue": 723893
        },
        "2008-08": {
            "month": "2008-08",
            "price": "13.78",
            "revenue": 736687
        },
        "2008-09": {
            "month": "2008-09",
            "price": "12.13",
            "revenue": 879552
        },
        "2008-10": {
            "month": "2008-10",
            "price": "9.92",
            "revenue": 865639
        },
        "2008-11": {
            "month": "2008-11",
            "price": "6.96",
            "revenue": 743969
        },
        "2008-12": {
            "month": "2008-12",
            "price": "6.29",
            "revenue": 599048
        },
        "2009-01": {
            "month": "2009-01",
            "price": "6.71",
            "revenue": 465085
        },
        "2009-02": {
            "month": "2009-02",
            "price": "6.51",
            "revenue": 530085
        },
        "2009-03": {
            "month": "2009-03",
            "price": "9.21",
            "revenue": 761130
        },
        "2009-04": {
            "month": "2009-04",
            "price": "12.71",
            "revenue": 695719
        },
        "2009-05": {
            "month": "2009-05",
            "price": "16.73",
            "revenue": 689386
        },
        "2009-06": {
            "month": "2009-06",
            "price": "16.32",
            "revenue": 798560
        },
        "2009-07": {
            "month": "2009-07",
            "price": "18.70",
            "revenue": 669118
        },
        "2009-08": {
            "month": "2009-08",
            "price": "19.84",
            "revenue": 600393
        },
        "2009-09": {
            "month": "2009-09",
            "price": "20.77",
            "revenue": 752961
        },
        "2009-10": {
            "month": "2009-10",
            "price": "20.43",
            "revenue": 644100
        },
        "2009-11": {
            "month": "2009-11",
            "price": "19.44",
            "revenue": 624733
        },
        "2009-12": {
            "month": "2009-12",
            "price": "21.13",
            "revenue": 601104
        },
        "2010-01": {
            "month": "2010-01",
            "price": "25.27",
            "revenue": 640878
        },
        "2010-02": {
            "month": "2010-02",
            "price": "22.39",
            "revenue": 449441
        },
        "2010-03": {
            "month": "2010-03",
            "price": "25.11",
            "revenue": 817601
        },
        "2010-04": {
            "month": "2010-04",
            "price": "25.40",
            "revenue": 783449
        },
        "2010-05": {
            "month": "2010-05",
            "price": "20.20",
            "revenue": 807011
        },
        "2010-06": {
            "month": "2010-06",
            "price": "19.54",
            "revenue": 746934
        },
        "2010-07": {
            "month": "2010-07",
            "price": "19.77",
            "revenue": 765087
        },
        "2010-08": {
            "month": "2010-08",
            "price": "19.62",
            "revenue": 786294
        },
        "2010-09": {
            "month": "2010-09",
            "price": "18.58",
            "revenue": 892805
        },
        "2010-10": {
            "month": "2010-10",
            "price": "18.08",
            "revenue": 796966
        },
        "2010-11": {
            "month": "2010-11",
            "price": "15.38",
            "revenue": 898849
        },
        "2010-12": {
            "month": "2010-12",
            "price": "16.65",
            "revenue": 753343
        },
        "2011-01": {
            "month": "2011-01",
            "price": "16.22",
            "revenue": 785793
        },
        "2011-02": {
            "month": "2011-02",
            "price": "16.28",
            "revenue": 496000
        },
        "2011-03": {
            "month": "2011-03",
            "price": "17.47",
            "revenue": 795589
        },
        "2011-04": {
            "month": "2011-04",
            "price": "16.60",
            "revenue": 849288
        },
        "2011-05": {
            "month": "2011-05",
            "price": "14.95",
            "revenue": 797015
        },
        "2011-06": {
            "month": "2011-06",
            "price": "14.24",
            "revenue": 787030
        },
        "2011-07": {
            "month": "2011-07",
            "price": "12.87",
            "revenue": 834302
        },
        "2011-08": {
            "month": "2011-08",
            "price": "11.35",
            "revenue": 911533
        },
        "2011-09": {
            "month": "2011-09",
            "price": "10.30",
            "revenue": 936845
        },
        "2011-10": {
            "month": "2011-10",
            "price": "9.97",
            "revenue": 787946
        },
        "2011-11": {
            "month": "2011-11",
            "price": "9.98",
            "revenue": 870987
        },
        "2011-12": {
            "month": "2011-12",
            "price": "8.45",
            "revenue": 743611
        },
        "2012-01": {
            "month": "2012-01",
            "price": "8.57",
            "revenue": 482872
        },
        "2012-02": {
            "month": "2012-02",
            "price": "10.65",
            "revenue": 587984
        },
        "2012-03": {
            "month": "2012-03",
            "price": "10.62",
            "revenue": 673202
        },
        "2012-04": {
            "month": "2012-04",
            "price": "8.93",
            "revenue": 724594
        },
        "2012-05": {
            "month": "2012-05",
            "price": "8.07",
            "revenue": 796152
        },
        "2012-06": {
            "month": "2012-06",
            "price": "7.81",
            "revenue": 808213
        },
        "2012-07": {
            "month": "2012-07",
            "price": "7.57",
            "revenue": 830595
        },
        "2012-08": {
            "month": "2012-08",
            "price": "7.49",
            "revenue": 863864
        },
        "2012-09": {
            "month": "2012-09",
            "price": "7.71",
            "revenue": 847507
        },
        "2012-10": {
            "month": "2012-10",
            "price": "6.97",
            "revenue": 782833
        },
        "2012-11": {
            "month": "2012-11",
            "price": "6.22",
            "revenue": 776115
        },
        "2012-12": {
            "month": "2012-12",
            "price": "6.65",
            "revenue": 670998
        },
        "2013-01": {
            "month": "2013-01",
            "price": "6.86",
            "revenue": 745413
        },
        "2013-02": {
            "month": "2013-02",
            "price": "7.02",
            "revenue": 461005
        },
        "2013-03": {
            "month": "2013-03",
            "price": "8.59",
            "revenue": 693428
        },
        "2013-04": {
            "month": "2013-04",
            "price": "8.99",
            "revenue": 691929
        },
        "2013-05": {
            "month": "2013-05",
            "price": "8.92",
            "revenue": 752642
        },
        "2013-06": {
            "month": "2013-06",
            "price": "8.16",
            "revenue": 751862
        },
        "2013-07": {
            "month": "2013-07",
            "price": "7.74",
            "revenue": 944867
        },
        "2013-08": {
            "month": "2013-08",
            "price": "9.16",
            "revenue": 884628
        },
        "2013-09": {
            "month": "2013-09",
            "price": "10.51",
            "revenue": 811800
        },
        "2013-10": {
            "month": "2013-10",
            "price": "10.65",
            "revenue": 724187
        },
        "2013-11": {
            "month": "2013-11",
            "price": "8.95",
            "revenue": 762335
        },
        "2013-12": {
            "month": "2013-12",
            "price": "9.26",
            "revenue": 772573
        },
        "2014-01": {
            "month": "2014-01",
            "price": "11.84",
            "revenue": 710015
        },
        "2014-02": {
            "month": "2014-02",
            "price": "13.89",
            "revenue": 615325
        },
        "2014-03": {
            "month": "2014-03",
            "price": "13.83",
            "revenue": 767342
        },
        "2014-04": {
            "month": "2014-04",
            "price": "13.11",
            "revenue": 832597
        },
        "2014-05": {
            "month": "2014-05",
            "price": "11.91",
            "revenue": 775516
        },
        "2014-06": {
            "month": "2014-06",
            "price": "12.29",
            "revenue": 764661
        },
        "2014-07": {
            "month": "2014-07",
            "price": "12.17",
            "revenue": 843090
        },
        "2014-08": {
            "month": "2014-08",
            "price": "11.59",
            "revenue": 788353
        },
        "2014-09": {
            "month": "2014-09",
            "price": "12.39",
            "revenue": 845434
        },
        "2014-10": {
            "month": "2014-10",
            "price": "11.91",
            "revenue": 779286
        },
        "2014-11": {
            "month": "2014-11",
            "price": "11.70",
            "revenue": 806993
        },
        "2014-12": {
            "month": "2014-12",
            "price": "12.71",
            "revenue": 760136
        },
        "2015-01": {
            "month": "2015-01",
            "price": "12.53",
            "revenue": 766616
        },
        "2015-02": {
            "month": "2015-02",
            "price": "12.00",
            "revenue": 493784
        },
        "2015-03": {
            "month": "2015-03",
            "price": "12.44",
            "revenue": 650320
        },
        "2015-04": {
            "month": "2015-04",
            "price": "11.84",
            "revenue": 730625
        },
        "2015-05": {
            "month": "2015-05",
            "price": "9.15",
            "revenue": 641317
        },
        "2015-06": {
            "month": "2015-06",
            "price": "7.47",
            "revenue": 660506
        },
        "2015-07": {
            "month": "2015-07",
            "price": "6.61",
            "revenue": 654656
        },
        "2015-08": {
            "month": "2015-08",
            "price": "5.92",
            "revenue": 690537
        },
        "2015-09": {
            "month": "2015-09",
            "price": "6.94",
            "revenue": 729422
        },
        "2015-10": {
            "month": "2015-10",
            "price": "8.44",
            "revenue": 665002
        },
        "2015-11": {
            "month": "2015-11",
            "price": "7.40",
            "revenue": 706545
        },
        "2015-12": {
            "month": "2015-12",
            "price": "7.17",
            "revenue": 645790
        },
        "2016-01": {
            "month": "2016-01",
            "price": "6.62",
            "revenue": 587192
        },
        "2016-02": {
            "month": "2016-02",
            "price": "6.50",
            "revenue": 362195
        },
        "2016-03": {
            "month": "2016-03",
            "price": "7.06",
            "revenue": 605287
        },
        "2016-04": {
            "month": "2016-04",
            "price": "6.63",
            "revenue": 579056
        },
        "2016-05": {
            "month": "2016-05",
            "price": "5.95",
            "revenue": 649048
        },
        "2016-06": {
            "month": "2016-06",
            "price": "5.77",
            "revenue": 650906
        },
        "2016-07": {
            "month": "2016-07",
            "price": "6.01",
            "revenue": 701488
        },
        "2016-08": {
            "month": "2016-08",
            "price": "7.32",
            "revenue": 750601
        },
        "2016-09": {
            "month": "2016-09",
            "price": "8.03",
            "revenue": 772550
        },
        "2016-10": {
            "month": "2016-10",
            "price": "8.24",
            "revenue": 669526
        },
        "2016-11": {
            "month": "2016-11",
            "price": "8.07",
            "revenue": 751700
        },
        "2016-12": {
            "month": "2016-12",
            "price": "8.11",
            "revenue": 702178
        },
        "2017-01": {
            "month": "2017-01",
            "price": "8.51",
            "revenue": 564779
        },
        "2017-02": {
            "month": "2017-02",
            "price": "9.62",
            "revenue": 531382
        },
        "2017-03": {
            "month": "2017-03",
            "price": "10.97",
            "revenue": 686325
        },
        "2017-04": {
            "month": "2017-04",
            "price": "11.09",
            "revenue": 681647
        },
        "2017-05": {
            "month": "2017-05",
            "price": "10.96",
            "revenue": 623722
        },
        "2017-06": {
            "month": "2017-06",
            "price": "11.08",
            "revenue": 659974
        },
        "2017-07": {
            "month": "2017-07",
            "price": "10.85",
            "revenue": 642811
        },
        "2017-08": {
            "month": "2017-08",
            "price": "9.46",
            "revenue": 685838
        },
        "2017-09": {
            "month": "2017-09",
            "price": "8.97",
            "revenue": 731278
        },
        "2017-10": {
            "month": "2017-10",
            "price": "9.21",
            "revenue": 582988
        },
        "2017-11": {
            "month": "2017-11",
            "price": "9.41",
            "revenue": 621020
        }
    }
}
