{
    "summary": {
        "stock_name": "三聯",
        "stock_id": "5493",
        "category": "其他電子",
        "main_business": "工業自動化設備<br>感測及監測系統整合",
        "website_url": "http://www.sanlien.com",
        "ceo": "林家慶",
        "pe_ratio": 15,
        "report_year_from": 2001,
        "report_year_to": 2023,
        "age": 23,
        "eps_negative_percentage": 0,
        "eps_growth_avg": {
            "last_all": 11.87,
            "last_2y": 16.02,
            "last_4y": 17.37,
            "last_8y": 11.97,
            "last_12y": 5.31,
            "last_16y": 16.99,
            "last_20y": 16.76,
            "at_2006_last_3y": 15.75,
            "at_2007_last_3y": 15.75,
            "at_2008_last_3y": -7.6,
            "at_2009_last_3y": 6.34,
            "at_2010_last_3y": 54.95,
            "at_2011_last_3y": 23.35,
            "at_2012_last_3y": 12.21,
            "at_2013_last_3y": 19.6,
            "at_2014_last_3y": -9.66,
            "at_2015_last_3y": 4.11,
            "at_2016_last_3y": 12.09,
            "at_2017_last_3y": -8,
            "at_2018_last_3y": 5.22,
            "at_2019_last_3y": 16.25,
            "at_2020_last_3y": 9.25,
            "at_2021_last_3y": 34.36,
            "at_2022_last_3y": 23.24,
            "at_2023_last_3y": 3.51,
            "at_2024_last_3y": 3.51,
            "at_2006_last_all": -5.55,
            "at_2007_last_all": 12.04,
            "at_2008_last_all": 11.27,
            "at_2009_last_all": 11.51,
            "at_2010_last_all": 21.34,
            "at_2011_last_all": 16.57,
            "at_2012_last_all": 11.61,
            "at_2013_last_all": 14.2,
            "at_2014_last_all": 11.8,
            "at_2015_last_all": 13.01,
            "at_2016_last_all": 11.74,
            "at_2017_last_all": 8.65,
            "at_2018_last_all": 10.25,
            "at_2019_last_all": 13.73,
            "at_2020_last_all": 11.21,
            "at_2021_last_all": 13.79,
            "at_2022_last_all": 12.73,
            "at_2023_last_all": 11.87,
            "at_2024_last_all": 11.87
        },
        "latest_eps": 4.52,
        "latest_price": 66.5,
        "latest_roe": 12.74,
        "latest_gross_margin": 14.54,
        "latest_equity": 2562133,
        "latest_revenue": 976585,
        "latest_gross_profit": 141970,
        "latest_net_income": 133541,
        "latest_debt_ratio": 45.92,
        "latest_current_ratio": 131.94,
        "latest_account_receivable_turnover_ratio": 1.14,
        "latest_inventory_turnover_ratio": 0.9,
        "latest_reinvestment_rate": 41.93,
        "latest_research_to_sale_ratio": 0.4
    },
    "eps_dividends": {
        "1999": {
            "cash": 1,
            "stock": 1.2,
            "eps": 0
        },
        "2000": {
            "cash": 0.6,
            "stock": 1.6,
            "eps": 0
        },
        "2001": {
            "cash": 0,
            "stock": 0,
            "eps": 3.67
        },
        "2002": {
            "cash": 0.8,
            "stock": 1.2,
            "eps": 0.34
        },
        "2003": {
            "cash": 0.3,
            "stock": 0.2,
            "eps": 0.7
        },
        "2004": {
            "cash": 0.6,
            "stock": 0,
            "eps": 1.88
        },
        "2005": {
            "cash": 1,
            "stock": 0,
            "eps": 1.08
        },
        "2006": {
            "cash": 1,
            "stock": 0,
            "eps": 0.06
        },
        "2007": {
            "cash": 0.6,
            "stock": 0,
            "eps": 1.21
        },
        "2008": {
            "cash": 0.7,
            "stock": 0,
            "eps": 1.29
        },
        "2009": {
            "cash": 0.7,
            "stock": 0,
            "eps": 1.46
        },
        "2010": {
            "cash": 1.2,
            "stock": 0,
            "eps": 4.51
        },
        "2011": {
            "cash": 3,
            "stock": 0,
            "eps": 3.32
        },
        "2012": {
            "cash": 2,
            "stock": 0,
            "eps": 2.06
        },
        "2013": {
            "cash": 1,
            "stock": 0.8,
            "eps": 2.94
        },
        "2014": {
            "cash": 2.4,
            "stock": 0,
            "eps": 2.44
        },
        "2015": {
            "cash": 1.5,
            "stock": 0.7,
            "eps": 3.14
        },
        "2016": {
            "cash": 2.2,
            "stock": 0,
            "eps": 2.95
        },
        "2017": {
            "cash": 2,
            "stock": 0,
            "eps": 1.84
        },
        "2018": {
            "cash": 1.6,
            "stock": 0,
            "eps": 2.5
        },
        "2019": {
            "cash": 1.75,
            "stock": 0,
            "eps": 4.32
        },
        "2020": {
            "cash": 2.5,
            "stock": 0,
            "eps": 2.85
        },
        "2021": {
            "cash": 2,
            "stock": 0,
            "eps": 4.64
        },
        "2022": {
            "cash": 3.1,
            "stock": 0,
            "eps": 4.24
        },
        "2023": {
            "cash": 2.8,
            "stock": 0,
            "eps": 3.98
        }
    },
    "dividends": {
        "1999-04-20": {
            "cash": 1,
            "stock": 1.2
        },
        "2000-05-12": {
            "cash": 0.6,
            "stock": 1.6
        },
        "2002-06-11": {
            "cash": 0.8,
            "stock": 1.2
        },
        "2003-06-25": {
            "cash": 0.3,
            "stock": 0.2
        },
        "2004-03-25": {
            "cash": 0.6,
            "stock": 0
        },
        "2005-03-25": {
            "cash": 1,
            "stock": 0
        },
        "2006-03-17": {
            "cash": 1,
            "stock": 0
        },
        "2007-03-28": {
            "cash": 0.6,
            "stock": 0
        },
        "2008-03-28": {
            "cash": 0.7,
            "stock": 0
        },
        "2009-03-20": {
            "cash": 0.7,
            "stock": 0
        },
        "2010-03-25": {
            "cash": 1.2,
            "stock": 0
        },
        "2011-03-25": {
            "cash": 3,
            "stock": 0
        },
        "2012-06-12": {
            "cash": 2,
            "stock": 0
        },
        "2013-06-20": {
            "cash": 1,
            "stock": 0.8
        },
        "2014-06-18": {
            "cash": 2.4,
            "stock": 0
        },
        "2015-08-26": {
            "cash": 1.5,
            "stock": 0.7
        },
        "2016-08-12": {
            "cash": 2.2,
            "stock": 0
        },
        "2017-08-16": {
            "cash": 2,
            "stock": 0
        },
        "2018-08-27": {
            "cash": 1.6,
            "stock": 0
        },
        "2019-08-15": {
            "cash": 1.75,
            "stock": 0
        },
        "2020-08-28": {
            "cash": 2.5,
            "stock": 0
        },
        "2021-07-30": {
            "cash": 2,
            "stock": 0
        },
        "2022-07-20": {
            "cash": 3.1,
            "stock": 0
        },
        "2023-06-28": {
            "cash": 2.8,
            "stock": 0
        }
    },
    "prices": {
        "200101": "無",
        "200102": "無",
        "200103": "無",
        "200104": "無",
        "200105": "53.86",
        "200106": "52.82",
        "200107": "45.15",
        "200108": "35.20",
        "200109": "29.46",
        "200110": "24.30",
        "200111": "26.79",
        "200112": "34.75",
        "200201": "36.25",
        "200202": "35.48",
        "200203": "34.62",
        "200204": "33.25",
        "200205": "28.56",
        "200206": "26.97",
        "200207": "25.20",
        "200208": "17.87",
        "200209": "19.72",
        "200210": "17.00",
        "200211": "16.46",
        "200212": "16.74",
        "200301": "15.45",
        "200302": "14.32",
        "200303": "13.97",
        "200304": "15.41",
        "200305": "15.70",
        "200306": "15.90",
        "200307": "15.42",
        "200308": "13.96",
        "200309": "13.53",
        "200310": "13.61",
        "200311": "14.70",
        "200312": "15.39",
        "200401": "15.33",
        "200402": "20.49",
        "200403": "22.18",
        "200404": "21.45",
        "200405": "18.22",
        "200406": "17.67",
        "200407": "15.52",
        "200408": "13.74",
        "200409": "12.93",
        "200410": "11.91",
        "200411": "12.26",
        "200412": "12.89",
        "200501": "12.96",
        "200502": "13.57",
        "200503": "14.08",
        "200504": "13.51",
        "200505": "13.07",
        "200506": "14.59",
        "200507": "14.80",
        "200508": "12.85",
        "200509": "10.60",
        "200510": "10.05",
        "200511": "9.24",
        "200512": "12.25",
        "200601": "11.64",
        "200602": "11.59",
        "200603": "11.97",
        "200604": "13.78",
        "200605": "15.79",
        "200606": "14.95",
        "200607": "14.91",
        "200608": "15.35",
        "200609": "16.04",
        "200610": "13.95",
        "200611": "12.94",
        "200612": "14.05",
        "200701": "14.36",
        "200702": "14.06",
        "200703": "13.85",
        "200704": "15.84",
        "200705": "15.51",
        "200706": "17.55",
        "200707": "25.10",
        "200708": "22.47",
        "200709": "21.13",
        "200710": "20.36",
        "200711": "19.44",
        "200712": "18.06",
        "200801": "17.14",
        "200802": "15.42",
        "200803": "17.38",
        "200804": "22.67",
        "200805": "28.37",
        "200806": "22.68",
        "200807": "22.92",
        "200808": "22.41",
        "200809": "15.14",
        "200810": "12.18",
        "200811": "11.07",
        "200812": "11.22",
        "200901": "11.93",
        "200902": "10.95",
        "200903": "11.54",
        "200904": "13.56",
        "200905": "12.95",
        "200906": "12.26",
        "200907": "12.58",
        "200908": "14.86",
        "200909": "17.22",
        "200910": "18.32",
        "200911": "17.92",
        "200912": "19.36",
        "201001": "21.20",
        "201002": "19.82",
        "201003": "24.59",
        "201004": "29.32",
        "201005": "26.51",
        "201006": "26.17",
        "201007": "26.87",
        "201008": "32.60",
        "201009": "35.43",
        "201010": "34.00",
        "201011": "30.84",
        "201012": "32.08",
        "201101": "33.70",
        "201102": "32.83",
        "201103": "35.22",
        "201104": "35.72",
        "201105": "38.79",
        "201106": "38.45",
        "201107": "36.22",
        "201108": "34.09",
        "201109": "33.30",
        "201110": "31.26",
        "201111": "29.40",
        "201112": "25.10",
        "201201": "24.45",
        "201202": "29.19",
        "201203": "29.73",
        "201204": "25.19",
        "201205": "24.64",
        "201206": "23.72",
        "201207": "23.27",
        "201208": "23.10",
        "201209": "22.04",
        "201210": "21.20",
        "201211": "20.20",
        "201212": "20.99",
        "201301": "21.71",
        "201302": "23.51",
        "201303": "24.55",
        "201304": "25.10",
        "201305": "25.26",
        "201306": "25.98",
        "201307": "30.51",
        "201308": "34.02",
        "201309": "28.99",
        "201310": "27.84",
        "201311": "27.95",
        "201312": "28.11",
        "201401": "29.56",
        "201402": "31.16",
        "201403": "32.69",
        "201404": "32.73",
        "201405": "31.13",
        "201406": "32.21",
        "201407": "33.28",
        "201408": "29.09",
        "201409": "28.97",
        "201410": "27.73",
        "201411": "26.98",
        "201412": "27.50",
        "201501": "28.94",
        "201502": "29.03",
        "201503": "29.46",
        "201504": "30.98",
        "201505": "31.36",
        "201506": "34.62",
        "201507": "36.97",
        "201508": "31.59",
        "201509": "29.66",
        "201510": "30.88",
        "201511": "32.38",
        "201512": "32.65",
        "201601": "30.52",
        "201602": "31.78",
        "201603": "32.83",
        "201604": "32.52",
        "201605": "32.11",
        "201606": "31.25",
        "201607": "30.20",
        "201608": "29.43",
        "201609": "29.90",
        "201610": "29.95",
        "201611": "29.64",
        "201612": "30.62",
        "201701": "31.44",
        "201702": "31.89",
        "201703": "32.20",
        "201704": "31.63",
        "201705": "30.20",
        "201706": "29.45",
        "201707": "28.81",
        "201708": "27.87",
        "201709": "27.44",
        "201710": "27.29",
        "201711": "27.00",
        "201712": "26.68",
        "201801": "26.77",
        "201802": "26.73",
        "201803": "26.93",
        "201804": "26.95",
        "201805": "27.68",
        "201806": "28.14",
        "201807": "28.28",
        "201808": "27.17",
        "201809": "27.41",
        "201810": "27.10",
        "201811": "27.12",
        "201812": "27.92",
        "201901": "28.68",
        "201902": "29.15",
        "201903": "29.13",
        "201904": "29.34",
        "201905": "29.19",
        "201906": "29.22",
        "201907": "29.72",
        "201908": "31.00",
        "201909": "31.53",
        "201910": "31.18",
        "201911": "33.15",
        "201912": "35.91",
        "202001": "40.62",
        "202002": "46.19",
        "202003": "38.35",
        "202004": "38.77",
        "202005": "39.33",
        "202006": "40.28",
        "202007": "43.38",
        "202008": "40.74",
        "202009": "43.22",
        "202010": "44.22",
        "202011": "43.40",
        "202012": "41.26",
        "202101": "40.40",
        "202102": "40.03",
        "202103": "40.75",
        "202104": "44.58",
        "202105": "42.09",
        "202106": "41.17",
        "202107": "40.77",
        "202108": "43.00",
        "202109": "43.71",
        "202110": "42.96",
        "202111": "43.25",
        "202112": "43.00",
        "202201": "43.29",
        "202202": "44.92",
        "202203": "45.12",
        "202204": "51.21",
        "202205": "52.25",
        "202206": "50.41",
        "202207": "48.70",
        "202208": "52.08",
        "202209": "54.15",
        "202210": "50.30",
        "202211": "49.70",
        "202212": "49.79",
        "202301": "50.64",
        "202302": "50.08",
        "202303": "54.12",
        "202304": "52.46",
        "202305": "51.79",
        "202306": "50.34",
        "202307": "49.96",
        "202308": "48.82",
        "202309": "48.45",
        "202310": "49.25",
        "202311": "51.95",
        "202312": "54.07"
    },
    "quarters": {
        "20011": {
            "year_quarter": 20011,
            "year": 2001,
            "quarter": 1,
            "eps": 1.05,
            "eps_growth_year": -11.76,
            "eps_4q": 4.56,
            "eps_4q_growth_year": null,
            "roe": 5.53,
            "roe_4q": 5.53,
            "gross_profit": 44941,
            "gross_margin": 36.27,
            "gross_margin_4q_avg": 36.27,
            "net_income": 29165,
            "net_income_4q": null,
            "revenue": 123892,
            "revenue_4q": null,
            "common_shares": 278000,
            "book_valuer_per_share": 19.51,
            "book_valuer_per_share_4q_avg": 19.51,
            "equity": 542339,
            "current_ratio": 140.84,
            "debt_ratio": 23.36,
            "inventory_turnover_ratio": 1.13,
            "account_receivable_turnover_ratio": null,
            "reinvestment_rate": null,
            "research_to_sale_ratio": null,
            "price_fair": 0,
            "eps_avg_yearly": 0,
            "eps_latest_yearly": 0,
            "eps_growth_yearly": 0
        },
        "20012": {
            "year_quarter": 20012,
            "year": 2001,
            "quarter": 2,
            "eps": 2.07,
            "eps_growth_year": 26.22,
            "eps_4q": 5.22,
            "eps_4q_growth_year": null,
            "roe": 10.38,
            "roe_4q": 15.91,
            "gross_profit": 28038,
            "gross_margin": 26.23,
            "gross_margin_4q_avg": 31.25,
            "net_income": 57639,
            "net_income_4q": null,
            "revenue": 106891,
            "revenue_4q": null,
            "common_shares": 278000,
            "book_valuer_per_share": 20.46,
            "book_valuer_per_share_4q_avg": 19.99,
            "equity": 568665,
            "current_ratio": 185.13,
            "debt_ratio": 19.41,
            "inventory_turnover_ratio": 1.14,
            "account_receivable_turnover_ratio": null,
            "reinvestment_rate": null,
            "research_to_sale_ratio": null,
            "price_fair": 0,
            "eps_avg_yearly": 0,
            "eps_latest_yearly": 0,
            "eps_growth_yearly": 0
        },
        "20013": {
            "year_quarter": 20013,
            "year": 2001,
            "quarter": 3,
            "eps": 0.32,
            "eps_growth_year": -74.8,
            "eps_4q": 3.62,
            "eps_4q_growth_year": null,
            "roe": 1.86,
            "roe_4q": 17.77,
            "gross_profit": 39165,
            "gross_margin": 29.64,
            "gross_margin_4q_avg": 30.71,
            "net_income": 10672,
            "net_income_4q": null,
            "revenue": 132153,
            "revenue_4q": null,
            "common_shares": 336000,
            "book_valuer_per_share": 17.26,
            "book_valuer_per_share_4q_avg": 19.08,
            "equity": 579921,
            "current_ratio": 153.73,
            "debt_ratio": 20.35,
            "inventory_turnover_ratio": 1.53,
            "account_receivable_turnover_ratio": null,
            "reinvestment_rate": null,
            "research_to_sale_ratio": null,
            "price_fair": 0,
            "eps_avg_yearly": 0,
            "eps_latest_yearly": 0,
            "eps_growth_yearly": 0
        },
        "20014": {
            "year_quarter": 20014,
            "year": 2001,
            "quarter": 4,
            "eps": 0.23,
            "eps_growth_year": -72.62,
            "eps_4q": 3.08,
            "eps_4q_growth_year": -32.09,
            "roe": 1.35,
            "roe_4q": 19.12,
            "gross_profit": 32286,
            "gross_margin": 29.94,
            "gross_margin_4q_avg": 30.52,
            "net_income": 7856,
            "net_income_4q": null,
            "revenue": 107836,
            "revenue_4q": null,
            "common_shares": 336000,
            "book_valuer_per_share": 17.49,
            "book_valuer_per_share_4q_avg": 18.68,
            "equity": 587782,
            "current_ratio": 161.1,
            "debt_ratio": 19.42,
            "inventory_turnover_ratio": 1.23,
            "account_receivable_turnover_ratio": null,
            "reinvestment_rate": null,
            "research_to_sale_ratio": null,
            "price_fair": 0,
            "eps_avg_yearly": 0,
            "eps_latest_yearly": 0,
            "eps_growth_yearly": 0
        },
        "20021": {
            "year_quarter": 20021,
            "year": 2002,
            "quarter": 1,
            "eps": 0.05,
            "eps_growth_year": -95.24,
            "eps_4q": 2.55,
            "eps_4q_growth_year": -44.19,
            "roe": 0.26,
            "roe_4q": 13.850000000000001,
            "gross_profit": 25411,
            "gross_margin": 28.79,
            "gross_margin_4q_avg": 28.65,
            "net_income": 1526,
            "net_income_4q": null,
            "revenue": 88252,
            "revenue_4q": null,
            "common_shares": 336000,
            "book_valuer_per_share": 17.54,
            "book_valuer_per_share_4q_avg": 18.19,
            "equity": 589308,
            "current_ratio": 192.04,
            "debt_ratio": 16.66,
            "inventory_turnover_ratio": 0.94,
            "account_receivable_turnover_ratio": null,
            "reinvestment_rate": null,
            "research_to_sale_ratio": null,
            "price_fair": 0.6,
            "eps_avg_yearly": 0.2,
            "eps_latest_yearly": 0.2,
            "eps_growth_yearly": -313.04
        },
        "20022": {
            "year_quarter": 20022,
            "year": 2002,
            "quarter": 2,
            "eps": 0.02,
            "eps_growth_year": -99.03,
            "eps_4q": 0.52,
            "eps_4q_growth_year": -90.08,
            "roe": 0.14,
            "roe_4q": 3.6100000000000003,
            "gross_profit": 23504,
            "gross_margin": 22.7,
            "gross_margin_4q_avg": 27.77,
            "net_income": 806,
            "net_income_4q": null,
            "revenue": 103544,
            "revenue_4q": null,
            "common_shares": 336000,
            "book_valuer_per_share": 16.65,
            "book_valuer_per_share_4q_avg": 17.24,
            "equity": 559499,
            "current_ratio": 136.78,
            "debt_ratio": 24.63,
            "inventory_turnover_ratio": 1.21,
            "account_receivable_turnover_ratio": null,
            "reinvestment_rate": null,
            "research_to_sale_ratio": null,
            "price_fair": 0.42,
            "eps_avg_yearly": 0.14,
            "eps_latest_yearly": 0.08,
            "eps_growth_yearly": -276.52
        },
        "20023": {
            "year_quarter": 20023,
            "year": 2002,
            "quarter": 3,
            "eps": 0.22,
            "eps_growth_year": -31.25,
            "eps_4q": 0.49,
            "eps_4q_growth_year": -86.45,
            "roe": 1.47,
            "roe_4q": 3.2199999999999998,
            "gross_profit": 27608,
            "gross_margin": 24.53,
            "gross_margin_4q_avg": 26.49,
            "net_income": 8283,
            "net_income_4q": null,
            "revenue": 112545,
            "revenue_4q": null,
            "common_shares": 379930,
            "book_valuer_per_share": 14.97,
            "book_valuer_per_share_4q_avg": 16.66,
            "equity": 568823,
            "current_ratio": 119.52,
            "debt_ratio": 32.7,
            "inventory_turnover_ratio": 1.06,
            "account_receivable_turnover_ratio": null,
            "reinvestment_rate": null,
            "research_to_sale_ratio": null,
            "price_fair": 13.53,
            "eps_avg_yearly": 0.39,
            "eps_latest_yearly": 0.88,
            "eps_growth_yearly": 1148.99
        },
        "20024": {
            "year_quarter": 20024,
            "year": 2002,
            "quarter": 4,
            "eps": 0.05,
            "eps_growth_year": -78.26,
            "eps_4q": 0.35,
            "eps_4q_growth_year": -88.5,
            "roe": 0.31,
            "roe_4q": 2.1799999999999997,
            "gross_profit": 34316,
            "gross_margin": 16.95,
            "gross_margin_4q_avg": 23.24,
            "net_income": 1743,
            "net_income_4q": null,
            "revenue": 202513,
            "revenue_4q": null,
            "common_shares": 379930,
            "book_valuer_per_share": 14.61,
            "book_valuer_per_share_4q_avg": 15.94,
            "equity": 555082,
            "current_ratio": 115.64,
            "debt_ratio": 31.47,
            "inventory_turnover_ratio": 2.12,
            "account_receivable_turnover_ratio": null,
            "reinvestment_rate": null,
            "research_to_sale_ratio": null,
            "price_fair": 11.9,
            "eps_avg_yearly": 0.34,
            "eps_latest_yearly": 0.2,
            "eps_growth_yearly": 784.47
        },
        "20031": {
            "year_quarter": 20031,
            "year": 2003,
            "quarter": 1,
            "eps": 0.03,
            "eps_growth_year": -40,
            "eps_4q": 0.37,
            "eps_4q_growth_year": -85.4,
            "roe": 0.17,
            "roe_4q": 2.09,
            "gross_profit": 23078,
            "gross_margin": 20.03,
            "gross_margin_4q_avg": 21.05,
            "net_income": 951,
            "net_income_4q": null,
            "revenue": 115221,
            "revenue_4q": null,
            "common_shares": 379930,
            "book_valuer_per_share": 14.64,
            "book_valuer_per_share_4q_avg": 15.22,
            "equity": 556033,
            "current_ratio": 112.63,
            "debt_ratio": 31.9,
            "inventory_turnover_ratio": 1.43,
            "account_receivable_turnover_ratio": null,
            "reinvestment_rate": null,
            "research_to_sale_ratio": null,
            "price_fair": 10.36,
            "eps_avg_yearly": 0.3,
            "eps_latest_yearly": 0.12,
            "eps_growth_yearly": 595.57
        },
        "20032": {
            "year_quarter": 20032,
            "year": 2003,
            "quarter": 2,
            "eps": 0.19,
            "eps_growth_year": 850,
            "eps_4q": 0.49,
            "eps_4q_growth_year": -6.24,
            "roe": 1.28,
            "roe_4q": 3.23,
            "gross_profit": 33580,
            "gross_margin": 24.95,
            "gross_margin_4q_avg": 21.62,
            "net_income": 7062,
            "net_income_4q": null,
            "revenue": 134601,
            "revenue_4q": null,
            "common_shares": 379930,
            "book_valuer_per_share": 14.47,
            "book_valuer_per_share_4q_avg": 14.67,
            "equity": 549832,
            "current_ratio": 117.49,
            "debt_ratio": 30.03,
            "inventory_turnover_ratio": 1.48,
            "account_receivable_turnover_ratio": null,
            "reinvestment_rate": null,
            "research_to_sale_ratio": null,
            "price_fair": 13.07,
            "eps_avg_yearly": 0.37,
            "eps_latest_yearly": 0.76,
            "eps_growth_yearly": 851.87
        },
        "20033": {
            "year_quarter": 20033,
            "year": 2003,
            "quarter": 3,
            "eps": 0.43,
            "eps_growth_year": 95.45,
            "eps_4q": 0.69,
            "eps_4q_growth_year": 40.34,
            "roe": 2.91,
            "roe_4q": 4.67,
            "gross_profit": 41570,
            "gross_margin": 22.14,
            "gross_margin_4q_avg": 21.02,
            "net_income": 16227,
            "net_income_4q": null,
            "revenue": 187745,
            "revenue_4q": null,
            "common_shares": 387329,
            "book_valuer_per_share": 14.6,
            "book_valuer_per_share_4q_avg": 14.58,
            "equity": 565489,
            "current_ratio": 113.19,
            "debt_ratio": 35.58,
            "inventory_turnover_ratio": 1.93,
            "account_receivable_turnover_ratio": null,
            "reinvestment_rate": null,
            "research_to_sale_ratio": null,
            "price_fair": 19.8,
            "eps_avg_yearly": 0.57,
            "eps_latest_yearly": 1.72,
            "eps_growth_yearly": 802.35
        },
        "20034": {
            "year_quarter": 20034,
            "year": 2003,
            "quarter": 4,
            "eps": 0.05,
            "eps_growth_year": 0,
            "eps_4q": 0.71,
            "eps_4q_growth_year": 99.61,
            "roe": 0.33,
            "roe_4q": 4.69,
            "gross_profit": 38994,
            "gross_margin": 21.27,
            "gross_margin_4q_avg": 22.1,
            "net_income": 1843,
            "net_income_4q": null,
            "revenue": 183309,
            "revenue_4q": null,
            "common_shares": 387329,
            "book_valuer_per_share": 14.67,
            "book_valuer_per_share_4q_avg": 14.6,
            "equity": 568301,
            "current_ratio": 121.55,
            "debt_ratio": 35.61,
            "inventory_turnover_ratio": 1.75,
            "account_receivable_turnover_ratio": null,
            "reinvestment_rate": -6.35,
            "research_to_sale_ratio": null,
            "price_fair": 18.2,
            "eps_avg_yearly": 0.52,
            "eps_latest_yearly": 0.2,
            "eps_growth_yearly": 657.87
        },
        "20041": {
            "year_quarter": 20041,
            "year": 2004,
            "quarter": 1,
            "eps": 0.39,
            "eps_growth_year": 1200,
            "eps_4q": 1.06,
            "eps_4q_growth_year": 184.28,
            "roe": 2.53,
            "roe_4q": 7.05,
            "gross_profit": 29492,
            "gross_margin": 22.59,
            "gross_margin_4q_avg": 22.74,
            "net_income": 14702,
            "net_income_4q": null,
            "revenue": 130525,
            "revenue_4q": null,
            "common_shares": 387329,
            "book_valuer_per_share": 15.38,
            "book_valuer_per_share_4q_avg": 14.78,
            "equity": 595681,
            "current_ratio": 133.23,
            "debt_ratio": 30.26,
            "inventory_turnover_ratio": 1.23,
            "account_receivable_turnover_ratio": null,
            "reinvestment_rate": -3.61,
            "research_to_sale_ratio": null,
            "price_fair": 22.24,
            "eps_avg_yearly": 0.64,
            "eps_latest_yearly": 1.56,
            "eps_growth_yearly": 887
        },
        "20042": {
            "year_quarter": 20042,
            "year": 2004,
            "quarter": 2,
            "eps": 0.33,
            "eps_growth_year": 73.68,
            "eps_4q": 1.2,
            "eps_4q_growth_year": 147.09,
            "roe": 2.14,
            "roe_4q": 7.91,
            "gross_profit": 41914,
            "gross_margin": 19.69,
            "gross_margin_4q_avg": 21.42,
            "net_income": 12442,
            "net_income_4q": null,
            "revenue": 212818,
            "revenue_4q": null,
            "common_shares": 387329,
            "book_valuer_per_share": 14.71,
            "book_valuer_per_share_4q_avg": 14.84,
            "equity": 569705,
            "current_ratio": 191.6,
            "debt_ratio": 45.34,
            "inventory_turnover_ratio": 2.11,
            "account_receivable_turnover_ratio": null,
            "reinvestment_rate": -5.2,
            "research_to_sale_ratio": null,
            "price_fair": 24.64,
            "eps_avg_yearly": 0.7,
            "eps_latest_yearly": 1.32,
            "eps_growth_yearly": 792.14
        },
        "20043": {
            "year_quarter": 20043,
            "year": 2004,
            "quarter": 3,
            "eps": 0.69,
            "eps_growth_year": 60.47,
            "eps_4q": 1.46,
            "eps_4q_growth_year": 111.71,
            "roe": 4.47,
            "roe_4q": 9.469999999999999,
            "gross_profit": 42523,
            "gross_margin": 26.22,
            "gross_margin_4q_avg": 22.44,
            "net_income": 26055,
            "net_income_4q": null,
            "revenue": 162170,
            "revenue_4q": null,
            "common_shares": 387329,
            "book_valuer_per_share": 15.38,
            "book_valuer_per_share_4q_avg": 15.04,
            "equity": 595717,
            "current_ratio": 224.53,
            "debt_ratio": 41.29,
            "inventory_turnover_ratio": 1.37,
            "account_receivable_turnover_ratio": null,
            "reinvestment_rate": -9.7,
            "research_to_sale_ratio": null,
            "price_fair": 31.18,
            "eps_avg_yearly": 0.89,
            "eps_latest_yearly": 2.76,
            "eps_growth_yearly": 759.8
        },
        "20044": {
            "year_quarter": 20044,
            "year": 2004,
            "quarter": 4,
            "eps": 0.47,
            "eps_growth_year": 840,
            "eps_4q": 1.88,
            "eps_4q_growth_year": 165.95,
            "roe": 2.12,
            "roe_4q": 11.26,
            "gross_profit": 43980,
            "gross_margin": 27.65,
            "gross_margin_4q_avg": 24.04,
            "net_income": 17709,
            "net_income_4q": null,
            "revenue": 159081,
            "revenue_4q": null,
            "common_shares": 387329,
            "book_valuer_per_share": 15.51,
            "book_valuer_per_share_4q_avg": 15.25,
            "equity": 1072724,
            "current_ratio": 136.59,
            "debt_ratio": 40.44,
            "inventory_turnover_ratio": 0.78,
            "account_receivable_turnover_ratio": null,
            "reinvestment_rate": 245.2,
            "research_to_sale_ratio": null,
            "price_fair": 34.07,
            "eps_avg_yearly": 0.97,
            "eps_latest_yearly": 1.88,
            "eps_growth_yearly": 685.86
        },
        "20051": {
            "year_quarter": 20051,
            "year": 2005,
            "quarter": 1,
            "eps": 0.41,
            "eps_growth_year": 5.13,
            "eps_4q": 1.93,
            "eps_4q_growth_year": 82.7,
            "roe": 1.8,
            "roe_4q": 10.530000000000001,
            "gross_profit": 34889,
            "gross_margin": 22.58,
            "gross_margin_4q_avg": 24.04,
            "net_income": 15155,
            "net_income_4q": null,
            "revenue": 154513,
            "revenue_4q": null,
            "common_shares": 378129,
            "book_valuer_per_share": 16.17,
            "book_valuer_per_share_4q_avg": 15.44,
            "equity": 611555,
            "current_ratio": 245.36,
            "debt_ratio": 34.79,
            "inventory_turnover_ratio": 0.76,
            "account_receivable_turnover_ratio": null,
            "reinvestment_rate": -24.19,
            "research_to_sale_ratio": null,
            "price_fair": 35.86,
            "eps_avg_yearly": 1.02,
            "eps_latest_yearly": 1.64,
            "eps_growth_yearly": 629.17
        },
        "20052": {
            "year_quarter": 20052,
            "year": 2005,
            "quarter": 2,
            "eps": -0.4,
            "eps_growth_year": -221.21,
            "eps_4q": 1.17,
            "eps_4q_growth_year": -2.56,
            "roe": -2.55,
            "roe_4q": 5.84,
            "gross_profit": 7053,
            "gross_margin": 3.24,
            "gross_margin_4q_avg": 19.92,
            "net_income": -14880,
            "net_income_4q": null,
            "revenue": 217444,
            "revenue_4q": null,
            "common_shares": 376879,
            "book_valuer_per_share": 14.73,
            "book_valuer_per_share_4q_avg": 15.45,
            "equity": 555019,
            "current_ratio": 141.38,
            "debt_ratio": 44.92,
            "inventory_turnover_ratio": 1.54,
            "account_receivable_turnover_ratio": null,
            "reinvestment_rate": -37.24,
            "research_to_sale_ratio": null,
            "price_fair": 35.86,
            "eps_avg_yearly": 1.02,
            "eps_latest_yearly": 1.64,
            "eps_growth_yearly": 629.17
        },
        "20053": {
            "year_quarter": 20053,
            "year": 2005,
            "quarter": 3,
            "eps": -0.06,
            "eps_growth_year": -108.7,
            "eps_4q": 0.42,
            "eps_4q_growth_year": -71.44,
            "roe": -0.41,
            "roe_4q": 0.9600000000000002,
            "gross_profit": -5624,
            "gross_margin": -3.56,
            "gross_margin_4q_avg": 12.48,
            "net_income": -2294,
            "net_income_4q": null,
            "revenue": 158144,
            "revenue_4q": null,
            "common_shares": 376879,
            "book_valuer_per_share": 14.68,
            "book_valuer_per_share_4q_avg": 15.27,
            "equity": 553417,
            "current_ratio": 122.32,
            "debt_ratio": 45.97,
            "inventory_turnover_ratio": 0.97,
            "account_receivable_turnover_ratio": null,
            "reinvestment_rate": -41.75,
            "research_to_sale_ratio": null,
            "price_fair": 35.86,
            "eps_avg_yearly": 1.02,
            "eps_latest_yearly": 1.64,
            "eps_growth_yearly": 629.17
        },
        "20054": {
            "year_quarter": 20054,
            "year": 2005,
            "quarter": 4,
            "eps": 1.13,
            "eps_growth_year": 140.43,
            "eps_4q": 1.08,
            "eps_4q_growth_year": -42.86,
            "roe": 4.74,
            "roe_4q": 3.58,
            "gross_profit": 25266,
            "gross_margin": 11.91,
            "gross_margin_4q_avg": 8.54,
            "net_income": 41738,
            "net_income_4q": null,
            "revenue": 212158,
            "revenue_4q": null,
            "common_shares": 376879,
            "book_valuer_per_share": 15.82,
            "book_valuer_per_share_4q_avg": 15.35,
            "equity": 1207262,
            "current_ratio": 141.03,
            "debt_ratio": 44.82,
            "inventory_turnover_ratio": 0.85,
            "account_receivable_turnover_ratio": null,
            "reinvestment_rate": 355.38,
            "research_to_sale_ratio": null,
            "price_fair": 35.86,
            "eps_avg_yearly": 1.02,
            "eps_latest_yearly": 1.64,
            "eps_growth_yearly": 629.17
        },
        "20061": {
            "year_quarter": 20061,
            "year": 2006,
            "quarter": 1,
            "eps": 0.67,
            "eps_growth_year": 63.41,
            "eps_4q": 1.34,
            "eps_4q_growth_year": -30.78,
            "roe": 2.7,
            "roe_4q": 4.48,
            "gross_profit": 17429,
            "gross_margin": 8.14,
            "gross_margin_4q_avg": 4.93,
            "net_income": 24698,
            "net_income_4q": null,
            "revenue": 214236,
            "revenue_4q": null,
            "common_shares": 375438,
            "book_valuer_per_share": 16.55,
            "book_valuer_per_share_4q_avg": 15.45,
            "equity": 621510,
            "current_ratio": 126.36,
            "debt_ratio": 41.42,
            "inventory_turnover_ratio": 0.92,
            "account_receivable_turnover_ratio": null,
            "reinvestment_rate": -22.34,
            "research_to_sale_ratio": null,
            "price_fair": 42.54,
            "eps_avg_yearly": 1.22,
            "eps_latest_yearly": 2.68,
            "eps_growth_yearly": 640.72
        },
        "20062": {
            "year_quarter": 20062,
            "year": 2006,
            "quarter": 2,
            "eps": 0.7,
            "eps_growth_year": null,
            "eps_4q": 2.44,
            "eps_4q_growth_year": 108.71,
            "roe": 4.2,
            "roe_4q": 11.23,
            "gross_profit": 24669,
            "gross_margin": 8.2,
            "gross_margin_4q_avg": 6.17,
            "net_income": 25822,
            "net_income_4q": null,
            "revenue": 300838,
            "revenue_4q": null,
            "common_shares": 375438,
            "book_valuer_per_share": 16.16,
            "book_valuer_per_share_4q_avg": 15.8,
            "equity": 606807,
            "current_ratio": 108.17,
            "debt_ratio": 50.53,
            "inventory_turnover_ratio": 1.19,
            "account_receivable_turnover_ratio": null,
            "reinvestment_rate": -19.27,
            "research_to_sale_ratio": null,
            "price_fair": 49.86,
            "eps_avg_yearly": 1.42,
            "eps_latest_yearly": 2.8,
            "eps_growth_yearly": 660.56
        },
        "20063": {
            "year_quarter": 20063,
            "year": 2006,
            "quarter": 3,
            "eps": -1.94,
            "eps_growth_year": null,
            "eps_4q": 0.55,
            "eps_4q_growth_year": 32.99,
            "roe": -12.51,
            "roe_4q": -0.8699999999999983,
            "gross_profit": -104678,
            "gross_margin": -68.44,
            "gross_margin_4q_avg": -10.05,
            "net_income": -71472,
            "net_income_4q": null,
            "revenue": 152943,
            "revenue_4q": null,
            "common_shares": 375438,
            "book_valuer_per_share": 14.26,
            "book_valuer_per_share_4q_avg": 15.7,
            "equity": 535547,
            "current_ratio": 94.22,
            "debt_ratio": 54.1,
            "inventory_turnover_ratio": 1.01,
            "account_receivable_turnover_ratio": null,
            "reinvestment_rate": -31.92,
            "research_to_sale_ratio": null,
            "price_fair": 51.45,
            "eps_avg_yearly": 1.47,
            "eps_latest_yearly": 2.8,
            "eps_growth_yearly": 382.28
        },
        "20064": {
            "year_quarter": 20064,
            "year": 2006,
            "quarter": 4,
            "eps": 0.63,
            "eps_growth_year": -44.25,
            "eps_4q": 0.06,
            "eps_4q_growth_year": -94.37,
            "roe": 2.53,
            "roe_4q": -3.08,
            "gross_profit": -2203,
            "gross_margin": -1.54,
            "gross_margin_4q_avg": -13.41,
            "net_income": 23180,
            "net_income_4q": null,
            "revenue": 143367,
            "revenue_4q": null,
            "common_shares": 375438,
            "book_valuer_per_share": 14.4,
            "book_valuer_per_share_4q_avg": 15.34,
            "equity": 1294064,
            "current_ratio": 137.78,
            "debt_ratio": 45.35,
            "inventory_turnover_ratio": 0.55,
            "account_receivable_turnover_ratio": null,
            "reinvestment_rate": 403.46,
            "research_to_sale_ratio": null,
            "price_fair": 55.49,
            "eps_avg_yearly": 1.59,
            "eps_latest_yearly": 2.8,
            "eps_growth_yearly": 445.13
        },
        "20071": {
            "year_quarter": 20071,
            "year": 2007,
            "quarter": 1,
            "eps": -0.54,
            "eps_growth_year": -180.6,
            "eps_4q": -1.18,
            "eps_4q_growth_year": -188.1,
            "roe": -2.1,
            "roe_4q": -7.88,
            "gross_profit": -738,
            "gross_margin": -0.6,
            "gross_margin_4q_avg": -15.6,
            "net_income": -19040,
            "net_income_4q": null,
            "revenue": 124029,
            "revenue_4q": null,
            "common_shares": 375438,
            "book_valuer_per_share": 13.9,
            "book_valuer_per_share_4q_avg": 14.68,
            "equity": 521818,
            "current_ratio": 77.94,
            "debt_ratio": 53.69,
            "inventory_turnover_ratio": 0.57,
            "account_receivable_turnover_ratio": null,
            "reinvestment_rate": -31.45,
            "research_to_sale_ratio": null,
            "price_fair": 60.62,
            "eps_avg_yearly": 1.73,
            "eps_latest_yearly": 2.8,
            "eps_growth_yearly": 505.64
        },
        "20072": {
            "year_quarter": 20072,
            "year": 2007,
            "quarter": 2,
            "eps": 0.56,
            "eps_growth_year": -20,
            "eps_4q": -1.34,
            "eps_4q_growth_year": -155.13,
            "roe": 3.81,
            "roe_4q": -8.27,
            "gross_profit": 57575,
            "gross_margin": 41.66,
            "gross_margin_4q_avg": -7.23,
            "net_income": 19799,
            "net_income_4q": null,
            "revenue": 138195,
            "revenue_4q": null,
            "common_shares": 368348,
            "book_valuer_per_share": 14.08,
            "book_valuer_per_share_4q_avg": 14.16,
            "equity": 518477,
            "current_ratio": 72.23,
            "debt_ratio": 51.45,
            "inventory_turnover_ratio": 0.83,
            "account_receivable_turnover_ratio": null,
            "reinvestment_rate": -27.2,
            "research_to_sale_ratio": null,
            "price_fair": 64.4,
            "eps_avg_yearly": 1.84,
            "eps_latest_yearly": 2.8,
            "eps_growth_yearly": 324.79
        },
        "20073": {
            "year_quarter": 20073,
            "year": 2007,
            "quarter": 3,
            "eps": 0.89,
            "eps_growth_year": null,
            "eps_4q": 1.54,
            "eps_4q_growth_year": 177.94,
            "roe": 5.94,
            "roe_4q": 10.18,
            "gross_profit": 41716,
            "gross_margin": 23.52,
            "gross_margin_4q_avg": 15.76,
            "net_income": 32838,
            "net_income_4q": null,
            "revenue": 177328,
            "revenue_4q": null,
            "common_shares": 380873,
            "book_valuer_per_share": 15.39,
            "book_valuer_per_share_4q_avg": 14.44,
            "equity": 586267,
            "current_ratio": 74.77,
            "debt_ratio": 47.65,
            "inventory_turnover_ratio": 1.51,
            "account_receivable_turnover_ratio": null,
            "reinvestment_rate": -23.56,
            "research_to_sale_ratio": null,
            "price_fair": 71.56,
            "eps_avg_yearly": 2.04,
            "eps_latest_yearly": 3.56,
            "eps_growth_yearly": 294.84
        },
        "20074": {
            "year_quarter": 20074,
            "year": 2007,
            "quarter": 4,
            "eps": 0.3,
            "eps_growth_year": -52.38,
            "eps_4q": 1.21,
            "eps_4q_growth_year": 1906.26,
            "roe": 1.08,
            "roe_4q": 8.73,
            "gross_profit": 42522,
            "gross_margin": 29,
            "gross_margin_4q_avg": 23.4,
            "net_income": 11017,
            "net_income_4q": null,
            "revenue": 146623,
            "revenue_4q": null,
            "common_shares": 381025,
            "book_valuer_per_share": 15.66,
            "book_valuer_per_share_4q_avg": 14.76,
            "equity": 1450442,
            "current_ratio": 149.01,
            "debt_ratio": 42.13,
            "inventory_turnover_ratio": 0.47,
            "account_receivable_turnover_ratio": null,
            "reinvestment_rate": 339.23,
            "research_to_sale_ratio": null,
            "price_fair": 75.44,
            "eps_avg_yearly": 2.16,
            "eps_latest_yearly": 1.2,
            "eps_growth_yearly": 304.65
        },
        "20081": {
            "year_quarter": 20081,
            "year": 2008,
            "quarter": 1,
            "eps": 1.04,
            "eps_growth_year": null,
            "eps_4q": 1.49,
            "eps_4q_growth_year": null,
            "roe": 4.86,
            "roe_4q": 15.690000000000001,
            "gross_profit": 120463,
            "gross_margin": 23.4,
            "gross_margin_4q_avg": 29.4,
            "net_income": 72114,
            "net_income_4q": null,
            "revenue": 514692,
            "revenue_4q": null,
            "common_shares": 381025,
            "book_valuer_per_share": 16.64,
            "book_valuer_per_share_4q_avg": 15.44,
            "equity": 1518042,
            "current_ratio": 181.68,
            "debt_ratio": 36.28,
            "inventory_turnover_ratio": 1.29,
            "account_receivable_turnover_ratio": null,
            "reinvestment_rate": 245.79,
            "research_to_sale_ratio": null,
            "price_fair": 85.56,
            "eps_avg_yearly": 2.44,
            "eps_latest_yearly": 4.16,
            "eps_growth_yearly": 112.06
        },
        "20082": {
            "year_quarter": 20082,
            "year": 2008,
            "quarter": 2,
            "eps": 0.29,
            "eps_growth_year": -48.21,
            "eps_4q": 1.47,
            "eps_4q_growth_year": null,
            "roe": 1.27,
            "roe_4q": 13.150000000000002,
            "gross_profit": 113387,
            "gross_margin": 22.27,
            "gross_margin_4q_avg": 24.55,
            "net_income": 18649,
            "net_income_4q": null,
            "revenue": 509087,
            "revenue_4q": null,
            "common_shares": 381025,
            "book_valuer_per_share": 16.14,
            "book_valuer_per_share_4q_avg": 15.96,
            "equity": 1410121,
            "current_ratio": 152.07,
            "debt_ratio": 38.2,
            "inventory_turnover_ratio": 1.73,
            "account_receivable_turnover_ratio": null,
            "reinvestment_rate": 281.97,
            "research_to_sale_ratio": null,
            "price_fair": 84.93,
            "eps_avg_yearly": 2.43,
            "eps_latest_yearly": 1.16,
            "eps_growth_yearly": 86.84
        },
        "20083": {
            "year_quarter": 20083,
            "year": 2008,
            "quarter": 3,
            "eps": 0.26,
            "eps_growth_year": -70.79,
            "eps_4q": 0.7,
            "eps_4q_growth_year": -54.3,
            "roe": 1.85,
            "roe_4q": 9.06,
            "gross_profit": 107263,
            "gross_margin": 25.72,
            "gross_margin_4q_avg": 25.1,
            "net_income": 26406,
            "net_income_4q": null,
            "revenue": 416989,
            "revenue_4q": null,
            "common_shares": 381025,
            "book_valuer_per_share": 16.48,
            "book_valuer_per_share_4q_avg": 16.23,
            "equity": 1440044,
            "current_ratio": 152.35,
            "debt_ratio": 38.55,
            "inventory_turnover_ratio": 1.49,
            "account_receivable_turnover_ratio": null,
            "reinvestment_rate": 290.27,
            "research_to_sale_ratio": null,
            "price_fair": 78.24,
            "eps_avg_yearly": 2.24,
            "eps_latest_yearly": 1.04,
            "eps_growth_yearly": 33.76
        },
        "20084": {
            "year_quarter": 20084,
            "year": 2008,
            "quarter": 4,
            "eps": -0.3,
            "eps_growth_year": -200,
            "eps_4q": 0.69,
            "eps_4q_growth_year": -42.92,
            "roe": -1.88,
            "roe_4q": 6.1000000000000005,
            "gross_profit": 71425,
            "gross_margin": 21.25,
            "gross_margin_4q_avg": 23.16,
            "net_income": -26842,
            "net_income_4q": null,
            "revenue": 336089,
            "revenue_4q": null,
            "common_shares": 383045,
            "book_valuer_per_share": 15.95,
            "book_valuer_per_share_4q_avg": 16.3,
            "equity": 1408107,
            "current_ratio": 145.09,
            "debt_ratio": 35,
            "inventory_turnover_ratio": 1.16,
            "account_receivable_turnover_ratio": 2.58,
            "reinvestment_rate": 47.54,
            "research_to_sale_ratio": null,
            "price_fair": 79.8,
            "eps_avg_yearly": 2.28,
            "eps_latest_yearly": 1.04,
            "eps_growth_yearly": 53.92
        },
        "20091": {
            "year_quarter": 20091,
            "year": 2009,
            "quarter": 1,
            "eps": -0.09,
            "eps_growth_year": -108.65,
            "eps_4q": 0.15,
            "eps_4q_growth_year": -90.11,
            "roe": -0.59,
            "roe_4q": 0.6500000000000004,
            "gross_profit": 30446,
            "gross_margin": 10.17,
            "gross_margin_4q_avg": 19.85,
            "net_income": -8279,
            "net_income_4q": null,
            "revenue": 299510,
            "revenue_4q": null,
            "common_shares": 383045,
            "book_valuer_per_share": 15.91,
            "book_valuer_per_share_4q_avg": 16.12,
            "equity": 1404152,
            "current_ratio": 169.02,
            "debt_ratio": 30.14,
            "inventory_turnover_ratio": 1.26,
            "account_receivable_turnover_ratio": 1.36,
            "reinvestment_rate": 432.64,
            "research_to_sale_ratio": null,
            "price_fair": 83,
            "eps_avg_yearly": 2.37,
            "eps_latest_yearly": 1.04,
            "eps_growth_yearly": 68.92
        },
        "20092": {
            "year_quarter": 20092,
            "year": 2009,
            "quarter": 2,
            "eps": 0.31,
            "eps_growth_year": 6.9,
            "eps_4q": 0.08,
            "eps_4q_growth_year": -94.48,
            "roe": 1.77,
            "roe_4q": 1.1500000000000004,
            "gross_profit": 59657,
            "gross_margin": 21.32,
            "gross_margin_4q_avg": 19.62,
            "net_income": 24391,
            "net_income_4q": null,
            "revenue": 279867,
            "revenue_4q": null,
            "common_shares": 383045,
            "book_valuer_per_share": 15.39,
            "book_valuer_per_share_4q_avg": 15.93,
            "equity": 1350361,
            "current_ratio": 165.91,
            "debt_ratio": 32.21,
            "inventory_turnover_ratio": 1.21,
            "account_receivable_turnover_ratio": 1.34,
            "reinvestment_rate": 330.51,
            "research_to_sale_ratio": null,
            "price_fair": 83,
            "eps_avg_yearly": 2.37,
            "eps_latest_yearly": 1.04,
            "eps_growth_yearly": 68.92
        },
        "20093": {
            "year_quarter": 20093,
            "year": 2009,
            "quarter": 3,
            "eps": 0.65,
            "eps_growth_year": 150,
            "eps_4q": 0.37,
            "eps_4q_growth_year": -47.98,
            "roe": 2.75,
            "roe_4q": 2.05,
            "gross_profit": 61923,
            "gross_margin": 21.85,
            "gross_margin_4q_avg": 18.65,
            "net_income": 37679,
            "net_income_4q": null,
            "revenue": 283377,
            "revenue_4q": null,
            "common_shares": 383045,
            "book_valuer_per_share": 16.03,
            "book_valuer_per_share_4q_avg": 15.82,
            "equity": 1386478,
            "current_ratio": 185.46,
            "debt_ratio": 31.08,
            "inventory_turnover_ratio": 1.22,
            "account_receivable_turnover_ratio": 1.15,
            "reinvestment_rate": 285,
            "research_to_sale_ratio": null,
            "price_fair": 84,
            "eps_avg_yearly": 2.4,
            "eps_latest_yearly": 2.6,
            "eps_growth_yearly": 115.14
        },
        "20094": {
            "year_quarter": 20094,
            "year": 2009,
            "quarter": 4,
            "eps": 0.59,
            "eps_growth_year": null,
            "eps_4q": 1.45,
            "eps_4q_growth_year": 108.53,
            "roe": 2.12,
            "roe_4q": 6.050000000000001,
            "gross_profit": 88270,
            "gross_margin": 26.57,
            "gross_margin_4q_avg": 19.98,
            "net_income": 29970,
            "net_income_4q": null,
            "revenue": 332231,
            "revenue_4q": null,
            "common_shares": 383045,
            "book_valuer_per_share": 16.6,
            "book_valuer_per_share_4q_avg": 15.98,
            "equity": 1434674,
            "current_ratio": 174.79,
            "debt_ratio": 32.56,
            "inventory_turnover_ratio": 1.3,
            "account_receivable_turnover_ratio": 2.38,
            "reinvestment_rate": 191.11,
            "research_to_sale_ratio": null,
            "price_fair": 83.84,
            "eps_avg_yearly": 2.4,
            "eps_latest_yearly": 2.36,
            "eps_growth_yearly": 98.25
        },
        "20101": {
            "year_quarter": 20101,
            "year": 2010,
            "quarter": 1,
            "eps": 0.61,
            "eps_growth_year": null,
            "eps_4q": 2.15,
            "eps_4q_growth_year": 1356.5,
            "roe": 3.05,
            "roe_4q": 9.69,
            "gross_profit": 92235,
            "gross_margin": 29.21,
            "gross_margin_4q_avg": 24.74,
            "net_income": 44438,
            "net_income_4q": null,
            "revenue": 315753,
            "revenue_4q": null,
            "common_shares": 383045,
            "book_valuer_per_share": 17.19,
            "book_valuer_per_share_4q_avg": 16.3,
            "equity": 1477987,
            "current_ratio": 216.95,
            "debt_ratio": 35.83,
            "inventory_turnover_ratio": 0.84,
            "account_receivable_turnover_ratio": 1.16,
            "reinvestment_rate": 493.77,
            "research_to_sale_ratio": null,
            "price_fair": 82.91,
            "eps_avg_yearly": 2.37,
            "eps_latest_yearly": 2.44,
            "eps_growth_yearly": 117.85
        },
        "20102": {
            "year_quarter": 20102,
            "year": 2010,
            "quarter": 2,
            "eps": 2.81,
            "eps_growth_year": 808.03,
            "eps_4q": 4.66,
            "eps_4q_growth_year": 5639.86,
            "roe": 8.42,
            "roe_4q": 16.34,
            "gross_profit": 91069,
            "gross_margin": 24.05,
            "gross_margin_4q_avg": 25.42,
            "net_income": 126915,
            "net_income_4q": null,
            "revenue": 378665,
            "revenue_4q": null,
            "common_shares": 383045,
            "book_valuer_per_share": 18.81,
            "book_valuer_per_share_4q_avg": 17.16,
            "equity": 1536345,
            "current_ratio": 212.14,
            "debt_ratio": 36.66,
            "inventory_turnover_ratio": 0.75,
            "account_receivable_turnover_ratio": 1.27,
            "reinvestment_rate": 337.03,
            "research_to_sale_ratio": null,
            "price_fair": 115.73,
            "eps_avg_yearly": 3.31,
            "eps_latest_yearly": 11.24,
            "eps_growth_yearly": 276.15
        },
        "20103": {
            "year_quarter": 20103,
            "year": 2010,
            "quarter": 3,
            "eps": 0.54,
            "eps_growth_year": -16.16,
            "eps_4q": 4.54,
            "eps_4q_growth_year": 1142.42,
            "roe": 2.64,
            "roe_4q": 16.23,
            "gross_profit": 91111,
            "gross_margin": 26.21,
            "gross_margin_4q_avg": 26.51,
            "net_income": 41160,
            "net_income_4q": null,
            "revenue": 347596,
            "revenue_4q": null,
            "common_shares": 383045,
            "book_valuer_per_share": 19.36,
            "book_valuer_per_share_4q_avg": 17.99,
            "equity": 1580230,
            "current_ratio": 211.93,
            "debt_ratio": 35.7,
            "inventory_turnover_ratio": 0.62,
            "account_receivable_turnover_ratio": 1.12,
            "reinvestment_rate": 251.07,
            "research_to_sale_ratio": null,
            "price_fair": 111.72,
            "eps_avg_yearly": 3.19,
            "eps_latest_yearly": 2.16,
            "eps_growth_yearly": 216.22
        },
        "20104": {
            "year_quarter": 20104,
            "year": 2010,
            "quarter": 4,
            "eps": 0.55,
            "eps_growth_year": -6.63,
            "eps_4q": 4.51,
            "eps_4q_growth_year": 211.68,
            "roe": 1.97,
            "roe_4q": 16.080000000000002,
            "gross_profit": 100803,
            "gross_margin": 27.64,
            "gross_margin_4q_avg": 26.78,
            "net_income": 31323,
            "net_income_4q": null,
            "revenue": 364665,
            "revenue_4q": null,
            "common_shares": 383045,
            "book_valuer_per_share": 19.8,
            "book_valuer_per_share_4q_avg": 18.79,
            "equity": 1605270,
            "current_ratio": 220.12,
            "debt_ratio": 36.56,
            "inventory_turnover_ratio": 0.61,
            "account_receivable_turnover_ratio": 1.26,
            "reinvestment_rate": 82.88,
            "research_to_sale_ratio": null,
            "price_fair": 108.56,
            "eps_avg_yearly": 3.1,
            "eps_latest_yearly": 2.2,
            "eps_growth_yearly": 197.24
        },
        "20111": {
            "year_quarter": 20111,
            "year": 2011,
            "quarter": 1,
            "eps": 1.6,
            "eps_growth_year": 162.3,
            "eps_4q": 5.51,
            "eps_4q_growth_year": 156.4,
            "roe": 5.27,
            "roe_4q": 18.299999999999997,
            "gross_profit": 105671,
            "gross_margin": 29.25,
            "gross_margin_4q_avg": 26.79,
            "net_income": 86303,
            "net_income_4q": null,
            "revenue": 361245,
            "revenue_4q": null,
            "common_shares": 383045,
            "book_valuer_per_share": 21.49,
            "book_valuer_per_share_4q_avg": 19.87,
            "equity": 1670514,
            "current_ratio": 236.26,
            "debt_ratio": 35.9,
            "inventory_turnover_ratio": 0.58,
            "account_receivable_turnover_ratio": 1.19,
            "reinvestment_rate": 201.21,
            "research_to_sale_ratio": null,
            "price_fair": 118.18,
            "eps_avg_yearly": 3.38,
            "eps_latest_yearly": 6.4,
            "eps_growth_yearly": 244.44
        },
        "20112": {
            "year_quarter": 20112,
            "year": 2011,
            "quarter": 2,
            "eps": 1.22,
            "eps_growth_year": -56.75,
            "eps_4q": 3.92,
            "eps_4q_growth_year": -15.9,
            "roe": 5.26,
            "roe_4q": 15.14,
            "gross_profit": 131389,
            "gross_margin": 29.33,
            "gross_margin_4q_avg": 28.11,
            "net_income": 85769,
            "net_income_4q": null,
            "revenue": 448028,
            "revenue_4q": null,
            "common_shares": 383045,
            "book_valuer_per_share": 19.81,
            "book_valuer_per_share_4q_avg": 20.12,
            "equity": 1591421,
            "current_ratio": 202.41,
            "debt_ratio": 40.8,
            "inventory_turnover_ratio": 0.72,
            "account_receivable_turnover_ratio": 1.4,
            "reinvestment_rate": 183.18,
            "research_to_sale_ratio": null,
            "price_fair": 122.23,
            "eps_avg_yearly": 3.49,
            "eps_latest_yearly": 4.88,
            "eps_growth_yearly": 218.33
        },
        "20113": {
            "year_quarter": 20113,
            "year": 2011,
            "quarter": 3,
            "eps": 0.6,
            "eps_growth_year": 10.49,
            "eps_4q": 3.97,
            "eps_4q_growth_year": -12.55,
            "roe": 2.79,
            "roe_4q": 15.290000000000001,
            "gross_profit": 117021,
            "gross_margin": 28.67,
            "gross_margin_4q_avg": 28.72,
            "net_income": 45031,
            "net_income_4q": null,
            "revenue": 408146,
            "revenue_4q": null,
            "common_shares": 383045,
            "book_valuer_per_share": 20.49,
            "book_valuer_per_share_4q_avg": 20.4,
            "equity": 1640256,
            "current_ratio": 222.22,
            "debt_ratio": 37.1,
            "inventory_turnover_ratio": 0.68,
            "account_receivable_turnover_ratio": 1.3,
            "reinvestment_rate": 191.2,
            "research_to_sale_ratio": null,
            "price_fair": 119.11,
            "eps_avg_yearly": 3.4,
            "eps_latest_yearly": 2.4,
            "eps_growth_yearly": 184.56
        },
        "20114": {
            "year_quarter": 20114,
            "year": 2011,
            "quarter": 4,
            "eps": -0.1,
            "eps_growth_year": -119.03,
            "eps_4q": 3.32,
            "eps_4q_growth_year": -26.37,
            "roe": -0.21,
            "roe_4q": 13.11,
            "gross_profit": 72876,
            "gross_margin": 23.04,
            "gross_margin_4q_avg": 27.57,
            "net_income": -3482,
            "net_income_4q": null,
            "revenue": 316289,
            "revenue_4q": null,
            "common_shares": 383045,
            "book_valuer_per_share": 20.36,
            "book_valuer_per_share_4q_avg": 20.54,
            "equity": 1634655,
            "current_ratio": 192.22,
            "debt_ratio": 37.3,
            "inventory_turnover_ratio": 0.58,
            "account_receivable_turnover_ratio": 1.08,
            "reinvestment_rate": 70.96,
            "research_to_sale_ratio": null,
            "price_fair": 125.53,
            "eps_avg_yearly": 3.59,
            "eps_latest_yearly": 2.4,
            "eps_growth_yearly": 222.04
        },
        "20121": {
            "year_quarter": 20121,
            "year": 2012,
            "quarter": 1,
            "eps": 0.52,
            "eps_growth_year": -67.5,
            "eps_4q": 2.23,
            "eps_4q_growth_year": -59.4,
            "roe": 2.13,
            "roe_4q": 9.969999999999999,
            "gross_profit": 90170,
            "gross_margin": 25.96,
            "gross_margin_4q_avg": 26.75,
            "net_income": 35211,
            "net_income_4q": null,
            "revenue": 347358,
            "revenue_4q": null,
            "common_shares": 383045,
            "book_valuer_per_share": 20.87,
            "book_valuer_per_share_4q_avg": 20.38,
            "equity": 1665681,
            "current_ratio": 235.93,
            "debt_ratio": 34.87,
            "inventory_turnover_ratio": 0.62,
            "account_receivable_turnover_ratio": 1.23,
            "reinvestment_rate": 81.48,
            "research_to_sale_ratio": null,
            "price_fair": 123.71,
            "eps_avg_yearly": 3.53,
            "eps_latest_yearly": 2.4,
            "eps_growth_yearly": 152.52
        },
        "20122": {
            "year_quarter": 20122,
            "year": 2012,
            "quarter": 2,
            "eps": 0.52,
            "eps_growth_year": -57.21,
            "eps_4q": 1.54,
            "eps_4q_growth_year": -60.73,
            "roe": 2.28,
            "roe_4q": 6.99,
            "gross_profit": 60983,
            "gross_margin": 17.34,
            "gross_margin_4q_avg": 23.75,
            "net_income": 36696,
            "net_income_4q": null,
            "revenue": 351744,
            "revenue_4q": null,
            "common_shares": 383045,
            "book_valuer_per_share": 19.41,
            "book_valuer_per_share_4q_avg": 20.28,
            "equity": 1550860,
            "current_ratio": 169.22,
            "debt_ratio": 41.52,
            "inventory_turnover_ratio": 0.69,
            "account_receivable_turnover_ratio": 1.15,
            "reinvestment_rate": 51.5,
            "research_to_sale_ratio": null,
            "price_fair": 126.64,
            "eps_avg_yearly": 3.62,
            "eps_latest_yearly": 2.08,
            "eps_growth_yearly": 178.75
        },
        "20123": {
            "year_quarter": 20123,
            "year": 2012,
            "quarter": 3,
            "eps": 0.64,
            "eps_growth_year": 5.62,
            "eps_4q": 1.57,
            "eps_4q_growth_year": -60.44,
            "roe": 3.31,
            "roe_4q": 7.51,
            "gross_profit": 88735,
            "gross_margin": 24.11,
            "gross_margin_4q_avg": 22.61,
            "net_income": 52245,
            "net_income_4q": null,
            "revenue": 367999,
            "revenue_4q": null,
            "common_shares": 383045,
            "book_valuer_per_share": 20.04,
            "book_valuer_per_share_4q_avg": 20.17,
            "equity": 1603380,
            "current_ratio": 183.15,
            "debt_ratio": 39.52,
            "inventory_turnover_ratio": 0.61,
            "account_receivable_turnover_ratio": 1.06,
            "reinvestment_rate": 49.89,
            "research_to_sale_ratio": null,
            "price_fair": 131.47,
            "eps_avg_yearly": 3.76,
            "eps_latest_yearly": 2.56,
            "eps_growth_yearly": 190.9
        },
        "20124": {
            "year_quarter": 20124,
            "year": 2012,
            "quarter": 4,
            "eps": 0.38,
            "eps_growth_year": null,
            "eps_4q": 2.05,
            "eps_4q_growth_year": -38.12,
            "roe": 2.25,
            "roe_4q": 9.969999999999999,
            "gross_profit": 110524,
            "gross_margin": 26.89,
            "gross_margin_4q_avg": 23.58,
            "net_income": 36426,
            "net_income_4q": null,
            "revenue": 411063,
            "revenue_4q": null,
            "common_shares": 383045,
            "book_valuer_per_share": 20.41,
            "book_valuer_per_share_4q_avg": 20.18,
            "equity": 1639345,
            "current_ratio": 177.23,
            "debt_ratio": 41.64,
            "inventory_turnover_ratio": 0.6,
            "account_receivable_turnover_ratio": 1.07,
            "reinvestment_rate": 56.27,
            "research_to_sale_ratio": null,
            "price_fair": 124.95,
            "eps_avg_yearly": 3.57,
            "eps_latest_yearly": 1.52,
            "eps_growth_yearly": 161.45
        },
        "20131": {
            "year_quarter": 20131,
            "year": 2013,
            "quarter": 1,
            "eps": 0.35,
            "eps_growth_year": -32.69,
            "eps_4q": 1.88,
            "eps_4q_growth_year": -15.86,
            "roe": 1.81,
            "roe_4q": 9.65,
            "gross_profit": 81567,
            "gross_margin": 22.47,
            "gross_margin_4q_avg": 22.7,
            "net_income": 29735,
            "net_income_4q": null,
            "revenue": 363022,
            "revenue_4q": null,
            "common_shares": 383045,
            "book_valuer_per_share": 20.38,
            "book_valuer_per_share_4q_avg": 20.06,
            "equity": 1653325,
            "current_ratio": 175.76,
            "debt_ratio": 43.16,
            "inventory_turnover_ratio": 0.52,
            "account_receivable_turnover_ratio": 0.92,
            "reinvestment_rate": 66.05,
            "research_to_sale_ratio": null,
            "price_fair": 119.11,
            "eps_avg_yearly": 3.4,
            "eps_latest_yearly": 1.4,
            "eps_growth_yearly": 146.6
        },
        "20132": {
            "year_quarter": 20132,
            "year": 2013,
            "quarter": 2,
            "eps": 0.62,
            "eps_growth_year": 19.03,
            "eps_4q": 1.87,
            "eps_4q_growth_year": 21.82,
            "roe": 4.01,
            "roe_4q": 11.38,
            "gross_profit": 132180,
            "gross_margin": 22.91,
            "gross_margin_4q_avg": 24.1,
            "net_income": 65308,
            "net_income_4q": null,
            "revenue": 577005,
            "revenue_4q": null,
            "common_shares": 383045,
            "book_valuer_per_share": 20.04,
            "book_valuer_per_share_4q_avg": 20.22,
            "equity": 1604123,
            "current_ratio": 167.94,
            "debt_ratio": 45.69,
            "inventory_turnover_ratio": 0.81,
            "account_receivable_turnover_ratio": 1.41,
            "reinvestment_rate": 80.23,
            "research_to_sale_ratio": null,
            "price_fair": 116.8,
            "eps_avg_yearly": 3.34,
            "eps_latest_yearly": 2.48,
            "eps_growth_yearly": 158.17
        },
        "20133": {
            "year_quarter": 20133,
            "year": 2013,
            "quarter": 3,
            "eps": 0.92,
            "eps_growth_year": 44.66,
            "eps_4q": 2.2,
            "eps_4q_growth_year": 39.99,
            "roe": 4.73,
            "roe_4q": 12.8,
            "gross_profit": 129678,
            "gross_margin": 22.98,
            "gross_margin_4q_avg": 23.81,
            "net_income": 77598,
            "net_income_4q": null,
            "revenue": 564273,
            "revenue_4q": null,
            "common_shares": 413688,
            "book_valuer_per_share": 19.44,
            "book_valuer_per_share_4q_avg": 20.07,
            "equity": 1679954,
            "current_ratio": 180.65,
            "debt_ratio": 42.34,
            "inventory_turnover_ratio": 0.85,
            "account_receivable_turnover_ratio": 1.29,
            "reinvestment_rate": 83,
            "research_to_sale_ratio": null,
            "price_fair": 119.5,
            "eps_avg_yearly": 3.41,
            "eps_latest_yearly": 3.68,
            "eps_growth_yearly": 140.66
        },
        "20134": {
            "year_quarter": 20134,
            "year": 2013,
            "quarter": 4,
            "eps": 1.05,
            "eps_growth_year": 179.81,
            "eps_4q": 2.91,
            "eps_4q_growth_year": 41.5,
            "roe": 3.42,
            "roe_4q": 13.97,
            "gross_profit": 93156,
            "gross_margin": 23.47,
            "gross_margin_4q_avg": 22.96,
            "net_income": 58355,
            "net_income_4q": null,
            "revenue": 396908,
            "revenue_4q": null,
            "common_shares": 413688,
            "book_valuer_per_share": 20.36,
            "book_valuer_per_share_4q_avg": 20.06,
            "equity": 1729967,
            "current_ratio": 206.17,
            "debt_ratio": 39.3,
            "inventory_turnover_ratio": 0.63,
            "account_receivable_turnover_ratio": 1,
            "reinvestment_rate": 11.8,
            "research_to_sale_ratio": null,
            "price_fair": 124.1,
            "eps_avg_yearly": 3.55,
            "eps_latest_yearly": 4.2,
            "eps_growth_yearly": 147.33
        },
        "20141": {
            "year_quarter": 20141,
            "year": 2014,
            "quarter": 1,
            "eps": 0.36,
            "eps_growth_year": 2.86,
            "eps_4q": 2.95,
            "eps_4q_growth_year": 56.84,
            "roe": 2.46,
            "roe_4q": 14.62,
            "gross_profit": 97310,
            "gross_margin": 23.88,
            "gross_margin_4q_avg": 23.31,
            "net_income": 43174,
            "net_income_4q": null,
            "revenue": 407529,
            "revenue_4q": null,
            "common_shares": 413688,
            "book_valuer_per_share": 20.77,
            "book_valuer_per_share_4q_avg": 20.15,
            "equity": 1775623,
            "current_ratio": 205.46,
            "debt_ratio": 38.51,
            "inventory_turnover_ratio": 0.64,
            "account_receivable_turnover_ratio": 1.1,
            "reinvestment_rate": 14.21,
            "research_to_sale_ratio": null,
            "price_fair": 121.6,
            "eps_avg_yearly": 3.47,
            "eps_latest_yearly": 1.44,
            "eps_growth_yearly": 127.59
        },
        "20142": {
            "year_quarter": 20142,
            "year": 2014,
            "quarter": 2,
            "eps": 0.82,
            "eps_growth_year": 32.26,
            "eps_4q": 3.15,
            "eps_4q_growth_year": 68.13,
            "roe": 4.05,
            "roe_4q": 14.66,
            "gross_profit": 116191,
            "gross_margin": 23.69,
            "gross_margin_4q_avg": 23.51,
            "net_income": 69006,
            "net_income_4q": null,
            "revenue": 490535,
            "revenue_4q": null,
            "common_shares": 413688,
            "book_valuer_per_share": 19.15,
            "book_valuer_per_share_4q_avg": 19.93,
            "equity": 1635341,
            "current_ratio": 181.5,
            "debt_ratio": 43.81,
            "inventory_turnover_ratio": 0.74,
            "account_receivable_turnover_ratio": 1.11,
            "reinvestment_rate": 17.45,
            "research_to_sale_ratio": null,
            "price_fair": 101.7,
            "eps_avg_yearly": 2.91,
            "eps_latest_yearly": 3.28,
            "eps_growth_yearly": 61.05
        },
        "20143": {
            "year_quarter": 20143,
            "year": 2014,
            "quarter": 3,
            "eps": 0.6,
            "eps_growth_year": -34.78,
            "eps_4q": 2.83,
            "eps_4q_growth_year": 28.66,
            "roe": 3.66,
            "roe_4q": 13.59,
            "gross_profit": 104169,
            "gross_margin": 23.14,
            "gross_margin_4q_avg": 23.55,
            "net_income": 60968,
            "net_income_4q": null,
            "revenue": 450213,
            "revenue_4q": null,
            "common_shares": 413688,
            "book_valuer_per_share": 19.77,
            "book_valuer_per_share_4q_avg": 20.01,
            "equity": 1697217,
            "current_ratio": 198.35,
            "debt_ratio": 41.9,
            "inventory_turnover_ratio": 0.65,
            "account_receivable_turnover_ratio": 0.95,
            "reinvestment_rate": 19.41,
            "research_to_sale_ratio": null,
            "price_fair": 102.3,
            "eps_avg_yearly": 2.92,
            "eps_latest_yearly": 2.4,
            "eps_growth_yearly": 76.47
        },
        "20144": {
            "year_quarter": 20144,
            "year": 2014,
            "quarter": 4,
            "eps": 0.66,
            "eps_growth_year": -36.89,
            "eps_4q": 2.44,
            "eps_4q_growth_year": -15.92,
            "roe": 2.75,
            "roe_4q": 12.920000000000002,
            "gross_profit": 113797,
            "gross_margin": 23.85,
            "gross_margin_4q_avg": 23.64,
            "net_income": 47349,
            "net_income_4q": null,
            "revenue": 477184,
            "revenue_4q": null,
            "common_shares": 413688,
            "book_valuer_per_share": 20.51,
            "book_valuer_per_share_4q_avg": 20.05,
            "equity": 1746704,
            "current_ratio": 200.32,
            "debt_ratio": 41.67,
            "inventory_turnover_ratio": 0.66,
            "account_receivable_turnover_ratio": 1.06,
            "reinvestment_rate": 25.79,
            "research_to_sale_ratio": null,
            "price_fair": 103.4,
            "eps_avg_yearly": 2.95,
            "eps_latest_yearly": 2.64,
            "eps_growth_yearly": 78.8
        },
        "20151": {
            "year_quarter": 20151,
            "year": 2015,
            "quarter": 1,
            "eps": 0.41,
            "eps_growth_year": 13.89,
            "eps_4q": 2.49,
            "eps_4q_growth_year": -15.56,
            "roe": 2.42,
            "roe_4q": 12.879999999999999,
            "gross_profit": 91665,
            "gross_margin": 21.95,
            "gross_margin_4q_avg": 23.16,
            "net_income": 42699,
            "net_income_4q": null,
            "revenue": 417601,
            "revenue_4q": null,
            "common_shares": 413688,
            "book_valuer_per_share": 20.84,
            "book_valuer_per_share_4q_avg": 20.07,
            "equity": 1783102,
            "current_ratio": 197.16,
            "debt_ratio": 41.86,
            "inventory_turnover_ratio": 0.53,
            "account_receivable_turnover_ratio": 0.96,
            "reinvestment_rate": 23.44,
            "research_to_sale_ratio": null,
            "price_fair": 61.25,
            "eps_avg_yearly": 2.61,
            "eps_latest_yearly": 1.64,
            "eps_growth_yearly": 13.43
        },
        "20152": {
            "year_quarter": 20152,
            "year": 2015,
            "quarter": 2,
            "eps": 1.24,
            "eps_growth_year": 51.22,
            "eps_4q": 2.8,
            "eps_4q_growth_year": -11.14,
            "roe": 5.76,
            "roe_4q": 14.59,
            "gross_profit": 179965,
            "gross_margin": 23.65,
            "gross_margin_4q_avg": 23.15,
            "net_income": 100682,
            "net_income_4q": null,
            "revenue": 761060,
            "revenue_4q": null,
            "common_shares": 413688,
            "book_valuer_per_share": 20.65,
            "book_valuer_per_share_4q_avg": 20.44,
            "equity": 1710217,
            "current_ratio": 209.23,
            "debt_ratio": 40.5,
            "inventory_turnover_ratio": 0.98,
            "account_receivable_turnover_ratio": 1.79,
            "reinvestment_rate": 28.99,
            "research_to_sale_ratio": null,
            "price_fair": 91.7,
            "eps_avg_yearly": 2.62,
            "eps_latest_yearly": 4.96,
            "eps_growth_yearly": 78.05
        },
        "20153": {
            "year_quarter": 20153,
            "year": 2015,
            "quarter": 3,
            "eps": 0.84,
            "eps_growth_year": 40,
            "eps_4q": 3.08,
            "eps_4q_growth_year": 8.69,
            "roe": 4.16,
            "roe_4q": 15.09,
            "gross_profit": 124637,
            "gross_margin": 21.08,
            "gross_margin_4q_avg": 22.63,
            "net_income": 72741,
            "net_income_4q": null,
            "revenue": 591328,
            "revenue_4q": null,
            "common_shares": 442646,
            "book_valuer_per_share": 20.21,
            "book_valuer_per_share_4q_avg": 20.55,
            "equity": 1786840,
            "current_ratio": 217.43,
            "debt_ratio": 37.09,
            "inventory_turnover_ratio": 1,
            "account_receivable_turnover_ratio": 1.33,
            "reinvestment_rate": 27.15,
            "research_to_sale_ratio": null,
            "price_fair": 94.1,
            "eps_avg_yearly": 2.69,
            "eps_latest_yearly": 3.36,
            "eps_growth_yearly": 83.36
        },
        "20154": {
            "year_quarter": 20154,
            "year": 2015,
            "quarter": 4,
            "eps": 0.65,
            "eps_growth_year": -1.52,
            "eps_4q": 3.11,
            "eps_4q_growth_year": 27.34,
            "roe": 2.46,
            "roe_4q": 14.799999999999999,
            "gross_profit": 101982,
            "gross_margin": 20.35,
            "gross_margin_4q_avg": 21.76,
            "net_income": 44539,
            "net_income_4q": null,
            "revenue": 501156,
            "revenue_4q": null,
            "common_shares": 442646,
            "book_valuer_per_share": 20.81,
            "book_valuer_per_share_4q_avg": 20.63,
            "equity": 1827303,
            "current_ratio": 232.44,
            "debt_ratio": 34.15,
            "inventory_turnover_ratio": 1.02,
            "account_receivable_turnover_ratio": 1.09,
            "reinvestment_rate": 29.77,
            "research_to_sale_ratio": null,
            "price_fair": 93.89,
            "eps_avg_yearly": 2.68,
            "eps_latest_yearly": 2.6,
            "eps_growth_yearly": 71.77
        },
        "20161": {
            "year_quarter": 20161,
            "year": 2016,
            "quarter": 1,
            "eps": 0.4,
            "eps_growth_year": -2.44,
            "eps_4q": 3.12,
            "eps_4q_growth_year": 25.44,
            "roe": 2.29,
            "roe_4q": 14.67,
            "gross_profit": 88653,
            "gross_margin": 19.93,
            "gross_margin_4q_avg": 21.25,
            "net_income": 42330,
            "net_income_4q": null,
            "revenue": 444829,
            "revenue_4q": null,
            "common_shares": 442646,
            "book_valuer_per_share": 21.22,
            "book_valuer_per_share_4q_avg": 20.72,
            "equity": 1871311,
            "current_ratio": 223.45,
            "debt_ratio": 33.32,
            "inventory_turnover_ratio": 0.89,
            "account_receivable_turnover_ratio": 1.01,
            "reinvestment_rate": 42.96,
            "research_to_sale_ratio": null,
            "price_fair": 91.53,
            "eps_avg_yearly": 2.62,
            "eps_latest_yearly": 1.6,
            "eps_growth_yearly": 57.67
        },
        "20162": {
            "year_quarter": 20162,
            "year": 2016,
            "quarter": 2,
            "eps": 0.85,
            "eps_growth_year": -31.45,
            "eps_4q": 2.73,
            "eps_4q_growth_year": -2.37,
            "roe": 3.62,
            "roe_4q": 12.530000000000001,
            "gross_profit": 111616,
            "gross_margin": 20.37,
            "gross_margin_4q_avg": 20.43,
            "net_income": 66617,
            "net_income_4q": null,
            "revenue": 547914,
            "revenue_4q": null,
            "common_shares": 442646,
            "book_valuer_per_share": 19.85,
            "book_valuer_per_share_4q_avg": 20.52,
            "equity": 1806259,
            "current_ratio": 201.73,
            "debt_ratio": 36.35,
            "inventory_turnover_ratio": 1.09,
            "account_receivable_turnover_ratio": 1.15,
            "reinvestment_rate": 44.23,
            "research_to_sale_ratio": null,
            "price_fair": 94.41,
            "eps_avg_yearly": 2.7,
            "eps_latest_yearly": 3.4,
            "eps_growth_yearly": 85.79
        },
        "20163": {
            "year_quarter": 20163,
            "year": 2016,
            "quarter": 3,
            "eps": 0.92,
            "eps_growth_year": 9.52,
            "eps_4q": 2.82,
            "eps_4q_growth_year": -8.37,
            "roe": 3.52,
            "roe_4q": 11.89,
            "gross_profit": 91902,
            "gross_margin": 17.11,
            "gross_margin_4q_avg": 19.44,
            "net_income": 62732,
            "net_income_4q": null,
            "revenue": 537005,
            "revenue_4q": null,
            "common_shares": 442646,
            "book_valuer_per_share": 20.66,
            "book_valuer_per_share_4q_avg": 20.64,
            "equity": 1758415,
            "current_ratio": 208.47,
            "debt_ratio": 37.51,
            "inventory_turnover_ratio": 1.15,
            "account_receivable_turnover_ratio": 1.05,
            "reinvestment_rate": 35.79,
            "research_to_sale_ratio": null,
            "price_fair": 96.86,
            "eps_avg_yearly": 2.77,
            "eps_latest_yearly": 3.68,
            "eps_growth_yearly": 82.08
        },
        "20164": {
            "year_quarter": 20164,
            "year": 2016,
            "quarter": 4,
            "eps": 0.78,
            "eps_growth_year": 18.54,
            "eps_4q": 2.94,
            "eps_4q_growth_year": -5.45,
            "roe": 3.62,
            "roe_4q": 13.05,
            "gross_profit": 111162,
            "gross_margin": 18.27,
            "gross_margin_4q_avg": 18.92,
            "net_income": 64739,
            "net_income_4q": null,
            "revenue": 608590,
            "revenue_4q": null,
            "common_shares": 442646,
            "book_valuer_per_share": 21.4,
            "book_valuer_per_share_4q_avg": 20.78,
            "equity": 1819835,
            "current_ratio": 208.98,
            "debt_ratio": 35.4,
            "inventory_turnover_ratio": 1.31,
            "account_receivable_turnover_ratio": 1.13,
            "reinvestment_rate": 28.39,
            "research_to_sale_ratio": null,
            "price_fair": 100.36,
            "eps_avg_yearly": 2.87,
            "eps_latest_yearly": 3.12,
            "eps_growth_yearly": 88.43
        },
        "20171": {
            "year_quarter": 20171,
            "year": 2017,
            "quarter": 1,
            "eps": 0.19,
            "eps_growth_year": -52.5,
            "eps_4q": 2.73,
            "eps_4q_growth_year": -12.56,
            "roe": 1.55,
            "roe_4q": 12.309999999999999,
            "gross_profit": 80271,
            "gross_margin": 16.73,
            "gross_margin_4q_avg": 18.12,
            "net_income": 28331,
            "net_income_4q": null,
            "revenue": 479729,
            "revenue_4q": null,
            "common_shares": 442646,
            "book_valuer_per_share": 21.48,
            "book_valuer_per_share_4q_avg": 20.85,
            "equity": 1842137,
            "current_ratio": 186.2,
            "debt_ratio": 37.45,
            "inventory_turnover_ratio": 1.03,
            "account_receivable_turnover_ratio": 0.9,
            "reinvestment_rate": 34.08,
            "research_to_sale_ratio": null,
            "price_fair": 98.96,
            "eps_avg_yearly": 2.83,
            "eps_latest_yearly": 0.76,
            "eps_growth_yearly": 71.5
        },
        "20172": {
            "year_quarter": 20172,
            "year": 2017,
            "quarter": 2,
            "eps": 0.47,
            "eps_growth_year": -44.71,
            "eps_4q": 2.35,
            "eps_4q_growth_year": -13.94,
            "roe": 2.25,
            "roe_4q": 10.94,
            "gross_profit": 81456,
            "gross_margin": 15.06,
            "gross_margin_4q_avg": 16.79,
            "net_income": 40870,
            "net_income_4q": null,
            "revenue": 540932,
            "revenue_4q": null,
            "common_shares": 442646,
            "book_valuer_per_share": 19.97,
            "book_valuer_per_share_4q_avg": 20.88,
            "equity": 1796218,
            "current_ratio": 162.41,
            "debt_ratio": 38.71,
            "inventory_turnover_ratio": 1.21,
            "account_receivable_turnover_ratio": 1.1,
            "reinvestment_rate": 37.04,
            "research_to_sale_ratio": null,
            "price_fair": 97.65,
            "eps_avg_yearly": 2.79,
            "eps_latest_yearly": 1.88,
            "eps_growth_yearly": 89.05
        },
        "20173": {
            "year_quarter": 20173,
            "year": 2017,
            "quarter": 3,
            "eps": 0.65,
            "eps_growth_year": -29.35,
            "eps_4q": 2.08,
            "eps_4q_growth_year": -26.11,
            "roe": 3.74,
            "roe_4q": 11.16,
            "gross_profit": 118442,
            "gross_margin": 20.41,
            "gross_margin_4q_avg": 17.62,
            "net_income": 66697,
            "net_income_4q": null,
            "revenue": 580377,
            "revenue_4q": null,
            "common_shares": 442646,
            "book_valuer_per_share": 20.63,
            "book_valuer_per_share_4q_avg": 20.87,
            "equity": 1774423,
            "current_ratio": 163.16,
            "debt_ratio": 37.06,
            "inventory_turnover_ratio": 1.37,
            "account_receivable_turnover_ratio": 1.1,
            "reinvestment_rate": 38.95,
            "research_to_sale_ratio": null,
            "price_fair": 95.29,
            "eps_avg_yearly": 2.72,
            "eps_latest_yearly": 2.6,
            "eps_growth_yearly": 86.53
        },
        "20174": {
            "year_quarter": 20174,
            "year": 2017,
            "quarter": 4,
            "eps": 0.53,
            "eps_growth_year": -31.42,
            "eps_4q": 1.84,
            "eps_4q_growth_year": -37.45,
            "roe": 3.1,
            "roe_4q": 10.64,
            "gross_profit": 124803,
            "gross_margin": 19.57,
            "gross_margin_4q_avg": 17.94,
            "net_income": 55846,
            "net_income_4q": null,
            "revenue": 637728,
            "revenue_4q": null,
            "common_shares": 442646,
            "book_valuer_per_share": 21.15,
            "book_valuer_per_share_4q_avg": 20.81,
            "equity": 1828970,
            "current_ratio": 161.66,
            "debt_ratio": 35.32,
            "inventory_turnover_ratio": 1.6,
            "account_receivable_turnover_ratio": 1.11,
            "reinvestment_rate": 53.12,
            "research_to_sale_ratio": null,
            "price_fair": 90.74,
            "eps_avg_yearly": 2.59,
            "eps_latest_yearly": 2.12,
            "eps_growth_yearly": 78.38
        },
        "20181": {
            "year_quarter": 20181,
            "year": 2018,
            "quarter": 1,
            "eps": 0.34,
            "eps_growth_year": 78.95,
            "eps_4q": 2,
            "eps_4q_growth_year": -26.94,
            "roe": 2.07,
            "roe_4q": 11.16,
            "gross_profit": 88775,
            "gross_margin": 17.01,
            "gross_margin_4q_avg": 18.01,
            "net_income": 39801,
            "net_income_4q": null,
            "revenue": 521813,
            "revenue_4q": null,
            "common_shares": 442646,
            "book_valuer_per_share": 24.75,
            "book_valuer_per_share_4q_avg": 21.63,
            "equity": 2012090,
            "current_ratio": 174.34,
            "debt_ratio": 30.81,
            "inventory_turnover_ratio": 1.39,
            "account_receivable_turnover_ratio": 0.93,
            "reinvestment_rate": 12.57,
            "research_to_sale_ratio": null,
            "price_fair": 90.56,
            "eps_avg_yearly": 2.59,
            "eps_latest_yearly": 1.36,
            "eps_growth_yearly": 85.85
        },
        "20182": {
            "year_quarter": 20182,
            "year": 2018,
            "quarter": 2,
            "eps": 0.74,
            "eps_growth_year": 57.45,
            "eps_4q": 2.26,
            "eps_4q_growth_year": -3.9,
            "roe": 3,
            "roe_4q": 11.91,
            "gross_profit": 111126,
            "gross_margin": 19.19,
            "gross_margin_4q_avg": 19.05,
            "net_income": 60076,
            "net_income_4q": null,
            "revenue": 579217,
            "revenue_4q": null,
            "common_shares": 442646,
            "book_valuer_per_share": 23.8,
            "book_valuer_per_share_4q_avg": 22.58,
            "equity": 1999322,
            "current_ratio": 154.72,
            "debt_ratio": 37.03,
            "inventory_turnover_ratio": 1.3,
            "account_receivable_turnover_ratio": 1.03,
            "reinvestment_rate": 29.14,
            "research_to_sale_ratio": null,
            "price_fair": 89.86,
            "eps_avg_yearly": 2.57,
            "eps_latest_yearly": 2.96,
            "eps_growth_yearly": 83.32
        },
        "20183": {
            "year_quarter": 20183,
            "year": 2018,
            "quarter": 3,
            "eps": 0.59,
            "eps_growth_year": -9.23,
            "eps_4q": 2.2,
            "eps_4q_growth_year": 5.69,
            "roe": 2.66,
            "roe_4q": 10.83,
            "gross_profit": 107940,
            "gross_margin": 17.48,
            "gross_margin_4q_avg": 18.31,
            "net_income": 54136,
            "net_income_4q": null,
            "revenue": 617496,
            "revenue_4q": null,
            "common_shares": 442646,
            "book_valuer_per_share": 25.13,
            "book_valuer_per_share_4q_avg": 23.71,
            "equity": 2064750,
            "current_ratio": 144.15,
            "debt_ratio": 40.84,
            "inventory_turnover_ratio": 1.23,
            "account_receivable_turnover_ratio": 0.97,
            "reinvestment_rate": 36.12,
            "research_to_sale_ratio": null,
            "price_fair": 89.78,
            "eps_avg_yearly": 2.57,
            "eps_latest_yearly": 2.36,
            "eps_growth_yearly": 84.96
        },
        "20184": {
            "year_quarter": 20184,
            "year": 2018,
            "quarter": 4,
            "eps": 0.83,
            "eps_growth_year": 55.82,
            "eps_4q": 2.5,
            "eps_4q_growth_year": 35.84,
            "roe": 3.32,
            "roe_4q": 11.05,
            "gross_profit": 156647,
            "gross_margin": 23.17,
            "gross_margin_4q_avg": 19.21,
            "net_income": 68189,
            "net_income_4q": null,
            "revenue": 676170,
            "revenue_4q": null,
            "common_shares": 442646,
            "book_valuer_per_share": 26.17,
            "book_valuer_per_share_4q_avg": 24.96,
            "equity": 2043319,
            "current_ratio": 152.13,
            "debt_ratio": 37.08,
            "inventory_turnover_ratio": 1.22,
            "account_receivable_turnover_ratio": 1,
            "reinvestment_rate": 36.14,
            "research_to_sale_ratio": null,
            "price_fair": 91.26,
            "eps_avg_yearly": 2.61,
            "eps_latest_yearly": 3.32,
            "eps_growth_yearly": 92.63
        },
        "20191": {
            "year_quarter": 20191,
            "year": 2019,
            "quarter": 1,
            "eps": 0.42,
            "eps_growth_year": 23.53,
            "eps_4q": 2.58,
            "eps_4q_growth_year": 29.32,
            "roe": 2.19,
            "roe_4q": 11.17,
            "gross_profit": 97284,
            "gross_margin": 18.11,
            "gross_margin_4q_avg": 19.49,
            "net_income": 45798,
            "net_income_4q": null,
            "revenue": 537124,
            "revenue_4q": null,
            "common_shares": 442646,
            "book_valuer_per_share": 27.8,
            "book_valuer_per_share_4q_avg": 25.73,
            "equity": 2142695,
            "current_ratio": 160.68,
            "debt_ratio": 33.68,
            "inventory_turnover_ratio": 1.02,
            "account_receivable_turnover_ratio": 0.88,
            "reinvestment_rate": 33.93,
            "research_to_sale_ratio": null,
            "price_fair": 91.35,
            "eps_avg_yearly": 2.61,
            "eps_latest_yearly": 1.68,
            "eps_growth_yearly": 89.75
        },
        "20192": {
            "year_quarter": 20192,
            "year": 2019,
            "quarter": 2,
            "eps": 1.33,
            "eps_growth_year": 79.73,
            "eps_4q": 3.17,
            "eps_4q_growth_year": 40.39,
            "roe": 4.02,
            "roe_4q": 12.19,
            "gross_profit": 95932,
            "gross_margin": 15.81,
            "gross_margin_4q_avg": 18.64,
            "net_income": 85262,
            "net_income_4q": null,
            "revenue": 606828,
            "revenue_4q": null,
            "common_shares": 442646,
            "book_valuer_per_share": 26.11,
            "book_valuer_per_share_4q_avg": 26.3,
            "equity": 2094691,
            "current_ratio": 149.63,
            "debt_ratio": 35.67,
            "inventory_turnover_ratio": 1.19,
            "account_receivable_turnover_ratio": 1.02,
            "reinvestment_rate": 31.7,
            "research_to_sale_ratio": null,
            "price_fair": 92.14,
            "eps_avg_yearly": 2.63,
            "eps_latest_yearly": 5.32,
            "eps_growth_yearly": 93.3
        },
        "20193": {
            "year_quarter": 20193,
            "year": 2019,
            "quarter": 3,
            "eps": 0.75,
            "eps_growth_year": 27.12,
            "eps_4q": 3.38,
            "eps_4q_growth_year": 53.4,
            "roe": 3.16,
            "roe_4q": 12.69,
            "gross_profit": 114313,
            "gross_margin": 18.11,
            "gross_margin_4q_avg": 18.8,
            "net_income": 65288,
            "net_income_4q": null,
            "revenue": 631359,
            "revenue_4q": null,
            "common_shares": 442646,
            "book_valuer_per_share": 26.52,
            "book_valuer_per_share_4q_avg": 26.65,
            "equity": 2039513,
            "current_ratio": 135.45,
            "debt_ratio": 37.18,
            "inventory_turnover_ratio": 1.22,
            "account_receivable_turnover_ratio": 0.98,
            "reinvestment_rate": 32.26,
            "research_to_sale_ratio": null,
            "price_fair": 91.35,
            "eps_avg_yearly": 2.61,
            "eps_latest_yearly": 3,
            "eps_growth_yearly": 90.47
        },
        "20194": {
            "year_quarter": 20194,
            "year": 2019,
            "quarter": 4,
            "eps": 1.82,
            "eps_growth_year": 119.81,
            "eps_4q": 4.36,
            "eps_4q_growth_year": 74.47,
            "roe": 4.97,
            "roe_4q": 14.339999999999998,
            "gross_profit": 123227,
            "gross_margin": 17.05,
            "gross_margin_4q_avg": 17.27,
            "net_income": 104398,
            "net_income_4q": null,
            "revenue": 722623,
            "revenue_4q": null,
            "common_shares": 442646,
            "book_valuer_per_share": 28.71,
            "book_valuer_per_share_4q_avg": 27.29,
            "equity": 2159620,
            "current_ratio": 144.05,
            "debt_ratio": 37.8,
            "inventory_turnover_ratio": 1.38,
            "account_receivable_turnover_ratio": 1.09,
            "reinvestment_rate": 15.38,
            "research_to_sale_ratio": null,
            "price_fair": 101.59,
            "eps_avg_yearly": 2.9,
            "eps_latest_yearly": 7.28,
            "eps_growth_yearly": 131.79
        },
        "20201": {
            "year_quarter": 20201,
            "year": 2020,
            "quarter": 1,
            "eps": -1.36,
            "eps_growth_year": -423.81,
            "eps_4q": 2.53,
            "eps_4q_growth_year": -2.04,
            "roe": -1.46,
            "roe_4q": 10.69,
            "gross_profit": 99184,
            "gross_margin": 16.25,
            "gross_margin_4q_avg": 16.81,
            "net_income": -29928,
            "net_income_4q": null,
            "revenue": 610265,
            "revenue_4q": null,
            "common_shares": 442646,
            "book_valuer_per_share": 22.95,
            "book_valuer_per_share_4q_avg": 26.07,
            "equity": 1950057,
            "current_ratio": 143.51,
            "debt_ratio": 40.91,
            "inventory_turnover_ratio": 1.14,
            "account_receivable_turnover_ratio": 0.95,
            "reinvestment_rate": -3.79,
            "research_to_sale_ratio": null,
            "price_fair": 104.63,
            "eps_avg_yearly": 2.99,
            "eps_latest_yearly": 7.28,
            "eps_growth_yearly": 150.83
        },
        "20202": {
            "year_quarter": 20202,
            "year": 2020,
            "quarter": 2,
            "eps": 2.37,
            "eps_growth_year": 78.2,
            "eps_4q": 3.6,
            "eps_4q_growth_year": 13.5,
            "roe": 6.92,
            "roe_4q": 13.59,
            "gross_profit": 110830,
            "gross_margin": 16.25,
            "gross_margin_4q_avg": 16.92,
            "net_income": 137979,
            "net_income_4q": null,
            "revenue": 682008,
            "revenue_4q": null,
            "common_shares": 442646,
            "book_valuer_per_share": 26.58,
            "book_valuer_per_share_4q_avg": 26.19,
            "equity": 2039787,
            "current_ratio": 145.34,
            "debt_ratio": 40.12,
            "inventory_turnover_ratio": 1.25,
            "account_receivable_turnover_ratio": 1.07,
            "reinvestment_rate": -1.8,
            "research_to_sale_ratio": null,
            "price_fair": 103.6,
            "eps_avg_yearly": 2.96,
            "eps_latest_yearly": 7.28,
            "eps_growth_yearly": 129.46
        },
        "20203": {
            "year_quarter": 20203,
            "year": 2020,
            "quarter": 3,
            "eps": 0.75,
            "eps_growth_year": 0,
            "eps_4q": 3.81,
            "eps_4q_growth_year": 12.73,
            "roe": 3.37,
            "roe_4q": 13.799999999999997,
            "gross_profit": 119036,
            "gross_margin": 17.2,
            "gross_margin_4q_avg": 16.69,
            "net_income": 70048,
            "net_income_4q": null,
            "revenue": 692000,
            "revenue_4q": null,
            "common_shares": 416088,
            "book_valuer_per_share": 29.18,
            "book_valuer_per_share_4q_avg": 26.86,
            "equity": 2114555,
            "current_ratio": 146.54,
            "debt_ratio": 38.63,
            "inventory_turnover_ratio": 1.24,
            "account_receivable_turnover_ratio": 1.05,
            "reinvestment_rate": 1.71,
            "research_to_sale_ratio": null,
            "price_fair": 101.9,
            "eps_avg_yearly": 2.91,
            "eps_latest_yearly": 3,
            "eps_growth_yearly": 107.58
        },
        "20204": {
            "year_quarter": 20204,
            "year": 2020,
            "quarter": 4,
            "eps": 1.09,
            "eps_growth_year": -39.96,
            "eps_4q": 2.96,
            "eps_4q_growth_year": -32.03,
            "roe": 3.71,
            "roe_4q": 12.54,
            "gross_profit": 132556,
            "gross_margin": 17.24,
            "gross_margin_4q_avg": 16.74,
            "net_income": 81740,
            "net_income_4q": null,
            "revenue": 768765,
            "revenue_4q": null,
            "common_shares": 416088,
            "book_valuer_per_share": 32.6,
            "book_valuer_per_share_4q_avg": 27.83,
            "equity": 2292280,
            "current_ratio": 154.58,
            "debt_ratio": 38.9,
            "inventory_turnover_ratio": 1.29,
            "account_receivable_turnover_ratio": 1.13,
            "reinvestment_rate": 7.77,
            "research_to_sale_ratio": null,
            "price_fair": 105,
            "eps_avg_yearly": 3,
            "eps_latest_yearly": 4.36,
            "eps_growth_yearly": 124.88
        },
        "20211": {
            "year_quarter": 20211,
            "year": 2021,
            "quarter": 1,
            "eps": 0.75,
            "eps_growth_year": null,
            "eps_4q": 5.17,
            "eps_4q_growth_year": 104.45,
            "roe": 2.87,
            "roe_4q": 16.869999999999997,
            "gross_profit": 112967,
            "gross_margin": 15.83,
            "gross_margin_4q_avg": 16.63,
            "net_income": 65674,
            "net_income_4q": null,
            "revenue": 713505,
            "revenue_4q": null,
            "common_shares": 416088,
            "book_valuer_per_share": 31.43,
            "book_valuer_per_share_4q_avg": 29.95,
            "equity": 2278530,
            "current_ratio": 147.29,
            "debt_ratio": 38.35,
            "inventory_turnover_ratio": 1.13,
            "account_receivable_turnover_ratio": 1.03,
            "reinvestment_rate": -11.33,
            "research_to_sale_ratio": 0.56,
            "price_fair": 110.6,
            "eps_avg_yearly": 3.16,
            "eps_latest_yearly": 3,
            "eps_growth_yearly": 137.58
        },
        "20212": {
            "year_quarter": 20212,
            "year": 2021,
            "quarter": 2,
            "eps": 1.5,
            "eps_growth_year": -36.71,
            "eps_4q": 4.14,
            "eps_4q_growth_year": 14.84,
            "roe": 4.32,
            "roe_4q": 14.27,
            "gross_profit": 116585,
            "gross_margin": 15.41,
            "gross_margin_4q_avg": 16.42,
            "net_income": 97014,
            "net_income_4q": null,
            "revenue": 756387,
            "revenue_4q": null,
            "common_shares": 416088,
            "book_valuer_per_share": 31.61,
            "book_valuer_per_share_4q_avg": 31.21,
            "equity": 2208110,
            "current_ratio": 136.52,
            "debt_ratio": 41.63,
            "inventory_turnover_ratio": 1.15,
            "account_receivable_turnover_ratio": 1.04,
            "reinvestment_rate": -18.34,
            "research_to_sale_ratio": 0.53,
            "price_fair": 120.9,
            "eps_avg_yearly": 3.45,
            "eps_latest_yearly": 6,
            "eps_growth_yearly": 124.04
        },
        "20213": {
            "year_quarter": 20213,
            "year": 2021,
            "quarter": 3,
            "eps": 0.53,
            "eps_growth_year": -29.33,
            "eps_4q": 3.86,
            "eps_4q_growth_year": 1.27,
            "roe": 3.07,
            "roe_4q": 13.970000000000002,
            "gross_profit": 139210,
            "gross_margin": 17.84,
            "gross_margin_4q_avg": 16.58,
            "net_income": 68698,
            "net_income_4q": null,
            "revenue": 780542,
            "revenue_4q": null,
            "common_shares": 416088,
            "book_valuer_per_share": 32.13,
            "book_valuer_per_share_4q_avg": 31.94,
            "equity": 2272326,
            "current_ratio": 140.95,
            "debt_ratio": 41.13,
            "inventory_turnover_ratio": 1.06,
            "account_receivable_turnover_ratio": 1.01,
            "reinvestment_rate": -24.26,
            "research_to_sale_ratio": 0.55,
            "price_fair": 119.7,
            "eps_avg_yearly": 3.42,
            "eps_latest_yearly": 2.12,
            "eps_growth_yearly": 94.63
        },
        "20214": {
            "year_quarter": 20214,
            "year": 2021,
            "quarter": 4,
            "eps": 1.86,
            "eps_growth_year": 69.65,
            "eps_4q": 4.63,
            "eps_4q_growth_year": 56.07,
            "roe": 5.49,
            "roe_4q": 15.75,
            "gross_profit": 176467,
            "gross_margin": 20.27,
            "gross_margin_4q_avg": 17.34,
            "net_income": 128392,
            "net_income_4q": null,
            "revenue": 870381,
            "revenue_4q": null,
            "common_shares": 416088,
            "book_valuer_per_share": 34.21,
            "book_valuer_per_share_4q_avg": 32.35,
            "equity": 2405498,
            "current_ratio": 136.95,
            "debt_ratio": 42.8,
            "inventory_turnover_ratio": 0.99,
            "account_receivable_turnover_ratio": 1.05,
            "reinvestment_rate": -24.5,
            "research_to_sale_ratio": 0.48,
            "price_fair": 133,
            "eps_avg_yearly": 3.8,
            "eps_latest_yearly": 7.44,
            "eps_growth_yearly": 171.6
        },
        "20221": {
            "year_quarter": 20221,
            "year": 2022,
            "quarter": 1,
            "eps": 1.13,
            "eps_growth_year": 50.67,
            "eps_4q": 4.97,
            "eps_4q_growth_year": -3.8,
            "roe": 4.72,
            "roe_4q": 17.6,
            "gross_profit": 177881,
            "gross_margin": 20.28,
            "gross_margin_4q_avg": 18.45,
            "net_income": 112881,
            "net_income_4q": null,
            "revenue": 877304,
            "revenue_4q": null,
            "common_shares": 416088,
            "book_valuer_per_share": 31.67,
            "book_valuer_per_share_4q_avg": 32.41,
            "equity": 2377604,
            "current_ratio": 144.04,
            "debt_ratio": 43.06,
            "inventory_turnover_ratio": 0.95,
            "account_receivable_turnover_ratio": 1,
            "reinvestment_rate": 3.12,
            "research_to_sale_ratio": 0.41,
            "price_fair": 140.9,
            "eps_avg_yearly": 4.03,
            "eps_latest_yearly": 4.52,
            "eps_growth_yearly": 170.63
        },
        "20222": {
            "year_quarter": 20222,
            "year": 2022,
            "quarter": 2,
            "eps": 1.79,
            "eps_growth_year": 19.33,
            "eps_4q": 5.27,
            "eps_4q_growth_year": 27.34,
            "roe": 6.03,
            "roe_4q": 19.310000000000002,
            "gross_profit": 179492,
            "gross_margin": 18.69,
            "gross_margin_4q_avg": 19.27,
            "net_income": 141388,
            "net_income_4q": null,
            "revenue": 960367,
            "revenue_4q": null,
            "common_shares": 416088,
            "book_valuer_per_share": 31.61,
            "book_valuer_per_share_4q_avg": 32.41,
            "equity": 2310767,
            "current_ratio": 136.37,
            "debt_ratio": 48.13,
            "inventory_turnover_ratio": 0.97,
            "account_receivable_turnover_ratio": 1.05,
            "reinvestment_rate": -4.74,
            "research_to_sale_ratio": 0.74,
            "price_fair": 151.4,
            "eps_avg_yearly": 4.33,
            "eps_latest_yearly": 7.16,
            "eps_growth_yearly": 153.7
        },
        "20223": {
            "year_quarter": 20223,
            "year": 2022,
            "quarter": 3,
            "eps": 0.78,
            "eps_growth_year": 47.17,
            "eps_4q": 5.52,
            "eps_4q_growth_year": 43.08,
            "roe": 3.22,
            "roe_4q": 19.46,
            "gross_profit": 153900,
            "gross_margin": 15.75,
            "gross_margin_4q_avg": 18.75,
            "net_income": 76290,
            "net_income_4q": null,
            "revenue": 976924,
            "revenue_4q": null,
            "common_shares": 416088,
            "book_valuer_per_share": 33.01,
            "book_valuer_per_share_4q_avg": 32.63,
            "equity": 2425339,
            "current_ratio": 134.62,
            "debt_ratio": 49.02,
            "inventory_turnover_ratio": 0.84,
            "account_receivable_turnover_ratio": 1.01,
            "reinvestment_rate": 3.89,
            "research_to_sale_ratio": 1.3,
            "price_fair": 153.3,
            "eps_avg_yearly": 4.38,
            "eps_latest_yearly": 3.12,
            "eps_growth_yearly": 143.37
        },
        "20224": {
            "year_quarter": 20224,
            "year": 2022,
            "quarter": 4,
            "eps": 0.54,
            "eps_growth_year": -71.09,
            "eps_4q": 4.21,
            "eps_4q_growth_year": -8.94,
            "roe": 1.71,
            "roe_4q": 15.68,
            "gross_profit": 139011,
            "gross_margin": 13.78,
            "gross_margin_4q_avg": 17.13,
            "net_income": 41456,
            "net_income_4q": null,
            "revenue": 1008805,
            "revenue_4q": null,
            "common_shares": 416088,
            "book_valuer_per_share": 33.09,
            "book_valuer_per_share_4q_avg": 32.35,
            "equity": 2428197,
            "current_ratio": 138.26,
            "debt_ratio": 50.12,
            "inventory_turnover_ratio": 0.77,
            "account_receivable_turnover_ratio": 1.04,
            "reinvestment_rate": 5.19,
            "research_to_sale_ratio": 2.06,
            "price_fair": 150.4,
            "eps_avg_yearly": 4.3,
            "eps_latest_yearly": 2.16,
            "eps_growth_yearly": 122.96
        },
        "20231": {
            "year_quarter": 20231,
            "year": 2023,
            "quarter": 1,
            "eps": 1.3,
            "eps_growth_year": 15.04,
            "eps_4q": 4.39,
            "eps_4q_growth_year": -11.62,
            "roe": 3.64,
            "roe_4q": 14.600000000000001,
            "gross_profit": 119019,
            "gross_margin": 14.54,
            "gross_margin_4q_avg": 15.69,
            "net_income": 88546,
            "net_income_4q": null,
            "revenue": 818516,
            "revenue_4q": null,
            "common_shares": 416088,
            "book_valuer_per_share": 32.18,
            "book_valuer_per_share_4q_avg": 32.47,
            "equity": 2442718,
            "current_ratio": 133.84,
            "debt_ratio": 47.71,
            "inventory_turnover_ratio": 0.61,
            "account_receivable_turnover_ratio": 0.94,
            "reinvestment_rate": 18.52,
            "research_to_sale_ratio": 0.63,
            "price_fair": 159.2,
            "eps_avg_yearly": 4.55,
            "eps_latest_yearly": 5.2,
            "eps_growth_yearly": 177.28
        },
        "20232": {
            "year_quarter": 20232,
            "year": 2023,
            "quarter": 2,
            "eps": 0.63,
            "eps_growth_year": -64.8,
            "eps_4q": 3.24,
            "eps_4q_growth_year": -38.46,
            "roe": 2.23,
            "roe_4q": 10.8,
            "gross_profit": 130882,
            "gross_margin": 15.19,
            "gross_margin_4q_avg": 14.82,
            "net_income": 54074,
            "net_income_4q": null,
            "revenue": 861607,
            "revenue_4q": null,
            "common_shares": 416088,
            "book_valuer_per_share": 33.76,
            "book_valuer_per_share_4q_avg": 33.01,
            "equity": 2406057,
            "current_ratio": 129.24,
            "debt_ratio": 46.33,
            "inventory_turnover_ratio": 0.73,
            "account_receivable_turnover_ratio": 1.11,
            "reinvestment_rate": 29.41,
            "research_to_sale_ratio": 0.72,
            "price_fair": 152.2,
            "eps_avg_yearly": 4.35,
            "eps_latest_yearly": 2.52,
            "eps_growth_yearly": 100.65
        },
        "20233": {
            "year_quarter": 20233,
            "year": 2023,
            "quarter": 3,
            "eps": 2.05,
            "eps_growth_year": 162.82,
            "eps_4q": 4.52,
            "eps_4q_growth_year": -18.12,
            "roe": 5.38,
            "roe_4q": 12.96,
            "gross_profit": 141970,
            "gross_margin": 14.54,
            "gross_margin_4q_avg": 14.51,
            "net_income": 133541,
            "net_income_4q": null,
            "revenue": 976585,
            "revenue_4q": null,
            "common_shares": 416088,
            "book_valuer_per_share": 36.28,
            "book_valuer_per_share_4q_avg": 33.83,
            "equity": 2562133,
            "current_ratio": 131.94,
            "debt_ratio": 45.92,
            "inventory_turnover_ratio": 0.9,
            "account_receivable_turnover_ratio": 1.14,
            "reinvestment_rate": 41.93,
            "research_to_sale_ratio": 0.4,
            "price_fair": 165.2,
            "eps_avg_yearly": 4.72,
            "eps_latest_yearly": 8.2,
            "eps_growth_yearly": 177.51
        }
    },
    "months": {
        "2001-06": {
            "month": "2001-06",
            "price": "52.82",
            "revenue": 46098
        },
        "2001-07": {
            "month": "2001-07",
            "price": "45.15",
            "revenue": 53389
        },
        "2001-08": {
            "month": "2001-08",
            "price": "35.20",
            "revenue": 50237
        },
        "2001-09": {
            "month": "2001-09",
            "price": "29.46",
            "revenue": 28526
        },
        "2001-10": {
            "month": "2001-10",
            "price": "24.30",
            "revenue": 39360
        },
        "2001-11": {
            "month": "2001-11",
            "price": "26.79",
            "revenue": 29729
        },
        "2001-12": {
            "month": "2001-12",
            "price": "34.75",
            "revenue": 38295
        },
        "2002-01": {
            "month": "2002-01",
            "price": "36.25",
            "revenue": 23698
        },
        "2002-02": {
            "month": "2002-02",
            "price": "35.48",
            "revenue": 33640
        },
        "2002-03": {
            "month": "2002-03",
            "price": "34.62",
            "revenue": 30915
        },
        "2002-04": {
            "month": "2002-04",
            "price": "33.25",
            "revenue": 27105
        },
        "2002-05": {
            "month": "2002-05",
            "price": "28.56",
            "revenue": 40903
        },
        "2002-06": {
            "month": "2002-06",
            "price": "26.97",
            "revenue": 35535
        },
        "2002-07": {
            "month": "2002-07",
            "price": "25.20",
            "revenue": 42115
        },
        "2002-08": {
            "month": "2002-08",
            "price": "17.87",
            "revenue": 31457
        },
        "2002-09": {
            "month": "2002-09",
            "price": "19.72",
            "revenue": 38973
        },
        "2002-10": {
            "month": "2002-10",
            "price": "17.00",
            "revenue": 43494
        },
        "2002-11": {
            "month": "2002-11",
            "price": "16.46",
            "revenue": 75377
        },
        "2002-12": {
            "month": "2002-12",
            "price": "16.74",
            "revenue": 84239
        },
        "2003-01": {
            "month": "2003-01",
            "price": "15.45",
            "revenue": 40936
        },
        "2003-02": {
            "month": "2003-02",
            "price": "14.32",
            "revenue": 32031
        },
        "2003-03": {
            "month": "2003-03",
            "price": "13.97",
            "revenue": 42254
        },
        "2003-04": {
            "month": "2003-04",
            "price": "15.41",
            "revenue": 45669
        },
        "2003-05": {
            "month": "2003-05",
            "price": "15.70",
            "revenue": 46588
        },
        "2003-06": {
            "month": "2003-06",
            "price": "15.90",
            "revenue": 42960
        },
        "2003-07": {
            "month": "2003-07",
            "price": "15.42",
            "revenue": 56686
        },
        "2003-08": {
            "month": "2003-08",
            "price": "13.96",
            "revenue": 64887
        },
        "2003-09": {
            "month": "2003-09",
            "price": "13.53",
            "revenue": 69168
        },
        "2003-10": {
            "month": "2003-10",
            "price": "13.61",
            "revenue": 69545
        },
        "2003-11": {
            "month": "2003-11",
            "price": "14.70",
            "revenue": 45831
        },
        "2003-12": {
            "month": "2003-12",
            "price": "15.39",
            "revenue": 66183
        },
        "2004-01": {
            "month": "2004-01",
            "price": "15.33",
            "revenue": 31434
        },
        "2004-02": {
            "month": "2004-02",
            "price": "20.49",
            "revenue": 45296
        },
        "2004-03": {
            "month": "2004-03",
            "price": "22.18",
            "revenue": 53795
        },
        "2004-04": {
            "month": "2004-04",
            "price": "21.45",
            "revenue": 49461
        },
        "2004-05": {
            "month": "2004-05",
            "price": "18.22",
            "revenue": 65147
        },
        "2004-06": {
            "month": "2004-06",
            "price": "17.67",
            "revenue": 98210
        },
        "2004-07": {
            "month": "2004-07",
            "price": "15.52",
            "revenue": 54173
        },
        "2004-08": {
            "month": "2004-08",
            "price": "13.74",
            "revenue": 47678
        },
        "2004-09": {
            "month": "2004-09",
            "price": "12.93",
            "revenue": 60319
        },
        "2004-10": {
            "month": "2004-10",
            "price": "11.91",
            "revenue": 46249
        },
        "2004-11": {
            "month": "2004-11",
            "price": "12.26",
            "revenue": 46404
        },
        "2004-12": {
            "month": "2004-12",
            "price": "12.89",
            "revenue": 66463
        },
        "2005-01": {
            "month": "2005-01",
            "price": "12.96",
            "revenue": 42008
        },
        "2005-02": {
            "month": "2005-02",
            "price": "13.57",
            "revenue": 53739
        },
        "2005-03": {
            "month": "2005-03",
            "price": "14.08",
            "revenue": 58766
        },
        "2005-04": {
            "month": "2005-04",
            "price": "13.51",
            "revenue": 53992
        },
        "2005-05": {
            "month": "2005-05",
            "price": "13.07",
            "revenue": 105437
        },
        "2005-06": {
            "month": "2005-06",
            "price": "14.59",
            "revenue": 58015
        },
        "2005-07": {
            "month": "2005-07",
            "price": "14.80",
            "revenue": 31727
        },
        "2005-08": {
            "month": "2005-08",
            "price": "12.85",
            "revenue": 64325
        },
        "2005-09": {
            "month": "2005-09",
            "price": "10.60",
            "revenue": 61158
        },
        "2005-10": {
            "month": "2005-10",
            "price": "10.05",
            "revenue": 47638
        },
        "2005-11": {
            "month": "2005-11",
            "price": "9.24",
            "revenue": 77041
        },
        "2005-12": {
            "month": "2005-12",
            "price": "12.25",
            "revenue": 88413
        },
        "2006-01": {
            "month": "2006-01",
            "price": "11.64",
            "revenue": 57972
        },
        "2006-02": {
            "month": "2006-02",
            "price": "11.59",
            "revenue": 79060
        },
        "2006-03": {
            "month": "2006-03",
            "price": "11.97",
            "revenue": 77131
        },
        "2006-04": {
            "month": "2006-04",
            "price": "13.78",
            "revenue": 74831
        },
        "2006-05": {
            "month": "2006-05",
            "price": "15.79",
            "revenue": 103343
        },
        "2006-06": {
            "month": "2006-06",
            "price": "14.95",
            "revenue": 122737
        },
        "2006-07": {
            "month": "2006-07",
            "price": "14.91",
            "revenue": 94748
        },
        "2006-08": {
            "month": "2006-08",
            "price": "15.35",
            "revenue": 31963
        },
        "2006-09": {
            "month": "2006-09",
            "price": "16.04",
            "revenue": 26232
        },
        "2006-10": {
            "month": "2006-10",
            "price": "13.95",
            "revenue": 54779
        },
        "2006-11": {
            "month": "2006-11",
            "price": "12.94",
            "revenue": 49650
        },
        "2006-12": {
            "month": "2006-12",
            "price": "14.05",
            "revenue": 38938
        },
        "2007-01": {
            "month": "2007-01",
            "price": "14.36",
            "revenue": 36219
        },
        "2007-02": {
            "month": "2007-02",
            "price": "14.06",
            "revenue": 37440
        },
        "2007-03": {
            "month": "2007-03",
            "price": "13.85",
            "revenue": 50371
        },
        "2007-04": {
            "month": "2007-04",
            "price": "15.84",
            "revenue": 36294
        },
        "2007-05": {
            "month": "2007-05",
            "price": "15.51",
            "revenue": 38740
        },
        "2007-06": {
            "month": "2007-06",
            "price": "17.55",
            "revenue": 53900
        },
        "2007-07": {
            "month": "2007-07",
            "price": "25.10",
            "revenue": 58805
        },
        "2007-08": {
            "month": "2007-08",
            "price": "22.47",
            "revenue": 39224
        },
        "2007-09": {
            "month": "2007-09",
            "price": "21.13",
            "revenue": 88560
        },
        "2007-10": {
            "month": "2007-10",
            "price": "20.36",
            "revenue": 41995
        },
        "2007-11": {
            "month": "2007-11",
            "price": "19.44",
            "revenue": 42784
        },
        "2007-12": {
            "month": "2007-12",
            "price": "18.06",
            "revenue": 61844
        },
        "2008-01": {
            "month": "2008-01",
            "price": "17.14",
            "revenue": 51746
        },
        "2008-02": {
            "month": "2008-02",
            "price": "15.42",
            "revenue": 47633
        },
        "2008-03": {
            "month": "2008-03",
            "price": "17.38",
            "revenue": 59516
        },
        "2008-04": {
            "month": "2008-04",
            "price": "22.67",
            "revenue": 43264
        },
        "2008-05": {
            "month": "2008-05",
            "price": "28.37",
            "revenue": 48290
        },
        "2008-06": {
            "month": "2008-06",
            "price": "22.68",
            "revenue": 139251
        },
        "2008-07": {
            "month": "2008-07",
            "price": "22.92",
            "revenue": 50756
        },
        "2008-08": {
            "month": "2008-08",
            "price": "22.41",
            "revenue": 46381
        },
        "2008-09": {
            "month": "2008-09",
            "price": "15.14",
            "revenue": 61020
        },
        "2008-10": {
            "month": "2008-10",
            "price": "12.18",
            "revenue": 58663
        },
        "2008-11": {
            "month": "2008-11",
            "price": "11.07",
            "revenue": 50110
        },
        "2008-12": {
            "month": "2008-12",
            "price": "11.22",
            "revenue": 38505
        },
        "2009-01": {
            "month": "2009-01",
            "price": "11.93",
            "revenue": 21264
        },
        "2009-02": {
            "month": "2009-02",
            "price": "10.95",
            "revenue": 31083
        },
        "2009-03": {
            "month": "2009-03",
            "price": "11.54",
            "revenue": 124139
        },
        "2009-04": {
            "month": "2009-04",
            "price": "13.56",
            "revenue": 27333
        },
        "2009-05": {
            "month": "2009-05",
            "price": "12.95",
            "revenue": 28728
        },
        "2009-06": {
            "month": "2009-06",
            "price": "12.26",
            "revenue": 40537
        },
        "2009-07": {
            "month": "2009-07",
            "price": "12.58",
            "revenue": 36434
        },
        "2009-08": {
            "month": "2009-08",
            "price": "14.86",
            "revenue": 37204
        },
        "2009-09": {
            "month": "2009-09",
            "price": "17.22",
            "revenue": 38312
        },
        "2009-10": {
            "month": "2009-10",
            "price": "18.32",
            "revenue": 36033
        },
        "2009-11": {
            "month": "2009-11",
            "price": "17.92",
            "revenue": 50788
        },
        "2009-12": {
            "month": "2009-12",
            "price": "19.36",
            "revenue": 56954
        },
        "2010-01": {
            "month": "2010-01",
            "price": "21.20",
            "revenue": 33779
        },
        "2010-02": {
            "month": "2010-02",
            "price": "19.82",
            "revenue": 35107
        },
        "2010-03": {
            "month": "2010-03",
            "price": "24.59",
            "revenue": 40201
        },
        "2010-04": {
            "month": "2010-04",
            "price": "29.32",
            "revenue": 52575
        },
        "2010-05": {
            "month": "2010-05",
            "price": "26.51",
            "revenue": 51656
        },
        "2010-06": {
            "month": "2010-06",
            "price": "26.17",
            "revenue": 53776
        },
        "2010-07": {
            "month": "2010-07",
            "price": "26.87",
            "revenue": 50368
        },
        "2010-08": {
            "month": "2010-08",
            "price": "32.60",
            "revenue": 57463
        },
        "2010-09": {
            "month": "2010-09",
            "price": "35.43",
            "revenue": 48357
        },
        "2010-10": {
            "month": "2010-10",
            "price": "34.00",
            "revenue": 53107
        },
        "2010-11": {
            "month": "2010-11",
            "price": "30.84",
            "revenue": 40557
        },
        "2010-12": {
            "month": "2010-12",
            "price": "32.08",
            "revenue": 71161
        },
        "2011-01": {
            "month": "2011-01",
            "price": "33.70",
            "revenue": 34703
        },
        "2011-02": {
            "month": "2011-02",
            "price": "32.83",
            "revenue": 51273
        },
        "2011-03": {
            "month": "2011-03",
            "price": "35.22",
            "revenue": 60928
        },
        "2011-04": {
            "month": "2011-04",
            "price": "35.72",
            "revenue": 52450
        },
        "2011-05": {
            "month": "2011-05",
            "price": "38.79",
            "revenue": 61021
        },
        "2011-06": {
            "month": "2011-06",
            "price": "38.45",
            "revenue": 54734
        },
        "2011-07": {
            "month": "2011-07",
            "price": "36.22",
            "revenue": 48829
        },
        "2011-08": {
            "month": "2011-08",
            "price": "34.09",
            "revenue": 60012
        },
        "2011-09": {
            "month": "2011-09",
            "price": "33.30",
            "revenue": 58339
        },
        "2011-10": {
            "month": "2011-10",
            "price": "31.26",
            "revenue": 41444
        },
        "2011-11": {
            "month": "2011-11",
            "price": "29.40",
            "revenue": 39442
        },
        "2011-12": {
            "month": "2011-12",
            "price": "25.10",
            "revenue": 43113
        },
        "2012-01": {
            "month": "2012-01",
            "price": "24.45",
            "revenue": 52446
        },
        "2012-02": {
            "month": "2012-02",
            "price": "29.19",
            "revenue": 45278
        },
        "2012-03": {
            "month": "2012-03",
            "price": "29.73",
            "revenue": 38160
        },
        "2012-04": {
            "month": "2012-04",
            "price": "25.19",
            "revenue": 35824
        },
        "2012-05": {
            "month": "2012-05",
            "price": "24.64",
            "revenue": 41485
        },
        "2012-06": {
            "month": "2012-06",
            "price": "23.72",
            "revenue": 45264
        },
        "2012-07": {
            "month": "2012-07",
            "price": "23.27",
            "revenue": 36295
        },
        "2012-08": {
            "month": "2012-08",
            "price": "23.10",
            "revenue": 33553
        },
        "2012-09": {
            "month": "2012-09",
            "price": "22.04",
            "revenue": 42219
        },
        "2012-10": {
            "month": "2012-10",
            "price": "21.20",
            "revenue": 33298
        },
        "2012-11": {
            "month": "2012-11",
            "price": "20.20",
            "revenue": 30661
        },
        "2012-12": {
            "month": "2012-12",
            "price": "20.99",
            "revenue": 68052
        },
        "2013-01": {
            "month": "2013-01",
            "price": "21.71",
            "revenue": 133184
        },
        "2013-02": {
            "month": "2013-02",
            "price": "23.51",
            "revenue": 104037
        },
        "2013-03": {
            "month": "2013-03",
            "price": "24.55",
            "revenue": 126423
        },
        "2013-04": {
            "month": "2013-04",
            "price": "25.10",
            "revenue": 137779
        },
        "2013-05": {
            "month": "2013-05",
            "price": "25.26",
            "revenue": 138346
        },
        "2013-06": {
            "month": "2013-06",
            "price": "25.98",
            "revenue": 300116
        },
        "2013-07": {
            "month": "2013-07",
            "price": "30.51",
            "revenue": 299871
        },
        "2013-08": {
            "month": "2013-08",
            "price": "34.02",
            "revenue": 135811
        },
        "2013-09": {
            "month": "2013-09",
            "price": "28.99",
            "revenue": 128712
        },
        "2013-10": {
            "month": "2013-10",
            "price": "27.84",
            "revenue": 135996
        },
        "2013-11": {
            "month": "2013-11",
            "price": "27.95",
            "revenue": 123964
        },
        "2013-12": {
            "month": "2013-12",
            "price": "28.11",
            "revenue": 138435
        },
        "2014-01": {
            "month": "2014-01",
            "price": "29.56",
            "revenue": 128863
        },
        "2014-02": {
            "month": "2014-02",
            "price": "31.16",
            "revenue": 132865
        },
        "2014-03": {
            "month": "2014-03",
            "price": "32.69",
            "revenue": 145934
        },
        "2014-04": {
            "month": "2014-04",
            "price": "32.73",
            "revenue": 164155
        },
        "2014-05": {
            "month": "2014-05",
            "price": "31.13",
            "revenue": 162377
        },
        "2014-06": {
            "month": "2014-06",
            "price": "32.21",
            "revenue": 161701
        },
        "2014-07": {
            "month": "2014-07",
            "price": "33.28",
            "revenue": 147550
        },
        "2014-08": {
            "month": "2014-08",
            "price": "29.09",
            "revenue": 154947
        },
        "2014-09": {
            "month": "2014-09",
            "price": "28.97",
            "revenue": 149887
        },
        "2014-10": {
            "month": "2014-10",
            "price": "27.73",
            "revenue": 147002
        },
        "2014-11": {
            "month": "2014-11",
            "price": "26.98",
            "revenue": 145572
        },
        "2014-12": {
            "month": "2014-12",
            "price": "27.50",
            "revenue": 185317
        },
        "2015-01": {
            "month": "2015-01",
            "price": "28.94",
            "revenue": 132621
        },
        "2015-02": {
            "month": "2015-02",
            "price": "29.03",
            "revenue": 129242
        },
        "2015-03": {
            "month": "2015-03",
            "price": "29.46",
            "revenue": 155738
        },
        "2015-04": {
            "month": "2015-04",
            "price": "30.98",
            "revenue": 158000
        },
        "2015-05": {
            "month": "2015-05",
            "price": "31.36",
            "revenue": 302069
        },
        "2015-06": {
            "month": "2015-06",
            "price": "34.62",
            "revenue": 301724
        },
        "2015-07": {
            "month": "2015-07",
            "price": "36.97",
            "revenue": 285626
        },
        "2015-08": {
            "month": "2015-08",
            "price": "31.59",
            "revenue": 153406
        },
        "2015-09": {
            "month": "2015-09",
            "price": "29.66",
            "revenue": 151564
        },
        "2015-10": {
            "month": "2015-10",
            "price": "30.88",
            "revenue": 148079
        },
        "2015-11": {
            "month": "2015-11",
            "price": "32.38",
            "revenue": 162389
        },
        "2015-12": {
            "month": "2015-12",
            "price": "32.65",
            "revenue": 190613
        },
        "2016-01": {
            "month": "2016-01",
            "price": "30.52",
            "revenue": 141453
        },
        "2016-02": {
            "month": "2016-02",
            "price": "31.78",
            "revenue": 137958
        },
        "2016-03": {
            "month": "2016-03",
            "price": "32.83",
            "revenue": 165302
        },
        "2016-04": {
            "month": "2016-04",
            "price": "32.52",
            "revenue": 162009
        },
        "2016-05": {
            "month": "2016-05",
            "price": "32.11",
            "revenue": 177627
        },
        "2016-06": {
            "month": "2016-06",
            "price": "31.25",
            "revenue": 208505
        },
        "2016-07": {
            "month": "2016-07",
            "price": "30.20",
            "revenue": 179069
        },
        "2016-08": {
            "month": "2016-08",
            "price": "29.43",
            "revenue": 184507
        },
        "2016-09": {
            "month": "2016-09",
            "price": "29.90",
            "revenue": 173274
        },
        "2016-10": {
            "month": "2016-10",
            "price": "29.95",
            "revenue": 183941
        },
        "2016-11": {
            "month": "2016-11",
            "price": "29.64",
            "revenue": 195890
        },
        "2016-12": {
            "month": "2016-12",
            "price": "30.62",
            "revenue": 223937
        },
        "2017-01": {
            "month": "2017-01",
            "price": "31.44",
            "revenue": 162338
        },
        "2017-02": {
            "month": "2017-02",
            "price": "31.89",
            "revenue": 151162
        },
        "2017-03": {
            "month": "2017-03",
            "price": "32.20",
            "revenue": 166229
        },
        "2017-04": {
            "month": "2017-04",
            "price": "31.63",
            "revenue": 161105
        },
        "2017-05": {
            "month": "2017-05",
            "price": "30.20",
            "revenue": 160530
        },
        "2017-06": {
            "month": "2017-06",
            "price": "29.45",
            "revenue": 214802
        },
        "2017-07": {
            "month": "2017-07",
            "price": "28.81",
            "revenue": 187800
        },
        "2017-08": {
            "month": "2017-08",
            "price": "27.87",
            "revenue": 204615
        },
        "2017-09": {
            "month": "2017-09",
            "price": "27.44",
            "revenue": 192457
        },
        "2017-10": {
            "month": "2017-10",
            "price": "27.29",
            "revenue": 191007
        },
        "2017-11": {
            "month": "2017-11",
            "price": "27.00",
            "revenue": 194951
        },
        "2017-12": {
            "month": "2017-12",
            "price": "26.68",
            "revenue": 211449
        },
        "2018-01": {
            "month": "2018-01",
            "price": "26.77",
            "revenue": 165936
        },
        "2018-02": {
            "month": "2018-02",
            "price": "26.73",
            "revenue": 157990
        },
        "2018-03": {
            "month": "2018-03",
            "price": "26.93",
            "revenue": 191193
        },
        "2018-04": {
            "month": "2018-04",
            "price": "26.95",
            "revenue": 180188
        },
        "2018-05": {
            "month": "2018-05",
            "price": "27.68",
            "revenue": 182711
        },
        "2018-06": {
            "month": "2018-06",
            "price": "28.14",
            "revenue": 212237
        },
        "2018-07": {
            "month": "2018-07",
            "price": "28.28",
            "revenue": 197882
        },
        "2018-08": {
            "month": "2018-08",
            "price": "27.17",
            "revenue": 207098
        },
        "2018-09": {
            "month": "2018-09",
            "price": "27.41",
            "revenue": 205818
        },
        "2018-10": {
            "month": "2018-10",
            "price": "27.10",
            "revenue": 224164
        },
        "2018-11": {
            "month": "2018-11",
            "price": "27.12",
            "revenue": 220161
        },
        "2018-12": {
            "month": "2018-12",
            "price": "27.92",
            "revenue": 358046
        },
        "2019-01": {
            "month": "2019-01",
            "price": "28.68",
            "revenue": 199910
        },
        "2019-02": {
            "month": "2019-02",
            "price": "29.15",
            "revenue": 160906
        },
        "2019-03": {
            "month": "2019-03",
            "price": "29.13",
            "revenue": 176305
        },
        "2019-04": {
            "month": "2019-04",
            "price": "29.34",
            "revenue": 194224
        },
        "2019-05": {
            "month": "2019-05",
            "price": "29.19",
            "revenue": 202795
        },
        "2019-06": {
            "month": "2019-06",
            "price": "29.22",
            "revenue": 209813
        },
        "2019-07": {
            "month": "2019-07",
            "price": "29.72",
            "revenue": 201509
        },
        "2019-08": {
            "month": "2019-08",
            "price": "31.00",
            "revenue": 228739
        },
        "2019-09": {
            "month": "2019-09",
            "price": "31.53",
            "revenue": 201109
        },
        "2019-10": {
            "month": "2019-10",
            "price": "31.18",
            "revenue": 223903
        },
        "2019-11": {
            "month": "2019-11",
            "price": "33.15",
            "revenue": 212689
        },
        "2019-12": {
            "month": "2019-12",
            "price": "35.91",
            "revenue": 274846
        },
        "2020-01": {
            "month": "2020-01",
            "price": "40.62",
            "revenue": 186627
        },
        "2020-02": {
            "month": "2020-02",
            "price": "46.19",
            "revenue": 214342
        },
        "2020-03": {
            "month": "2020-03",
            "price": "38.35",
            "revenue": 209296
        },
        "2020-04": {
            "month": "2020-04",
            "price": "38.77",
            "revenue": 219384
        },
        "2020-05": {
            "month": "2020-05",
            "price": "39.33",
            "revenue": 220870
        },
        "2020-06": {
            "month": "2020-06",
            "price": "40.28",
            "revenue": 241753
        },
        "2020-07": {
            "month": "2020-07",
            "price": "43.38",
            "revenue": 224674
        },
        "2020-08": {
            "month": "2020-08",
            "price": "40.74",
            "revenue": 236126
        },
        "2020-09": {
            "month": "2020-09",
            "price": "43.22",
            "revenue": 231188
        },
        "2020-10": {
            "month": "2020-10",
            "price": "44.22",
            "revenue": 233121
        },
        "2020-11": {
            "month": "2020-11",
            "price": "43.40",
            "revenue": 235239
        },
        "2020-12": {
            "month": "2020-12",
            "price": "41.26",
            "revenue": 296151
        },
        "2021-01": {
            "month": "2021-01",
            "price": "40.40",
            "revenue": 221721
        },
        "2021-02": {
            "month": "2021-02",
            "price": "40.03",
            "revenue": 227768
        },
        "2021-03": {
            "month": "2021-03",
            "price": "40.75",
            "revenue": 254253
        },
        "2021-04": {
            "month": "2021-04",
            "price": "44.58",
            "revenue": 246711
        },
        "2021-05": {
            "month": "2021-05",
            "price": "42.09",
            "revenue": 243901
        },
        "2021-06": {
            "month": "2021-06",
            "price": "41.17",
            "revenue": 275538
        },
        "2021-07": {
            "month": "2021-07",
            "price": "40.77",
            "revenue": 223802
        },
        "2021-08": {
            "month": "2021-08",
            "price": "43.00",
            "revenue": 273176
        },
        "2021-09": {
            "month": "2021-09",
            "price": "43.71",
            "revenue": 283565
        },
        "2021-10": {
            "month": "2021-10",
            "price": "42.96",
            "revenue": 263035
        },
        "2021-11": {
            "month": "2021-11",
            "price": "43.25",
            "revenue": 292251
        },
        "2021-12": {
            "month": "2021-12",
            "price": "43.00",
            "revenue": 315092
        },
        "2022-01": {
            "month": "2022-01",
            "price": "43.29",
            "revenue": 272115
        },
        "2022-02": {
            "month": "2022-02",
            "price": "44.92",
            "revenue": 275633
        },
        "2022-03": {
            "month": "2022-03",
            "price": "45.12",
            "revenue": 329556
        },
        "2022-04": {
            "month": "2022-04",
            "price": "51.21",
            "revenue": 290097
        },
        "2022-05": {
            "month": "2022-05",
            "price": "52.25",
            "revenue": 315497
        },
        "2022-06": {
            "month": "2022-06",
            "price": "50.41",
            "revenue": 354772
        },
        "2022-07": {
            "month": "2022-07",
            "price": "48.70",
            "revenue": 305921
        },
        "2022-08": {
            "month": "2022-08",
            "price": "52.08",
            "revenue": 331893
        },
        "2022-09": {
            "month": "2022-09",
            "price": "54.15",
            "revenue": 339110
        },
        "2022-10": {
            "month": "2022-10",
            "price": "50.30",
            "revenue": 284424
        },
        "2022-11": {
            "month": "2022-11",
            "price": "49.70",
            "revenue": 327540
        },
        "2022-12": {
            "month": "2022-12",
            "price": "49.79",
            "revenue": 397019
        },
        "2023-01": {
            "month": "2023-01",
            "price": "50.64",
            "revenue": 236836
        },
        "2023-02": {
            "month": "2023-02",
            "price": "50.08",
            "revenue": 268040
        },
        "2023-03": {
            "month": "2023-03",
            "price": "54.12",
            "revenue": 313640
        },
        "2023-04": {
            "month": "2023-04",
            "price": "52.46",
            "revenue": 255085
        },
        "2023-05": {
            "month": "2023-05",
            "price": "51.79",
            "revenue": 304893
        },
        "2023-06": {
            "month": "2023-06",
            "price": "50.34",
            "revenue": 301628
        },
        "2023-07": {
            "month": "2023-07",
            "price": "49.96",
            "revenue": 295332
        },
        "2023-08": {
            "month": "2023-08",
            "price": "48.82",
            "revenue": 328483
        },
        "2023-09": {
            "month": "2023-09",
            "price": "48.45",
            "revenue": 352558
        },
        "2023-10": {
            "month": "2023-10",
            "price": "49.25",
            "revenue": 309298
        },
        "2023-11": {
            "month": "2023-11",
            "price": "51.95",
            "revenue": 362342
        },
        "2023-12": {
            "month": "2023-12",
            "price": "54.07",
            "revenue": 373410
        }
    }
}
