{
    "summary": {
        "stock_name": "凱崴",
        "stock_id": "5498",
        "category": "電子零組件",
        "main_business": "電鍍液乾膜鑽頭等印刷電路板原料之設計製造加工買賣業務。<br>印刷電路板專用機之設計、製造、買賣業務。<br>前各項產品之代理、經銷、報價、投標業務。",
        "website_url": "http://www.key-ware.com.tw",
        "ceo": "初從維",
        "pe_ratio": 14,
        "report_year_from": 2001,
        "report_year_to": 2023,
        "age": 23,
        "eps_negative_percentage": 4,
        "eps_growth_avg": {
            "last_all": 3.16,
            "last_2y": -19.4,
            "last_4y": 9.64,
            "last_8y": 5.56,
            "last_12y": 15.39,
            "last_16y": -1.52,
            "last_20y": 7.55,
            "at_2006_last_3y": 43.8,
            "at_2007_last_3y": 0.23,
            "at_2008_last_3y": -49.77,
            "at_2009_last_3y": -67.81,
            "at_2010_last_3y": -74.75,
            "at_2011_last_3y": -66.67,
            "at_2012_last_3y": -33.33,
            "at_2013_last_3y": 0,
            "at_2014_last_3y": 37.5,
            "at_2015_last_3y": 28.33,
            "at_2016_last_3y": 53.33,
            "at_2017_last_3y": 25.45,
            "at_2018_last_3y": 0.45,
            "at_2019_last_3y": 42.77,
            "at_2020_last_3y": 23.72,
            "at_2021_last_3y": 10.74,
            "at_2022_last_3y": -12.95,
            "at_2023_last_3y": -8.6,
            "at_2024_last_3y": -8.6,
            "at_2006_last_all": 18.12,
            "at_2007_last_all": 2.73,
            "at_2008_last_all": -11.95,
            "at_2009_last_all": -11.95,
            "at_2010_last_all": -16.71,
            "at_2011_last_all": -20.41,
            "at_2012_last_all": -18.36,
            "at_2013_last_all": -7.6,
            "at_2014_last_all": 1.36,
            "at_2015_last_all": -5.41,
            "at_2016_last_all": 2.12,
            "at_2017_last_all": 1.21,
            "at_2018_last_all": 1.13,
            "at_2019_last_all": 5.93,
            "at_2020_last_all": 6.92,
            "at_2021_last_all": 3.22,
            "at_2022_last_all": -1.68,
            "at_2023_last_all": 3.16,
            "at_2024_last_all": 3.16
        },
        "latest_eps": 0.99,
        "latest_price": 14.35,
        "latest_roe": 9.08,
        "latest_gross_margin": 1.04,
        "latest_equity": 2154947,
        "latest_revenue": 287662,
        "latest_gross_profit": 2994,
        "latest_net_income": -24682,
        "latest_debt_ratio": 45.01,
        "latest_current_ratio": 170.41,
        "latest_account_receivable_turnover_ratio": 0.51,
        "latest_inventory_turnover_ratio": 0.62,
        "latest_reinvestment_rate": 194.43,
        "latest_research_to_sale_ratio": 0.3
    },
    "eps_dividends": {
        "2000": {
            "cash": 0,
            "stock": 1.5,
            "eps": 0
        },
        "2001": {
            "cash": 0,
            "stock": 3,
            "eps": 1.49
        },
        "2002": {
            "cash": 0,
            "stock": 1,
            "eps": 0.23
        },
        "2003": {
            "cash": 0,
            "stock": 0.5,
            "eps": 0.86
        },
        "2004": {
            "cash": 0,
            "stock": 1.03,
            "eps": 1.84
        },
        "2005": {
            "cash": 0.35,
            "stock": 0.54,
            "eps": 1.92
        },
        "2006": {
            "cash": 0.3,
            "stock": 0.7,
            "eps": 1.36
        },
        "2007": {
            "cash": 0.5,
            "stock": 0.5,
            "eps": 0.35
        },
        "2008": {
            "cash": 0,
            "stock": 0.2,
            "eps": -2.66
        },
        "2009": {
            "cash": 0,
            "stock": 0,
            "eps": 0.08
        },
        "2010": {
            "cash": 0,
            "stock": 0,
            "eps": 0.04
        },
        "2011": {
            "cash": 0,
            "stock": 0,
            "eps": 0.02
        },
        "2012": {
            "cash": 0,
            "stock": 0,
            "eps": 0.02
        },
        "2013": {
            "cash": 0,
            "stock": 0,
            "eps": 0.07
        },
        "2014": {
            "cash": 0,
            "stock": 0,
            "eps": 0.15
        },
        "2015": {
            "cash": 0,
            "stock": 0,
            "eps": 0.02
        },
        "2016": {
            "cash": 0,
            "stock": 0,
            "eps": 0.26
        },
        "2017": {
            "cash": 0,
            "stock": 0,
            "eps": 0.23
        },
        "2018": {
            "cash": 0.02,
            "stock": 0.16,
            "eps": 0.23
        },
        "2019": {
            "cash": 0,
            "stock": 0,
            "eps": 0.42
        },
        "2020": {
            "cash": 0.03,
            "stock": 0.27,
            "eps": 0.52
        },
        "2021": {
            "cash": 0.2,
            "stock": 0.4,
            "eps": 0.19
        },
        "2022": {
            "cash": 0,
            "stock": 0,
            "eps": 0.01
        },
        "2023": {
            "cash": 0.1,
            "stock": 0.12,
            "eps": 0.66
        }
    },
    "dividends": {
        "2000-03-30": {
            "cash": 0,
            "stock": 1.5
        },
        "2001-03-23": {
            "cash": 0,
            "stock": 3
        },
        "2002-05-31": {
            "cash": 0,
            "stock": 1
        },
        "2003-05-28": {
            "cash": 0,
            "stock": 0.5
        },
        "2004-05-12": {
            "cash": 0,
            "stock": 1.03
        },
        "2005-04-27": {
            "cash": 0.35,
            "stock": 0.54
        },
        "2006-02-24": {
            "cash": 0.3,
            "stock": 0.7
        },
        "2007-02-27": {
            "cash": 0.5,
            "stock": 0.5
        },
        "2008-03-25": {
            "cash": 0,
            "stock": 0.2
        },
        "2018-10-01": {
            "cash": 0.02,
            "stock": 0.16
        },
        "2020-09-23": {
            "cash": 0.03,
            "stock": 0.27
        },
        "2021-10-25": {
            "cash": 0.2,
            "stock": 0.4
        },
        "2023-11-09": {
            "cash": 0.1,
            "stock": 0.12
        }
    },
    "prices": {
        "200101": "無",
        "200102": "無",
        "200103": "46.45",
        "200104": "78.48",
        "200105": "54.34",
        "200106": "35.06",
        "200107": "21.34",
        "200108": "19.55",
        "200109": "13.67",
        "200110": "10.89",
        "200111": "13.90",
        "200112": "19.00",
        "200201": "20.88",
        "200202": "21.64",
        "200203": "26.92",
        "200204": "27.21",
        "200205": "21.01",
        "200206": "19.76",
        "200207": "16.53",
        "200208": "13.83",
        "200209": "12.33",
        "200210": "11.07",
        "200211": "10.91",
        "200212": "10.62",
        "200301": "11.20",
        "200302": "11.59",
        "200303": "10.43",
        "200304": "10.16",
        "200305": "9.75",
        "200306": "10.64",
        "200307": "11.65",
        "200308": "11.52",
        "200309": "13.34",
        "200310": "12.38",
        "200311": "17.09",
        "200312": "16.58",
        "200401": "17.30",
        "200402": "18.80",
        "200403": "18.53",
        "200404": "17.50",
        "200405": "14.48",
        "200406": "12.83",
        "200407": "11.81",
        "200408": "11.22",
        "200409": "13.92",
        "200410": "14.37",
        "200411": "13.63",
        "200412": "12.81",
        "200501": "11.44",
        "200502": "12.42",
        "200503": "15.90",
        "200504": "14.72",
        "200505": "13.98",
        "200506": "15.80",
        "200507": "15.20",
        "200508": "13.98",
        "200509": "13.61",
        "200510": "14.82",
        "200511": "14.70",
        "200512": "18.50",
        "200601": "19.15",
        "200602": "18.04",
        "200603": "17.49",
        "200604": "19.63",
        "200605": "19.29",
        "200606": "15.60",
        "200607": "13.72",
        "200608": "14.25",
        "200609": "13.89",
        "200610": "14.08",
        "200611": "14.84",
        "200612": "14.99",
        "200701": "16.15",
        "200702": "16.85",
        "200703": "21.74",
        "200704": "18.59",
        "200705": "17.07",
        "200706": "18.25",
        "200707": "18.46",
        "200708": "14.89",
        "200709": "12.81",
        "200710": "12.32",
        "200711": "10.48",
        "200712": "9.41",
        "200801": "9.30",
        "200802": "9.32",
        "200803": "9.57",
        "200804": "9.30",
        "200805": "9.25",
        "200806": "7.67",
        "200807": "5.23",
        "200808": "5.08",
        "200809": "3.69",
        "200810": "3.04",
        "200811": "2.42",
        "200812": "2.07",
        "200901": "1.95",
        "200902": "2.07",
        "200903": "2.91",
        "200904": "3.93",
        "200905": "4.00",
        "200906": "4.40",
        "200907": "4.29",
        "200908": "4.45",
        "200909": "5.41",
        "200910": "6.51",
        "200911": "7.33",
        "200912": "8.98",
        "201001": "9.38",
        "201002": "8.41",
        "201003": "8.72",
        "201004": "9.38",
        "201005": "8.70",
        "201006": "8.42",
        "201007": "8.44",
        "201008": "8.54",
        "201009": "8.18",
        "201010": "8.65",
        "201011": "8.46",
        "201012": "9.42",
        "201101": "9.08",
        "201102": "9.35",
        "201103": "11.72",
        "201104": "12.26",
        "201105": "12.44",
        "201106": "11.46",
        "201107": "10.11",
        "201108": "10.32",
        "201109": "10.33",
        "201110": "10.90",
        "201111": "10.84",
        "201112": "10.20",
        "201201": "9.94",
        "201202": "11.69",
        "201203": "12.05",
        "201204": "11.13",
        "201205": "10.37",
        "201206": "10.38",
        "201207": "9.93",
        "201208": "10.25",
        "201209": "10.28",
        "201210": "9.72",
        "201211": "8.77",
        "201212": "8.68",
        "201301": "9.15",
        "201302": "8.95",
        "201303": "8.92",
        "201304": "9.72",
        "201305": "9.51",
        "201306": "8.82",
        "201307": "8.71",
        "201308": "8.49",
        "201309": "7.40",
        "201310": "6.86",
        "201311": "6.48",
        "201312": "6.58",
        "201401": "7.64",
        "201402": "7.46",
        "201403": "7.91",
        "201404": "7.61",
        "201405": "7.31",
        "201406": "7.29",
        "201407": "7.82",
        "201408": "7.71",
        "201409": "7.80",
        "201410": "7.54",
        "201411": "7.24",
        "201412": "7.10",
        "201501": "7.27",
        "201502": "8.21",
        "201503": "11.57",
        "201504": "10.78",
        "201505": "9.23",
        "201506": "9.10",
        "201507": "8.08",
        "201508": "7.05",
        "201509": "7.90",
        "201510": "8.54",
        "201511": "8.50",
        "201512": "9.93",
        "201601": "8.84",
        "201602": "8.79",
        "201603": "8.82",
        "201604": "7.99",
        "201605": "7.65",
        "201606": "7.45",
        "201607": "8.85",
        "201608": "9.01",
        "201609": "9.46",
        "201610": "9.68",
        "201611": "9.96",
        "201612": "11.11",
        "201701": "10.46",
        "201702": "10.42",
        "201703": "9.90",
        "201704": "10.36",
        "201705": "10.30",
        "201706": "10.09",
        "201707": "10.55",
        "201708": "10.41",
        "201709": "11.00",
        "201710": "12.38",
        "201711": "11.62",
        "201712": "11.57",
        "201801": "12.58",
        "201802": "11.93",
        "201803": "11.74",
        "201804": "12.21",
        "201805": "11.88",
        "201806": "11.51",
        "201807": "10.96",
        "201808": "10.96",
        "201809": "9.99",
        "201810": "9.03",
        "201811": "8.49",
        "201812": "9.23",
        "201901": "9.66",
        "201902": "10.70",
        "201903": "9.73",
        "201904": "9.62",
        "201905": "9.01",
        "201906": "8.55",
        "201907": "8.24",
        "201908": "9.37",
        "201909": "12.77",
        "201910": "12.05",
        "201911": "12.79",
        "201912": "12.59",
        "202001": "12.33",
        "202002": "10.80",
        "202003": "8.73",
        "202004": "9.35",
        "202005": "11.00",
        "202006": "11.71",
        "202007": "11.82",
        "202008": "11.49",
        "202009": "11.07",
        "202010": "11.58",
        "202011": "12.10",
        "202012": "15.61",
        "202101": "16.63",
        "202102": "15.72",
        "202103": "16.72",
        "202104": "19.89",
        "202105": "16.03",
        "202106": "17.17",
        "202107": "18.26",
        "202108": "17.40",
        "202109": "16.16",
        "202110": "14.52",
        "202111": "14.57",
        "202112": "14.05",
        "202201": "14.19",
        "202202": "13.72",
        "202203": "12.55",
        "202204": "11.08",
        "202205": "10.56",
        "202206": "11.02",
        "202207": "9.96",
        "202208": "10.59",
        "202209": "11.06",
        "202210": "9.97",
        "202211": "9.97",
        "202212": "10.45",
        "202301": "10.51",
        "202302": "10.50",
        "202303": "10.94",
        "202304": "10.97",
        "202305": "12.06",
        "202306": "12.81",
        "202307": "11.93",
        "202308": "11.43",
        "202309": "11.26",
        "202310": "10.86",
        "202311": "10.70",
        "202312": "11.15"
    },
    "quarters": {
        "20011": {
            "year_quarter": 20011,
            "year": 2001,
            "quarter": 1,
            "eps": 0.45,
            "eps_growth_year": 87.5,
            "eps_4q": 3.16,
            "eps_4q_growth_year": null,
            "roe": 2.69,
            "roe_4q": 2.69,
            "gross_profit": 41502,
            "gross_margin": 37.93,
            "gross_margin_4q_avg": 37.93,
            "net_income": 12201,
            "net_income_4q": null,
            "revenue": 109419,
            "revenue_4q": null,
            "common_shares": 271245,
            "book_valuer_per_share": 16.92,
            "book_valuer_per_share_4q_avg": 16.92,
            "equity": 458935,
            "current_ratio": 156.88,
            "debt_ratio": 45.79,
            "inventory_turnover_ratio": 1.05,
            "account_receivable_turnover_ratio": null,
            "reinvestment_rate": null,
            "research_to_sale_ratio": null,
            "price_fair": 0,
            "eps_avg_yearly": 0,
            "eps_latest_yearly": 0,
            "eps_growth_yearly": 0
        },
        "20012": {
            "year_quarter": 20012,
            "year": 2001,
            "quarter": 2,
            "eps": 0.42,
            "eps_growth_year": -32.26,
            "eps_4q": 3.07,
            "eps_4q_growth_year": null,
            "roe": 2.43,
            "roe_4q": 5.12,
            "gross_profit": 35013,
            "gross_margin": 36.08,
            "gross_margin_4q_avg": 37.01,
            "net_income": 11302,
            "net_income_4q": null,
            "revenue": 97041,
            "revenue_4q": null,
            "common_shares": 271245,
            "book_valuer_per_share": 17.34,
            "book_valuer_per_share_4q_avg": 17.13,
            "equity": 470236,
            "current_ratio": 138.64,
            "debt_ratio": 46.92,
            "inventory_turnover_ratio": 0.77,
            "account_receivable_turnover_ratio": null,
            "reinvestment_rate": null,
            "research_to_sale_ratio": null,
            "price_fair": 0,
            "eps_avg_yearly": 0,
            "eps_latest_yearly": 0,
            "eps_growth_yearly": 0
        },
        "20013": {
            "year_quarter": 20013,
            "year": 2001,
            "quarter": 3,
            "eps": 0.19,
            "eps_growth_year": -71.64,
            "eps_4q": 1.92,
            "eps_4q_growth_year": null,
            "roe": 1.31,
            "roe_4q": 6.43,
            "gross_profit": 30583,
            "gross_margin": 26.9,
            "gross_margin_4q_avg": 33.64,
            "net_income": 7254,
            "net_income_4q": null,
            "revenue": 113684,
            "revenue_4q": null,
            "common_shares": 440630,
            "book_valuer_per_share": 14.47,
            "book_valuer_per_share_4q_avg": 16.24,
            "equity": 637491,
            "current_ratio": 211.61,
            "debt_ratio": 34.86,
            "inventory_turnover_ratio": 0.91,
            "account_receivable_turnover_ratio": null,
            "reinvestment_rate": null,
            "research_to_sale_ratio": null,
            "price_fair": 0,
            "eps_avg_yearly": 0,
            "eps_latest_yearly": 0,
            "eps_growth_yearly": 0
        },
        "20014": {
            "year_quarter": 20014,
            "year": 2001,
            "quarter": 4,
            "eps": 0.43,
            "eps_growth_year": -74.56,
            "eps_4q": 1.22,
            "eps_4q_growth_year": -60.68,
            "roe": 2.6,
            "roe_4q": 9.03,
            "gross_profit": 40476,
            "gross_margin": 31.11,
            "gross_margin_4q_avg": 33.01,
            "net_income": 16812,
            "net_income_4q": null,
            "revenue": 130125,
            "revenue_4q": null,
            "common_shares": 440630,
            "book_valuer_per_share": 14.85,
            "book_valuer_per_share_4q_avg": 15.9,
            "equity": 654513,
            "current_ratio": 200.88,
            "debt_ratio": 35.3,
            "inventory_turnover_ratio": 0.88,
            "account_receivable_turnover_ratio": null,
            "reinvestment_rate": null,
            "research_to_sale_ratio": null,
            "price_fair": 0,
            "eps_avg_yearly": 0,
            "eps_latest_yearly": 0,
            "eps_growth_yearly": 0
        },
        "20021": {
            "year_quarter": 20021,
            "year": 2002,
            "quarter": 1,
            "eps": 0.08,
            "eps_growth_year": -82.22,
            "eps_4q": 0.84,
            "eps_4q_growth_year": -73.52,
            "roe": 0.57,
            "roe_4q": 6.91,
            "gross_profit": 30154,
            "gross_margin": 26.26,
            "gross_margin_4q_avg": 30.09,
            "net_income": 3745,
            "net_income_4q": null,
            "revenue": 114830,
            "revenue_4q": null,
            "common_shares": 440630,
            "book_valuer_per_share": 14.93,
            "book_valuer_per_share_4q_avg": 15.4,
            "equity": 658075,
            "current_ratio": 197.91,
            "debt_ratio": 33.03,
            "inventory_turnover_ratio": 0.75,
            "account_receivable_turnover_ratio": null,
            "reinvestment_rate": null,
            "research_to_sale_ratio": null,
            "price_fair": 0.96,
            "eps_avg_yearly": 0.32,
            "eps_latest_yearly": 0.32,
            "eps_growth_yearly": -325.58
        },
        "20022": {
            "year_quarter": 20022,
            "year": 2002,
            "quarter": 2,
            "eps": 0.19,
            "eps_growth_year": -54.76,
            "eps_4q": 0.82,
            "eps_4q_growth_year": -73.16,
            "roe": 1.27,
            "roe_4q": 5.75,
            "gross_profit": 39381,
            "gross_margin": 24.47,
            "gross_margin_4q_avg": 27.19,
            "net_income": 8348,
            "net_income_4q": null,
            "revenue": 160928,
            "revenue_4q": null,
            "common_shares": 440630,
            "book_valuer_per_share": 15,
            "book_valuer_per_share_4q_avg": 14.81,
            "equity": 660912,
            "current_ratio": 184.77,
            "debt_ratio": 34.17,
            "inventory_turnover_ratio": 1.07,
            "account_receivable_turnover_ratio": null,
            "reinvestment_rate": null,
            "research_to_sale_ratio": null,
            "price_fair": 18.9,
            "eps_avg_yearly": 0.54,
            "eps_latest_yearly": 0.76,
            "eps_growth_yearly": 112.21
        },
        "20023": {
            "year_quarter": 20023,
            "year": 2002,
            "quarter": 3,
            "eps": -0.22,
            "eps_growth_year": -215.79,
            "eps_4q": 0.37,
            "eps_4q_growth_year": -80.48,
            "roe": -1.62,
            "roe_4q": 2.82,
            "gross_profit": 27482,
            "gross_margin": 21.57,
            "gross_margin_4q_avg": 25.85,
            "net_income": -10568,
            "net_income_4q": null,
            "revenue": 127428,
            "revenue_4q": null,
            "common_shares": 489449,
            "book_valuer_per_share": 13.15,
            "book_valuer_per_share_4q_avg": 14.48,
            "equity": 643719,
            "current_ratio": 176.99,
            "debt_ratio": 34.06,
            "inventory_turnover_ratio": 0.93,
            "account_receivable_turnover_ratio": null,
            "reinvestment_rate": null,
            "research_to_sale_ratio": null,
            "price_fair": 18.9,
            "eps_avg_yearly": 0.54,
            "eps_latest_yearly": 0.76,
            "eps_growth_yearly": 112.21
        },
        "20024": {
            "year_quarter": 20024,
            "year": 2002,
            "quarter": 4,
            "eps": 0.18,
            "eps_growth_year": -58.14,
            "eps_4q": 0.21,
            "eps_4q_growth_year": -82.69,
            "roe": 1.39,
            "roe_4q": 1.6099999999999999,
            "gross_profit": 38855,
            "gross_margin": 25.96,
            "gross_margin_4q_avg": 24.57,
            "net_income": 8984,
            "net_income_4q": null,
            "revenue": 149683,
            "revenue_4q": null,
            "common_shares": 489449,
            "book_valuer_per_share": 13.34,
            "book_valuer_per_share_4q_avg": 14.11,
            "equity": 652877,
            "current_ratio": 141.64,
            "debt_ratio": 39.22,
            "inventory_turnover_ratio": 0.85,
            "account_receivable_turnover_ratio": null,
            "reinvestment_rate": null,
            "research_to_sale_ratio": null,
            "price_fair": 18.9,
            "eps_avg_yearly": 0.54,
            "eps_latest_yearly": 0.76,
            "eps_growth_yearly": 112.21
        },
        "20031": {
            "year_quarter": 20031,
            "year": 2003,
            "quarter": 1,
            "eps": -0.06,
            "eps_growth_year": -175,
            "eps_4q": 0.08,
            "eps_4q_growth_year": -90.39,
            "roe": -0.44,
            "roe_4q": 0.5999999999999999,
            "gross_profit": 28534,
            "gross_margin": 22.73,
            "gross_margin_4q_avg": 23.68,
            "net_income": -2892,
            "net_income_4q": null,
            "revenue": 125539,
            "revenue_4q": null,
            "common_shares": 489449,
            "book_valuer_per_share": 13.26,
            "book_valuer_per_share_4q_avg": 13.69,
            "equity": 648863,
            "current_ratio": 156.34,
            "debt_ratio": 35.7,
            "inventory_turnover_ratio": 0.76,
            "account_receivable_turnover_ratio": null,
            "reinvestment_rate": null,
            "research_to_sale_ratio": null,
            "price_fair": 18.9,
            "eps_avg_yearly": 0.54,
            "eps_latest_yearly": 0.76,
            "eps_growth_yearly": 112.21
        },
        "20032": {
            "year_quarter": 20032,
            "year": 2003,
            "quarter": 2,
            "eps": 0.08,
            "eps_growth_year": -57.89,
            "eps_4q": -0.01,
            "eps_4q_growth_year": -101.55,
            "roe": 0.59,
            "roe_4q": -0.0800000000000003,
            "gross_profit": 28215,
            "gross_margin": 22.02,
            "gross_margin_4q_avg": 23.07,
            "net_income": 3862,
            "net_income_4q": null,
            "revenue": 128127,
            "revenue_4q": null,
            "common_shares": 489449,
            "book_valuer_per_share": 13.34,
            "book_valuer_per_share_4q_avg": 13.27,
            "equity": 653147,
            "current_ratio": 151.88,
            "debt_ratio": 35.71,
            "inventory_turnover_ratio": 1,
            "account_receivable_turnover_ratio": null,
            "reinvestment_rate": null,
            "research_to_sale_ratio": null,
            "price_fair": 18.9,
            "eps_avg_yearly": 0.54,
            "eps_latest_yearly": 0.76,
            "eps_growth_yearly": 112.21
        },
        "20033": {
            "year_quarter": 20033,
            "year": 2003,
            "quarter": 3,
            "eps": 0.28,
            "eps_growth_year": null,
            "eps_4q": 0.47,
            "eps_4q_growth_year": 26.3,
            "roe": 2.19,
            "roe_4q": 3.7299999999999995,
            "gross_profit": 34968,
            "gross_margin": 21.64,
            "gross_margin_4q_avg": 23.09,
            "net_income": 14427,
            "net_income_4q": null,
            "revenue": 161610,
            "revenue_4q": null,
            "common_shares": 513921,
            "book_valuer_per_share": 12.97,
            "book_valuer_per_share_4q_avg": 13.23,
            "equity": 666692,
            "current_ratio": 264.25,
            "debt_ratio": 38.14,
            "inventory_turnover_ratio": 1.42,
            "account_receivable_turnover_ratio": null,
            "reinvestment_rate": null,
            "research_to_sale_ratio": null,
            "price_fair": 25.67,
            "eps_avg_yearly": 0.73,
            "eps_latest_yearly": 1.12,
            "eps_growth_yearly": 408.14
        },
        "20034": {
            "year_quarter": 20034,
            "year": 2003,
            "quarter": 4,
            "eps": 0.56,
            "eps_growth_year": 211.11,
            "eps_4q": 0.86,
            "eps_4q_growth_year": 307.01,
            "roe": 4.13,
            "roe_4q": 6.47,
            "gross_profit": 40184,
            "gross_margin": 26.01,
            "gross_margin_4q_avg": 23.1,
            "net_income": 29033,
            "net_income_4q": null,
            "revenue": 154481,
            "revenue_4q": null,
            "common_shares": 513921,
            "book_valuer_per_share": 14.41,
            "book_valuer_per_share_4q_avg": 13.5,
            "equity": 740532,
            "current_ratio": 182.22,
            "debt_ratio": 39.95,
            "inventory_turnover_ratio": 1.22,
            "account_receivable_turnover_ratio": null,
            "reinvestment_rate": 180.28,
            "research_to_sale_ratio": null,
            "price_fair": 38.85,
            "eps_avg_yearly": 1.11,
            "eps_latest_yearly": 2.24,
            "eps_growth_yearly": 406.1
        },
        "20041": {
            "year_quarter": 20041,
            "year": 2004,
            "quarter": 1,
            "eps": 0.29,
            "eps_growth_year": null,
            "eps_4q": 1.14,
            "eps_4q_growth_year": 1312.93,
            "roe": 2.12,
            "roe_4q": 9.03,
            "gross_profit": 37095,
            "gross_margin": 27.3,
            "gross_margin_4q_avg": 24.24,
            "net_income": 16240,
            "net_income_4q": null,
            "revenue": 135903,
            "revenue_4q": null,
            "common_shares": 579857,
            "book_valuer_per_share": 13.66,
            "book_valuer_per_share_4q_avg": 13.6,
            "equity": 792333,
            "current_ratio": 198.25,
            "debt_ratio": 35.45,
            "inventory_turnover_ratio": 0.97,
            "account_receivable_turnover_ratio": null,
            "reinvestment_rate": 46.91,
            "research_to_sale_ratio": null,
            "price_fair": 39.2,
            "eps_avg_yearly": 1.12,
            "eps_latest_yearly": 1.16,
            "eps_growth_yearly": 286.31
        },
        "20042": {
            "year_quarter": 20042,
            "year": 2004,
            "quarter": 2,
            "eps": 0.46,
            "eps_growth_year": 475,
            "eps_4q": 1.5,
            "eps_4q_growth_year": null,
            "roe": 3.26,
            "roe_4q": 11.7,
            "gross_profit": 35474,
            "gross_margin": 25.52,
            "gross_margin_4q_avg": 25.12,
            "net_income": 26411,
            "net_income_4q": null,
            "revenue": 138978,
            "revenue_4q": null,
            "common_shares": 579857,
            "book_valuer_per_share": 14.25,
            "book_valuer_per_share_4q_avg": 13.82,
            "equity": 826329,
            "current_ratio": 175.73,
            "debt_ratio": 37.1,
            "inventory_turnover_ratio": 1.05,
            "account_receivable_turnover_ratio": null,
            "reinvestment_rate": 27.66,
            "research_to_sale_ratio": null,
            "price_fair": 43.4,
            "eps_avg_yearly": 1.24,
            "eps_latest_yearly": 1.84,
            "eps_growth_yearly": 277.67
        },
        "20043": {
            "year_quarter": 20043,
            "year": 2004,
            "quarter": 3,
            "eps": 0.42,
            "eps_growth_year": 50,
            "eps_4q": 1.54,
            "eps_4q_growth_year": 224.84,
            "roe": 3.19,
            "roe_4q": 12.7,
            "gross_profit": 39199,
            "gross_margin": 22.19,
            "gross_margin_4q_avg": 25.26,
            "net_income": 26951,
            "net_income_4q": null,
            "revenue": 176617,
            "revenue_4q": null,
            "common_shares": 656124,
            "book_valuer_per_share": 13.14,
            "book_valuer_per_share_4q_avg": 13.87,
            "equity": 861920,
            "current_ratio": 175.7,
            "debt_ratio": 36.48,
            "inventory_turnover_ratio": 1.23,
            "account_receivable_turnover_ratio": null,
            "reinvestment_rate": -4.41,
            "research_to_sale_ratio": null,
            "price_fair": 45.6,
            "eps_avg_yearly": 1.3,
            "eps_latest_yearly": 1.68,
            "eps_growth_yearly": 233.04
        },
        "20044": {
            "year_quarter": 20044,
            "year": 2004,
            "quarter": 4,
            "eps": 0.67,
            "eps_growth_year": 19.64,
            "eps_4q": 1.76,
            "eps_4q_growth_year": 105.12,
            "roe": 4.93,
            "roe_4q": 13.5,
            "gross_profit": 34899,
            "gross_margin": 20.64,
            "gross_margin_4q_avg": 23.91,
            "net_income": 42868,
            "net_income_4q": null,
            "revenue": 169059,
            "revenue_4q": null,
            "common_shares": 656328,
            "book_valuer_per_share": 13.36,
            "book_valuer_per_share_4q_avg": 13.6,
            "equity": 876629,
            "current_ratio": 161.28,
            "debt_ratio": 46.58,
            "inventory_turnover_ratio": 0.82,
            "account_receivable_turnover_ratio": null,
            "reinvestment_rate": 138.04,
            "research_to_sale_ratio": null,
            "price_fair": 51.63,
            "eps_avg_yearly": 1.48,
            "eps_latest_yearly": 2.68,
            "eps_growth_yearly": 233.67
        },
        "20051": {
            "year_quarter": 20051,
            "year": 2005,
            "quarter": 1,
            "eps": 0.26,
            "eps_growth_year": -10.34,
            "eps_4q": 1.56,
            "eps_4q_growth_year": 37.09,
            "roe": 1.92,
            "roe_4q": 13.299999999999999,
            "gross_profit": 24575,
            "gross_margin": 14.95,
            "gross_margin_4q_avg": 20.83,
            "net_income": 19305,
            "net_income_4q": null,
            "revenue": 164332,
            "revenue_4q": null,
            "common_shares": 880716,
            "book_valuer_per_share": 12.9,
            "book_valuer_per_share_4q_avg": 13.41,
            "equity": 1136381,
            "current_ratio": 206.99,
            "debt_ratio": 33.44,
            "inventory_turnover_ratio": 0.82,
            "account_receivable_turnover_ratio": null,
            "reinvestment_rate": -16.22,
            "research_to_sale_ratio": null,
            "price_fair": 49.93,
            "eps_avg_yearly": 1.43,
            "eps_latest_yearly": 1.04,
            "eps_growth_yearly": 180.51
        },
        "20052": {
            "year_quarter": 20052,
            "year": 2005,
            "quarter": 2,
            "eps": 0.21,
            "eps_growth_year": -54.35,
            "eps_4q": 1.28,
            "eps_4q_growth_year": -14.55,
            "roe": 1.47,
            "roe_4q": 11.51,
            "gross_profit": 29086,
            "gross_margin": 10.41,
            "gross_margin_4q_avg": 17.05,
            "net_income": 17466,
            "net_income_4q": null,
            "revenue": 279385,
            "revenue_4q": null,
            "common_shares": 990410,
            "book_valuer_per_share": 12.47,
            "book_valuer_per_share_4q_avg": 12.97,
            "equity": 1235412,
            "current_ratio": 138.6,
            "debt_ratio": 33.28,
            "inventory_turnover_ratio": 1.89,
            "account_receivable_turnover_ratio": null,
            "reinvestment_rate": -17.91,
            "research_to_sale_ratio": null,
            "price_fair": 47.88,
            "eps_avg_yearly": 1.37,
            "eps_latest_yearly": 0.84,
            "eps_growth_yearly": 154.77
        },
        "20053": {
            "year_quarter": 20053,
            "year": 2005,
            "quarter": 3,
            "eps": 0.65,
            "eps_growth_year": 54.76,
            "eps_4q": 1.51,
            "eps_4q_growth_year": -2.08,
            "roe": 4.69,
            "roe_4q": 13.01,
            "gross_profit": 45118,
            "gross_margin": 8.82,
            "gross_margin_4q_avg": 13.71,
            "net_income": 60538,
            "net_income_4q": null,
            "revenue": 511589,
            "revenue_4q": null,
            "common_shares": 1055585,
            "book_valuer_per_share": 12.77,
            "book_valuer_per_share_4q_avg": 12.88,
            "equity": 1347898,
            "current_ratio": 130.91,
            "debt_ratio": 36.24,
            "inventory_turnover_ratio": 3.45,
            "account_receivable_turnover_ratio": null,
            "reinvestment_rate": -1.78,
            "research_to_sale_ratio": null,
            "price_fair": 51.8,
            "eps_avg_yearly": 1.48,
            "eps_latest_yearly": 2.6,
            "eps_growth_yearly": 216.89
        },
        "20054": {
            "year_quarter": 20054,
            "year": 2005,
            "quarter": 4,
            "eps": 0.8,
            "eps_growth_year": 19.4,
            "eps_4q": 1.81,
            "eps_4q_growth_year": 2.77,
            "roe": 5.57,
            "roe_4q": 13.650000000000002,
            "gross_profit": 82249,
            "gross_margin": 10.58,
            "gross_margin_4q_avg": 11.19,
            "net_income": 77338,
            "net_income_4q": null,
            "revenue": 777400,
            "revenue_4q": null,
            "common_shares": 1055802,
            "book_valuer_per_share": 13.46,
            "book_valuer_per_share_4q_avg": 12.9,
            "equity": 1426925,
            "current_ratio": 125.39,
            "debt_ratio": 49.64,
            "inventory_turnover_ratio": 2.73,
            "account_receivable_turnover_ratio": null,
            "reinvestment_rate": 216.57,
            "research_to_sale_ratio": null,
            "price_fair": 56.82,
            "eps_avg_yearly": 1.62,
            "eps_latest_yearly": 3.2,
            "eps_growth_yearly": 206.51
        },
        "20061": {
            "year_quarter": 20061,
            "year": 2006,
            "quarter": 1,
            "eps": 0.25,
            "eps_growth_year": -3.85,
            "eps_4q": 1.74,
            "eps_4q_growth_year": 12.05,
            "roe": 1.81,
            "roe_4q": 13.540000000000001,
            "gross_profit": 42227,
            "gross_margin": 9.21,
            "gross_margin_4q_avg": 9.76,
            "net_income": 26002,
            "net_income_4q": null,
            "revenue": 458587,
            "revenue_4q": null,
            "common_shares": 1055802,
            "book_valuer_per_share": 13.63,
            "book_valuer_per_share_4q_avg": 13.08,
            "equity": 1439557,
            "current_ratio": 130.23,
            "debt_ratio": 39.17,
            "inventory_turnover_ratio": 1.55,
            "account_receivable_turnover_ratio": null,
            "reinvestment_rate": 11.82,
            "research_to_sale_ratio": null,
            "price_fair": 58.8,
            "eps_avg_yearly": 1.68,
            "eps_latest_yearly": 1,
            "eps_growth_yearly": 210.72
        },
        "20062": {
            "year_quarter": 20062,
            "year": 2006,
            "quarter": 2,
            "eps": 0.17,
            "eps_growth_year": -19.05,
            "eps_4q": 1.75,
            "eps_4q_growth_year": 36.34,
            "roe": 1.24,
            "roe_4q": 13.310000000000002,
            "gross_profit": 39728,
            "gross_margin": 10.76,
            "gross_margin_4q_avg": 9.84,
            "net_income": 17662,
            "net_income_4q": null,
            "revenue": 369204,
            "revenue_4q": null,
            "common_shares": 1055802,
            "book_valuer_per_share": 13.45,
            "book_valuer_per_share_4q_avg": 13.33,
            "equity": 1420358,
            "current_ratio": 124.14,
            "debt_ratio": 40.28,
            "inventory_turnover_ratio": 1.88,
            "account_receivable_turnover_ratio": null,
            "reinvestment_rate": 19.36,
            "research_to_sale_ratio": null,
            "price_fair": 58.57,
            "eps_avg_yearly": 1.67,
            "eps_latest_yearly": 0.68,
            "eps_growth_yearly": 154.22
        },
        "20063": {
            "year_quarter": 20063,
            "year": 2006,
            "quarter": 3,
            "eps": 0.59,
            "eps_growth_year": -9.23,
            "eps_4q": 1.59,
            "eps_4q_growth_year": 5.73,
            "roe": 4.45,
            "roe_4q": 13.07,
            "gross_profit": 54268,
            "gross_margin": 9.66,
            "gross_margin_4q_avg": 10.05,
            "net_income": 71300,
            "net_income_4q": null,
            "revenue": 561815,
            "revenue_4q": null,
            "common_shares": 1360208,
            "book_valuer_per_share": 13.13,
            "book_valuer_per_share_4q_avg": 13.42,
            "equity": 1786289,
            "current_ratio": 139.55,
            "debt_ratio": 32.99,
            "inventory_turnover_ratio": 2.94,
            "account_receivable_turnover_ratio": null,
            "reinvestment_rate": 19.42,
            "research_to_sale_ratio": null,
            "price_fair": 60.42,
            "eps_avg_yearly": 1.73,
            "eps_latest_yearly": 2.36,
            "eps_growth_yearly": 218.38
        },
        "20064": {
            "year_quarter": 20064,
            "year": 2006,
            "quarter": 4,
            "eps": 0.35,
            "eps_growth_year": -56.25,
            "eps_4q": 1.27,
            "eps_4q_growth_year": -29.5,
            "roe": 2.41,
            "roe_4q": 9.91,
            "gross_profit": 38751,
            "gross_margin": 8.79,
            "gross_margin_4q_avg": 9.61,
            "net_income": 43563,
            "net_income_4q": null,
            "revenue": 441060,
            "revenue_4q": null,
            "common_shares": 1360208,
            "book_valuer_per_share": 13.44,
            "book_valuer_per_share_4q_avg": 13.41,
            "equity": 1830965,
            "current_ratio": 106.34,
            "debt_ratio": 46.08,
            "inventory_turnover_ratio": 1.44,
            "account_receivable_turnover_ratio": null,
            "reinvestment_rate": 230.45,
            "research_to_sale_ratio": null,
            "price_fair": 59.6,
            "eps_avg_yearly": 1.7,
            "eps_latest_yearly": 1.4,
            "eps_growth_yearly": 191.15
        },
        "20071": {
            "year_quarter": 20071,
            "year": 2007,
            "quarter": 1,
            "eps": 0.34,
            "eps_growth_year": 36,
            "eps_4q": 1.33,
            "eps_4q_growth_year": -24,
            "roe": 2.46,
            "roe_4q": 10.56,
            "gross_profit": 28460,
            "gross_margin": 11.21,
            "gross_margin_4q_avg": 10.11,
            "net_income": 45739,
            "net_income_4q": null,
            "revenue": 253910,
            "revenue_4q": null,
            "common_shares": 1360208,
            "book_valuer_per_share": 13.9,
            "book_valuer_per_share_4q_avg": 13.48,
            "equity": 1891152,
            "current_ratio": 122.18,
            "debt_ratio": 37.5,
            "inventory_turnover_ratio": 0.76,
            "account_receivable_turnover_ratio": null,
            "reinvestment_rate": 70.14,
            "research_to_sale_ratio": null,
            "price_fair": 58.8,
            "eps_avg_yearly": 1.68,
            "eps_latest_yearly": 1.36,
            "eps_growth_yearly": 177.65
        },
        "20072": {
            "year_quarter": 20072,
            "year": 2007,
            "quarter": 2,
            "eps": -0.19,
            "eps_growth_year": -211.76,
            "eps_4q": 0.93,
            "eps_4q_growth_year": -46.56,
            "roe": -1.45,
            "roe_4q": 7.87,
            "gross_profit": 24834,
            "gross_margin": 10.82,
            "gross_margin_4q_avg": 10.12,
            "net_income": -26812,
            "net_income_4q": null,
            "revenue": 229422,
            "revenue_4q": null,
            "common_shares": 1432868,
            "book_valuer_per_share": 12.55,
            "book_valuer_per_share_4q_avg": 13.26,
            "equity": 1797855,
            "current_ratio": 110.68,
            "debt_ratio": 42.32,
            "inventory_turnover_ratio": 0.91,
            "account_receivable_turnover_ratio": null,
            "reinvestment_rate": 77.35,
            "research_to_sale_ratio": null,
            "price_fair": 58.8,
            "eps_avg_yearly": 1.68,
            "eps_latest_yearly": 1.36,
            "eps_growth_yearly": 177.65
        },
        "20073": {
            "year_quarter": 20073,
            "year": 2007,
            "quarter": 3,
            "eps": 0.3,
            "eps_growth_year": -49.15,
            "eps_4q": 0.73,
            "eps_4q_growth_year": -54.13,
            "roe": 2.39,
            "roe_4q": 5.8100000000000005,
            "gross_profit": 28718,
            "gross_margin": 14.45,
            "gross_margin_4q_avg": 11.32,
            "net_income": 43606,
            "net_income_4q": null,
            "revenue": 198767,
            "revenue_4q": null,
            "common_shares": 1432868,
            "book_valuer_per_share": 12.89,
            "book_valuer_per_share_4q_avg": 13.2,
            "equity": 1847260,
            "current_ratio": 138.88,
            "debt_ratio": 42.26,
            "inventory_turnover_ratio": 0.72,
            "account_receivable_turnover_ratio": null,
            "reinvestment_rate": 74.93,
            "research_to_sale_ratio": null,
            "price_fair": 60.2,
            "eps_avg_yearly": 1.72,
            "eps_latest_yearly": 1.36,
            "eps_growth_yearly": 118.91
        },
        "20074": {
            "year_quarter": 20074,
            "year": 2007,
            "quarter": 4,
            "eps": -0.1,
            "eps_growth_year": -128.57,
            "eps_4q": 0.34,
            "eps_4q_growth_year": -73.28,
            "roe": -0.81,
            "roe_4q": 2.59,
            "gross_profit": 34519,
            "gross_margin": 18.11,
            "gross_margin_4q_avg": 13.65,
            "net_income": -14909,
            "net_income_4q": null,
            "revenue": 190615,
            "revenue_4q": null,
            "common_shares": 1432868,
            "book_valuer_per_share": 12.92,
            "book_valuer_per_share_4q_avg": 13.07,
            "equity": 1851425,
            "current_ratio": 120.63,
            "debt_ratio": 53.39,
            "inventory_turnover_ratio": 0.4,
            "account_receivable_turnover_ratio": null,
            "reinvestment_rate": 285.22,
            "research_to_sale_ratio": null,
            "price_fair": 58.8,
            "eps_avg_yearly": 1.68,
            "eps_latest_yearly": 1.36,
            "eps_growth_yearly": 97.29
        },
        "20081": {
            "year_quarter": 20081,
            "year": 2008,
            "quarter": 1,
            "eps": -0.07,
            "eps_growth_year": -120.59,
            "eps_4q": -0.06,
            "eps_4q_growth_year": -104.21,
            "roe": -0.51,
            "roe_4q": -0.3799999999999999,
            "gross_profit": 79051,
            "gross_margin": 25.02,
            "gross_margin_4q_avg": 17.1,
            "net_income": -9336,
            "net_income_4q": null,
            "revenue": 315955,
            "revenue_4q": null,
            "common_shares": 1432868,
            "book_valuer_per_share": 12.65,
            "book_valuer_per_share_4q_avg": 12.75,
            "equity": 1812118,
            "current_ratio": 120.46,
            "debt_ratio": 52.27,
            "inventory_turnover_ratio": 0.44,
            "account_receivable_turnover_ratio": null,
            "reinvestment_rate": 325.71,
            "research_to_sale_ratio": null,
            "price_fair": 60.32,
            "eps_avg_yearly": 1.72,
            "eps_latest_yearly": 1.36,
            "eps_growth_yearly": 121.47
        },
        "20082": {
            "year_quarter": 20082,
            "year": 2008,
            "quarter": 2,
            "eps": -2.41,
            "eps_growth_year": null,
            "eps_4q": -2.27,
            "eps_4q_growth_year": -343.24,
            "roe": -20.94,
            "roe_4q": -19.87,
            "gross_profit": 24011,
            "gross_margin": 7.32,
            "gross_margin_4q_avg": 16.23,
            "net_income": -345378,
            "net_income_4q": null,
            "revenue": 328112,
            "revenue_4q": null,
            "common_shares": 1432868,
            "book_valuer_per_share": 10.38,
            "book_valuer_per_share_4q_avg": 12.21,
            "equity": 1486587,
            "current_ratio": 75.13,
            "debt_ratio": 57.77,
            "inventory_turnover_ratio": 0.6,
            "account_receivable_turnover_ratio": null,
            "reinvestment_rate": 1477.41,
            "research_to_sale_ratio": null,
            "price_fair": 59.95,
            "eps_avg_yearly": 1.71,
            "eps_latest_yearly": 1.36,
            "eps_growth_yearly": 111.19
        },
        "20083": {
            "year_quarter": 20083,
            "year": 2008,
            "quarter": 3,
            "eps": 0.15,
            "eps_growth_year": -50,
            "eps_4q": -2.49,
            "eps_4q_growth_year": -441.1,
            "roe": 1.38,
            "roe_4q": -20.880000000000003,
            "gross_profit": 75723,
            "gross_margin": 20.9,
            "gross_margin_4q_avg": 17.84,
            "net_income": 20970,
            "net_income_4q": null,
            "revenue": 362304,
            "revenue_4q": null,
            "common_shares": 1432868,
            "book_valuer_per_share": 10.87,
            "book_valuer_per_share_4q_avg": 11.71,
            "equity": 1557043,
            "current_ratio": 73.35,
            "debt_ratio": 54.33,
            "inventory_turnover_ratio": 0.63,
            "account_receivable_turnover_ratio": null,
            "reinvestment_rate": 1671.69,
            "research_to_sale_ratio": null,
            "price_fair": 60.06,
            "eps_avg_yearly": 1.72,
            "eps_latest_yearly": 1.36,
            "eps_growth_yearly": 125.79
        },
        "20084": {
            "year_quarter": 20084,
            "year": 2008,
            "quarter": 4,
            "eps": -0.33,
            "eps_growth_year": null,
            "eps_4q": -2.66,
            "eps_4q_growth_year": -880.37,
            "roe": -3.06,
            "roe_4q": -23.130000000000003,
            "gross_profit": 36384,
            "gross_margin": 15.02,
            "gross_margin_4q_avg": 17.07,
            "net_income": -47340,
            "net_income_4q": null,
            "revenue": 242314,
            "revenue_4q": null,
            "common_shares": 1432868,
            "book_valuer_per_share": 10.73,
            "book_valuer_per_share_4q_avg": 11.16,
            "equity": 1536355,
            "current_ratio": 74.08,
            "debt_ratio": 52.94,
            "inventory_turnover_ratio": 0.47,
            "account_receivable_turnover_ratio": 0.92,
            "reinvestment_rate": null,
            "research_to_sale_ratio": null,
            "price_fair": 56.31,
            "eps_avg_yearly": 1.61,
            "eps_latest_yearly": 1.36,
            "eps_growth_yearly": 113.31
        },
        "20091": {
            "year_quarter": 20091,
            "year": 2009,
            "quarter": 1,
            "eps": -0.06,
            "eps_growth_year": null,
            "eps_4q": -2.65,
            "eps_4q_growth_year": null,
            "roe": -0.59,
            "roe_4q": -23.21,
            "gross_profit": 26742,
            "gross_margin": 13,
            "gross_margin_4q_avg": 14.06,
            "net_income": -9217,
            "net_income_4q": null,
            "revenue": 205658,
            "revenue_4q": null,
            "common_shares": 1432868,
            "book_valuer_per_share": 10.99,
            "book_valuer_per_share_4q_avg": 10.74,
            "equity": 1574242,
            "current_ratio": 74.63,
            "debt_ratio": 50.09,
            "inventory_turnover_ratio": 0.45,
            "account_receivable_turnover_ratio": 0.44,
            "reinvestment_rate": null,
            "research_to_sale_ratio": null,
            "price_fair": 58.8,
            "eps_avg_yearly": 1.68,
            "eps_latest_yearly": 1.36,
            "eps_growth_yearly": 158.07
        },
        "20092": {
            "year_quarter": 20092,
            "year": 2009,
            "quarter": 2,
            "eps": -0.17,
            "eps_growth_year": null,
            "eps_4q": -0.42,
            "eps_4q_growth_year": null,
            "roe": -1.56,
            "roe_4q": -3.83,
            "gross_profit": 10867,
            "gross_margin": 4.21,
            "gross_margin_4q_avg": 13.28,
            "net_income": -24013,
            "net_income_4q": null,
            "revenue": 257990,
            "revenue_4q": null,
            "common_shares": 1432868,
            "book_valuer_per_share": 10.56,
            "book_valuer_per_share_4q_avg": 10.79,
            "equity": 1512816,
            "current_ratio": 73.75,
            "debt_ratio": 48.56,
            "inventory_turnover_ratio": 0.75,
            "account_receivable_turnover_ratio": 0.64,
            "reinvestment_rate": null,
            "research_to_sale_ratio": null,
            "price_fair": 63,
            "eps_avg_yearly": 1.8,
            "eps_latest_yearly": 1.36,
            "eps_growth_yearly": 191.64
        },
        "20093": {
            "year_quarter": 20093,
            "year": 2009,
            "quarter": 3,
            "eps": 0.03,
            "eps_growth_year": -80,
            "eps_4q": -0.48,
            "eps_4q_growth_year": null,
            "roe": 0.31,
            "roe_4q": -4.9,
            "gross_profit": 36202,
            "gross_margin": 15.77,
            "gross_margin_4q_avg": 12,
            "net_income": 4785,
            "net_income_4q": null,
            "revenue": 229556,
            "revenue_4q": null,
            "common_shares": 1590768,
            "book_valuer_per_share": 9.83,
            "book_valuer_per_share_4q_avg": 10.53,
            "equity": 1563546,
            "current_ratio": 82.35,
            "debt_ratio": 46.89,
            "inventory_turnover_ratio": 0.66,
            "account_receivable_turnover_ratio": 0.56,
            "reinvestment_rate": null,
            "research_to_sale_ratio": null,
            "price_fair": 58.33,
            "eps_avg_yearly": 1.67,
            "eps_latest_yearly": 1.36,
            "eps_growth_yearly": 83.9
        },
        "20094": {
            "year_quarter": 20094,
            "year": 2009,
            "quarter": 4,
            "eps": 0.28,
            "eps_growth_year": null,
            "eps_4q": 0.08,
            "eps_4q_growth_year": null,
            "roe": 2.69,
            "roe_4q": 0.85,
            "gross_profit": 35215,
            "gross_margin": 15.28,
            "gross_margin_4q_avg": 12.07,
            "net_income": 42512,
            "net_income_4q": null,
            "revenue": 230520,
            "revenue_4q": null,
            "common_shares": 1590768,
            "book_valuer_per_share": 10.05,
            "book_valuer_per_share_4q_avg": 10.36,
            "equity": 1598766,
            "current_ratio": 127.36,
            "debt_ratio": 46.22,
            "inventory_turnover_ratio": 0.64,
            "account_receivable_turnover_ratio": 1.12,
            "reinvestment_rate": null,
            "research_to_sale_ratio": null,
            "price_fair": 46.2,
            "eps_avg_yearly": 1.32,
            "eps_latest_yearly": 1.12,
            "eps_growth_yearly": 624.07
        },
        "20101": {
            "year_quarter": 20101,
            "year": 2010,
            "quarter": 1,
            "eps": 0,
            "eps_growth_year": null,
            "eps_4q": 0.15,
            "eps_4q_growth_year": null,
            "roe": 0.05,
            "roe_4q": 1.4899999999999998,
            "gross_profit": 29347,
            "gross_margin": 13.34,
            "gross_margin_4q_avg": 12.15,
            "net_income": 762,
            "net_income_4q": null,
            "revenue": 220069,
            "revenue_4q": null,
            "common_shares": 1590768,
            "book_valuer_per_share": 10.04,
            "book_valuer_per_share_4q_avg": 10.12,
            "equity": 1596721,
            "current_ratio": 126.88,
            "debt_ratio": 45,
            "inventory_turnover_ratio": 0.61,
            "account_receivable_turnover_ratio": 0.53,
            "reinvestment_rate": null,
            "research_to_sale_ratio": 1.26,
            "price_fair": 48.44,
            "eps_avg_yearly": 1.38,
            "eps_latest_yearly": 1.12,
            "eps_growth_yearly": 803.89
        },
        "20102": {
            "year_quarter": 20102,
            "year": 2010,
            "quarter": 2,
            "eps": 0.01,
            "eps_growth_year": null,
            "eps_4q": 0.31,
            "eps_4q_growth_year": null,
            "roe": 0.11,
            "roe_4q": 3.16,
            "gross_profit": 38325,
            "gross_margin": 15.37,
            "gross_margin_4q_avg": 14.94,
            "net_income": 1772,
            "net_income_4q": null,
            "revenue": 249271,
            "revenue_4q": null,
            "common_shares": 1590768,
            "book_valuer_per_share": 10.13,
            "book_valuer_per_share_4q_avg": 10.01,
            "equity": 1612194,
            "current_ratio": 126.59,
            "debt_ratio": 43.41,
            "inventory_turnover_ratio": 0.7,
            "account_receivable_turnover_ratio": 0.59,
            "reinvestment_rate": null,
            "research_to_sale_ratio": 1.13,
            "price_fair": 54.6,
            "eps_avg_yearly": 1.56,
            "eps_latest_yearly": 1.12,
            "eps_growth_yearly": 1036.86
        },
        "20103": {
            "year_quarter": 20103,
            "year": 2010,
            "quarter": 3,
            "eps": 0,
            "eps_growth_year": -83.57,
            "eps_4q": 0.29,
            "eps_4q_growth_year": null,
            "roe": 0.05,
            "roe_4q": 2.9,
            "gross_profit": 37360,
            "gross_margin": 13.85,
            "gross_margin_4q_avg": 14.46,
            "net_income": 784,
            "net_income_4q": null,
            "revenue": 269843,
            "revenue_4q": null,
            "common_shares": 1590768,
            "book_valuer_per_share": 10.1,
            "book_valuer_per_share_4q_avg": 10.08,
            "equity": 1606907,
            "current_ratio": 125.57,
            "debt_ratio": 41.03,
            "inventory_turnover_ratio": 0.83,
            "account_receivable_turnover_ratio": 0.6,
            "reinvestment_rate": null,
            "research_to_sale_ratio": 0.89,
            "price_fair": 45.27,
            "eps_avg_yearly": 1.29,
            "eps_latest_yearly": 1.12,
            "eps_growth_yearly": 1053.06
        },
        "20104": {
            "year_quarter": 20104,
            "year": 2010,
            "quarter": 4,
            "eps": 0.03,
            "eps_growth_year": -89.05,
            "eps_4q": 0.05,
            "eps_4q_growth_year": -38.77,
            "roe": 0.31,
            "roe_4q": 0.52,
            "gross_profit": 41248,
            "gross_margin": 16.34,
            "gross_margin_4q_avg": 14.73,
            "net_income": 4878,
            "net_income_4q": null,
            "revenue": 252390,
            "revenue_4q": null,
            "common_shares": 1590768,
            "book_valuer_per_share": 9.68,
            "book_valuer_per_share_4q_avg": 9.99,
            "equity": 1539355,
            "current_ratio": 123.21,
            "debt_ratio": 40.91,
            "inventory_turnover_ratio": 0.8,
            "account_receivable_turnover_ratio": 0.54,
            "reinvestment_rate": null,
            "research_to_sale_ratio": 1.12,
            "price_fair": 43.4,
            "eps_avg_yearly": 1.24,
            "eps_latest_yearly": 1.12,
            "eps_growth_yearly": 1660.95
        },
        "20111": {
            "year_quarter": 20111,
            "year": 2011,
            "quarter": 1,
            "eps": 0.06,
            "eps_growth_year": null,
            "eps_4q": 0.11,
            "eps_4q_growth_year": -26.78,
            "roe": 0.62,
            "roe_4q": 1.09,
            "gross_profit": 35784,
            "gross_margin": 15.07,
            "gross_margin_4q_avg": 15.16,
            "net_income": 9674,
            "net_income_4q": null,
            "revenue": 237395,
            "revenue_4q": null,
            "common_shares": 1590768,
            "book_valuer_per_share": 9.94,
            "book_valuer_per_share_4q_avg": 9.96,
            "equity": 1581342,
            "current_ratio": 101.17,
            "debt_ratio": 39.01,
            "inventory_turnover_ratio": 0.73,
            "account_receivable_turnover_ratio": 0.53,
            "reinvestment_rate": null,
            "research_to_sale_ratio": 0.93,
            "price_fair": 23.8,
            "eps_avg_yearly": 0.68,
            "eps_latest_yearly": 0.24,
            "eps_growth_yearly": 1866.67
        },
        "20112": {
            "year_quarter": 20112,
            "year": 2011,
            "quarter": 2,
            "eps": 0.05,
            "eps_growth_year": 316.6,
            "eps_4q": 0.14,
            "eps_4q_growth_year": -54.41,
            "roe": 0.47,
            "roe_4q": 1.45,
            "gross_profit": 38567,
            "gross_margin": 15.85,
            "gross_margin_4q_avg": 15.28,
            "net_income": 7382,
            "net_income_4q": null,
            "revenue": 243366,
            "revenue_4q": null,
            "common_shares": 1590768,
            "book_valuer_per_share": 9.82,
            "book_valuer_per_share_4q_avg": 9.89,
            "equity": 1561642,
            "current_ratio": 103.68,
            "debt_ratio": 38.74,
            "inventory_turnover_ratio": 0.69,
            "account_receivable_turnover_ratio": 0.55,
            "reinvestment_rate": null,
            "research_to_sale_ratio": 0.96,
            "price_fair": 18.2,
            "eps_avg_yearly": 0.52,
            "eps_latest_yearly": 0.2,
            "eps_growth_yearly": 1222.22
        },
        "20113": {
            "year_quarter": 20113,
            "year": 2011,
            "quarter": 3,
            "eps": -0.04,
            "eps_growth_year": -858.36,
            "eps_4q": 0.1,
            "eps_4q_growth_year": -64.95,
            "roe": -0.37,
            "roe_4q": 1.03,
            "gross_profit": 35549,
            "gross_margin": 13.55,
            "gross_margin_4q_avg": 15.2,
            "net_income": -5945,
            "net_income_4q": null,
            "revenue": 262434,
            "revenue_4q": null,
            "common_shares": 1590768,
            "book_valuer_per_share": 10.25,
            "book_valuer_per_share_4q_avg": 9.92,
            "equity": 1631164,
            "current_ratio": 109.75,
            "debt_ratio": 36.84,
            "inventory_turnover_ratio": 0.7,
            "account_receivable_turnover_ratio": 0.54,
            "reinvestment_rate": null,
            "research_to_sale_ratio": 0.86,
            "price_fair": 18.2,
            "eps_avg_yearly": 0.52,
            "eps_latest_yearly": 0.2,
            "eps_growth_yearly": 1222.22
        },
        "20114": {
            "year_quarter": 20114,
            "year": 2011,
            "quarter": 4,
            "eps": -0.05,
            "eps_growth_year": -279.26,
            "eps_4q": 0.01,
            "eps_4q_growth_year": -71.12,
            "roe": -0.53,
            "roe_4q": 0.18999999999999995,
            "gross_profit": 27113,
            "gross_margin": 14.11,
            "gross_margin_4q_avg": 14.65,
            "net_income": -8744,
            "net_income_4q": null,
            "revenue": 192122,
            "revenue_4q": null,
            "common_shares": 1590768,
            "book_valuer_per_share": 10.33,
            "book_valuer_per_share_4q_avg": 10.09,
            "equity": 1642608,
            "current_ratio": 185.33,
            "debt_ratio": 35.42,
            "inventory_turnover_ratio": 0.45,
            "account_receivable_turnover_ratio": 0.39,
            "reinvestment_rate": null,
            "research_to_sale_ratio": 1.34,
            "price_fair": 18.2,
            "eps_avg_yearly": 0.52,
            "eps_latest_yearly": 0.2,
            "eps_growth_yearly": 1222.22
        },
        "20121": {
            "year_quarter": 20121,
            "year": 2012,
            "quarter": 1,
            "eps": -0.07,
            "eps_growth_year": -216.67,
            "eps_4q": -0.11,
            "eps_4q_growth_year": -204.47,
            "roe": -0.66,
            "roe_4q": -1.09,
            "gross_profit": 6850,
            "gross_margin": 3.09,
            "gross_margin_4q_avg": 11.65,
            "net_income": -10727,
            "net_income_4q": null,
            "revenue": 221556,
            "revenue_4q": null,
            "common_shares": 1605054,
            "book_valuer_per_share": 10.13,
            "book_valuer_per_share_4q_avg": 10.13,
            "equity": 1626598,
            "current_ratio": 175.75,
            "debt_ratio": 36.03,
            "inventory_turnover_ratio": 0.57,
            "account_receivable_turnover_ratio": 0.48,
            "reinvestment_rate": null,
            "research_to_sale_ratio": 0.92,
            "price_fair": 18.2,
            "eps_avg_yearly": 0.52,
            "eps_latest_yearly": 0.2,
            "eps_growth_yearly": 1222.22
        },
        "20122": {
            "year_quarter": 20122,
            "year": 2012,
            "quarter": 2,
            "eps": -0.11,
            "eps_growth_year": -339.13,
            "eps_4q": -0.27,
            "eps_4q_growth_year": -288.43,
            "roe": -1.1,
            "roe_4q": -2.66,
            "gross_profit": 11743,
            "gross_margin": 3.2,
            "gross_margin_4q_avg": 8.49,
            "net_income": -17835,
            "net_income_4q": null,
            "revenue": 366863,
            "revenue_4q": null,
            "common_shares": 1607244,
            "book_valuer_per_share": 10.04,
            "book_valuer_per_share_4q_avg": 10.19,
            "equity": 1613429,
            "current_ratio": 172.97,
            "debt_ratio": 37.55,
            "inventory_turnover_ratio": 0.95,
            "account_receivable_turnover_ratio": 0.75,
            "reinvestment_rate": null,
            "research_to_sale_ratio": 0.65,
            "price_fair": 18.2,
            "eps_avg_yearly": 0.52,
            "eps_latest_yearly": 0.2,
            "eps_growth_yearly": 1222.22
        },
        "20123": {
            "year_quarter": 20123,
            "year": 2012,
            "quarter": 3,
            "eps": -0.07,
            "eps_growth_year": null,
            "eps_4q": -0.3,
            "eps_4q_growth_year": -397.87,
            "roe": -0.7,
            "roe_4q": -2.99,
            "gross_profit": 25467,
            "gross_margin": 6.74,
            "gross_margin_4q_avg": 6.79,
            "net_income": -11164,
            "net_income_4q": null,
            "revenue": 377721,
            "revenue_4q": null,
            "common_shares": 1618959,
            "book_valuer_per_share": 9.82,
            "book_valuer_per_share_4q_avg": 10.08,
            "equity": 1589315,
            "current_ratio": 154.19,
            "debt_ratio": 42.44,
            "inventory_turnover_ratio": 0.91,
            "account_receivable_turnover_ratio": 0.64,
            "reinvestment_rate": null,
            "research_to_sale_ratio": 0.53,
            "price_fair": 18.2,
            "eps_avg_yearly": 0.52,
            "eps_latest_yearly": 0.2,
            "eps_growth_yearly": 1222.22
        },
        "20124": {
            "year_quarter": 20124,
            "year": 2012,
            "quarter": 4,
            "eps": 0.27,
            "eps_growth_year": null,
            "eps_4q": 0.03,
            "eps_4q_growth_year": 71.73,
            "roe": 2.72,
            "roe_4q": 0.26000000000000034,
            "gross_profit": 30640,
            "gross_margin": 11.07,
            "gross_margin_4q_avg": 6.03,
            "net_income": 43863,
            "net_income_4q": null,
            "revenue": 276887,
            "revenue_4q": null,
            "common_shares": 1618959,
            "book_valuer_per_share": 10.08,
            "book_valuer_per_share_4q_avg": 10.02,
            "equity": 1632621,
            "current_ratio": 167.68,
            "debt_ratio": 41.32,
            "inventory_turnover_ratio": 0.57,
            "account_receivable_turnover_ratio": 0.43,
            "reinvestment_rate": 2487.91,
            "research_to_sale_ratio": 0.79,
            "price_fair": 18.2,
            "eps_avg_yearly": 0.52,
            "eps_latest_yearly": 0.2,
            "eps_growth_yearly": 1222.22
        },
        "20131": {
            "year_quarter": 20131,
            "year": 2013,
            "quarter": 1,
            "eps": 0.01,
            "eps_growth_year": null,
            "eps_4q": 0.1,
            "eps_4q_growth_year": null,
            "roe": 0.1,
            "roe_4q": 1.02,
            "gross_profit": 29578,
            "gross_margin": 8.21,
            "gross_margin_4q_avg": 7.31,
            "net_income": 1663,
            "net_income_4q": null,
            "revenue": 360077,
            "revenue_4q": null,
            "common_shares": 1618959,
            "book_valuer_per_share": 10.4,
            "book_valuer_per_share_4q_avg": 10.09,
            "equity": 1683310,
            "current_ratio": 162.97,
            "debt_ratio": 42.44,
            "inventory_turnover_ratio": 0.7,
            "account_receivable_turnover_ratio": 0.55,
            "reinvestment_rate": -1536.46,
            "research_to_sale_ratio": 0.61,
            "price_fair": 14,
            "eps_avg_yearly": 0.4,
            "eps_latest_yearly": 0.04,
            "eps_growth_yearly": 820.37
        },
        "20132": {
            "year_quarter": 20132,
            "year": 2013,
            "quarter": 2,
            "eps": 0.04,
            "eps_growth_year": null,
            "eps_4q": 0.25,
            "eps_4q_growth_year": null,
            "roe": 0.35,
            "roe_4q": 2.4699999999999998,
            "gross_profit": 30139,
            "gross_margin": 7.47,
            "gross_margin_4q_avg": 8.37,
            "net_income": 5978,
            "net_income_4q": null,
            "revenue": 403559,
            "revenue_4q": null,
            "common_shares": 1618959,
            "book_valuer_per_share": 10.57,
            "book_valuer_per_share_4q_avg": 10.22,
            "equity": 1710724,
            "current_ratio": 177.63,
            "debt_ratio": 40.24,
            "inventory_turnover_ratio": 0.78,
            "account_receivable_turnover_ratio": 0.59,
            "reinvestment_rate": -779.57,
            "research_to_sale_ratio": 0.56,
            "price_fair": 12.32,
            "eps_avg_yearly": 0.35,
            "eps_latest_yearly": 0.16,
            "eps_growth_yearly": 896.3
        },
        "20133": {
            "year_quarter": 20133,
            "year": 2013,
            "quarter": 3,
            "eps": -0.06,
            "eps_growth_year": null,
            "eps_4q": 0.25,
            "eps_4q_growth_year": null,
            "roe": -0.6,
            "roe_4q": 2.5700000000000003,
            "gross_profit": 22849,
            "gross_margin": 8.29,
            "gross_margin_4q_avg": 8.76,
            "net_income": -10273,
            "net_income_4q": null,
            "revenue": 275477,
            "revenue_4q": null,
            "common_shares": 1618959,
            "book_valuer_per_share": 10.51,
            "book_valuer_per_share_4q_avg": 10.39,
            "equity": 1701983,
            "current_ratio": 185.39,
            "debt_ratio": 39.35,
            "inventory_turnover_ratio": 0.53,
            "account_receivable_turnover_ratio": 0.42,
            "reinvestment_rate": -939.24,
            "research_to_sale_ratio": 0.79,
            "price_fair": 12.32,
            "eps_avg_yearly": 0.35,
            "eps_latest_yearly": 0.16,
            "eps_growth_yearly": 896.3
        },
        "20134": {
            "year_quarter": 20134,
            "year": 2013,
            "quarter": 4,
            "eps": 0.08,
            "eps_growth_year": -69.35,
            "eps_4q": 0.07,
            "eps_4q_growth_year": 161.33,
            "roe": 0.79,
            "roe_4q": 0.64,
            "gross_profit": 28455,
            "gross_margin": 8.5,
            "gross_margin_4q_avg": 8.12,
            "net_income": 13443,
            "net_income_4q": null,
            "revenue": 334645,
            "revenue_4q": null,
            "common_shares": 1618959,
            "book_valuer_per_share": 10.6,
            "book_valuer_per_share_4q_avg": 10.52,
            "equity": 1715377,
            "current_ratio": 130.43,
            "debt_ratio": 40.63,
            "inventory_turnover_ratio": 0.63,
            "account_receivable_turnover_ratio": 0.54,
            "reinvestment_rate": -7221.73,
            "research_to_sale_ratio": 0.65,
            "price_fair": 5.6,
            "eps_avg_yearly": 0.16,
            "eps_latest_yearly": 0.16,
            "eps_growth_yearly": 287.04
        },
        "20141": {
            "year_quarter": 20141,
            "year": 2014,
            "quarter": 1,
            "eps": 0.02,
            "eps_growth_year": 100,
            "eps_4q": 0.07,
            "eps_4q_growth_year": -27.03,
            "roe": 0.17,
            "roe_4q": 0.7100000000000001,
            "gross_profit": 28179,
            "gross_margin": 8.93,
            "gross_margin_4q_avg": 8.3,
            "net_income": 2912,
            "net_income_4q": null,
            "revenue": 315602,
            "revenue_4q": null,
            "common_shares": 1618959,
            "book_valuer_per_share": 10.72,
            "book_valuer_per_share_4q_avg": 10.6,
            "equity": 1735116,
            "current_ratio": 126.99,
            "debt_ratio": 39.87,
            "inventory_turnover_ratio": 0.59,
            "account_receivable_turnover_ratio": 0.49,
            "reinvestment_rate": -6419.24,
            "research_to_sale_ratio": 0.76,
            "price_fair": 5.04,
            "eps_avg_yearly": 0.14,
            "eps_latest_yearly": 0.08,
            "eps_growth_yearly": 169.63
        },
        "20142": {
            "year_quarter": 20142,
            "year": 2014,
            "quarter": 2,
            "eps": 0.02,
            "eps_growth_year": -50,
            "eps_4q": 0.06,
            "eps_4q_growth_year": -77.17,
            "roe": 0.18,
            "roe_4q": 0.5400000000000001,
            "gross_profit": 30785,
            "gross_margin": 8.99,
            "gross_margin_4q_avg": 8.68,
            "net_income": 3126,
            "net_income_4q": null,
            "revenue": 342362,
            "revenue_4q": null,
            "common_shares": 1618959,
            "book_valuer_per_share": 11.19,
            "book_valuer_per_share_4q_avg": 10.76,
            "equity": 1811147,
            "current_ratio": 136.28,
            "debt_ratio": 39.58,
            "inventory_turnover_ratio": 0.64,
            "account_receivable_turnover_ratio": 0.53,
            "reinvestment_rate": -6213.22,
            "research_to_sale_ratio": 0.63,
            "price_fair": 4.67,
            "eps_avg_yearly": 0.13,
            "eps_latest_yearly": 0.08,
            "eps_growth_yearly": 141.36
        },
        "20143": {
            "year_quarter": 20143,
            "year": 2014,
            "quarter": 3,
            "eps": 0.04,
            "eps_growth_year": null,
            "eps_4q": 0.16,
            "eps_4q_growth_year": -38.11,
            "roe": 0.34,
            "roe_4q": 1.48,
            "gross_profit": 32502,
            "gross_margin": 9.93,
            "gross_margin_4q_avg": 9.09,
            "net_income": 6037,
            "net_income_4q": null,
            "revenue": 327325,
            "revenue_4q": null,
            "common_shares": 1618959,
            "book_valuer_per_share": 11.03,
            "book_valuer_per_share_4q_avg": 10.89,
            "equity": 1785471,
            "current_ratio": 136.41,
            "debt_ratio": 39.21,
            "inventory_turnover_ratio": 0.59,
            "account_receivable_turnover_ratio": 0.51,
            "reinvestment_rate": -5179.38,
            "research_to_sale_ratio": 0.64,
            "price_fair": 4.8,
            "eps_avg_yearly": 0.14,
            "eps_latest_yearly": 0.16,
            "eps_growth_yearly": 178.31
        },
        "20144": {
            "year_quarter": 20144,
            "year": 2014,
            "quarter": 4,
            "eps": 0.07,
            "eps_growth_year": -12.19,
            "eps_4q": 0.15,
            "eps_4q_growth_year": 120.89,
            "roe": 0.65,
            "roe_4q": 1.3399999999999999,
            "gross_profit": 24735,
            "gross_margin": 8.07,
            "gross_margin_4q_avg": 8.98,
            "net_income": 11805,
            "net_income_4q": null,
            "revenue": 306337,
            "revenue_4q": null,
            "common_shares": 1618959,
            "book_valuer_per_share": 11.31,
            "book_valuer_per_share_4q_avg": 11.06,
            "equity": 1831152,
            "current_ratio": 193.58,
            "debt_ratio": 39,
            "inventory_turnover_ratio": 0.54,
            "account_receivable_turnover_ratio": 0.46,
            "reinvestment_rate": -3819.08,
            "research_to_sale_ratio": 0.6,
            "price_fair": 5.43,
            "eps_avg_yearly": 0.16,
            "eps_latest_yearly": 0.28,
            "eps_growth_yearly": 193.52
        },
        "20151": {
            "year_quarter": 20151,
            "year": 2015,
            "quarter": 1,
            "eps": 0.04,
            "eps_growth_year": 100,
            "eps_4q": 0.17,
            "eps_4q_growth_year": 127.65,
            "roe": 0.36,
            "roe_4q": 1.53,
            "gross_profit": 32267,
            "gross_margin": 13.33,
            "gross_margin_4q_avg": 10.08,
            "net_income": 6487,
            "net_income_4q": null,
            "revenue": 242142,
            "revenue_4q": null,
            "common_shares": 1618959,
            "book_valuer_per_share": 11.13,
            "book_valuer_per_share_4q_avg": 11.17,
            "equity": 1801548,
            "current_ratio": 198.36,
            "debt_ratio": 38.61,
            "inventory_turnover_ratio": 0.39,
            "account_receivable_turnover_ratio": 0.37,
            "reinvestment_rate": -4396.59,
            "research_to_sale_ratio": 0.82,
            "price_fair": 5.08,
            "eps_avg_yearly": 0.15,
            "eps_latest_yearly": 0.16,
            "eps_growth_yearly": 122.09
        },
        "20152": {
            "year_quarter": 20152,
            "year": 2015,
            "quarter": 2,
            "eps": -0.01,
            "eps_growth_year": -150,
            "eps_4q": 0.14,
            "eps_4q_growth_year": 148.02,
            "roe": -0.08,
            "roe_4q": 1.27,
            "gross_profit": 22008,
            "gross_margin": 10.65,
            "gross_margin_4q_avg": 10.5,
            "net_income": -1491,
            "net_income_4q": null,
            "revenue": 206574,
            "revenue_4q": null,
            "common_shares": 1618959,
            "book_valuer_per_share": 11.03,
            "book_valuer_per_share_4q_avg": 11.13,
            "equity": 1785613,
            "current_ratio": 200.29,
            "debt_ratio": 36.03,
            "inventory_turnover_ratio": 0.34,
            "account_receivable_turnover_ratio": 0.36,
            "reinvestment_rate": -5332.16,
            "research_to_sale_ratio": 1.2,
            "price_fair": 4.8,
            "eps_avg_yearly": 0.14,
            "eps_latest_yearly": 0.16,
            "eps_growth_yearly": 149.06
        },
        "20153": {
            "year_quarter": 20153,
            "year": 2015,
            "quarter": 3,
            "eps": -0.03,
            "eps_growth_year": -175,
            "eps_4q": 0.08,
            "eps_4q_growth_year": -51.52,
            "roe": -0.24,
            "roe_4q": 0.69,
            "gross_profit": 21439,
            "gross_margin": 9.52,
            "gross_margin_4q_avg": 10.39,
            "net_income": -4431,
            "net_income_4q": null,
            "revenue": 225218,
            "revenue_4q": null,
            "common_shares": 1618959,
            "book_valuer_per_share": 11.46,
            "book_valuer_per_share_4q_avg": 11.23,
            "equity": 1854830,
            "current_ratio": 195.34,
            "debt_ratio": 35.89,
            "inventory_turnover_ratio": 0.38,
            "account_receivable_turnover_ratio": 0.43,
            "reinvestment_rate": -5287.67,
            "research_to_sale_ratio": 1.04,
            "price_fair": 4.8,
            "eps_avg_yearly": 0.14,
            "eps_latest_yearly": 0.16,
            "eps_growth_yearly": 149.06
        },
        "20154": {
            "year_quarter": 20154,
            "year": 2015,
            "quarter": 4,
            "eps": 0.02,
            "eps_growth_year": -77.2,
            "eps_4q": 0.02,
            "eps_4q_growth_year": -86.36,
            "roe": 0.15,
            "roe_4q": 0.19,
            "gross_profit": 25861,
            "gross_margin": 13.42,
            "gross_margin_4q_avg": 11.73,
            "net_income": 2692,
            "net_income_4q": null,
            "revenue": 192688,
            "revenue_4q": null,
            "common_shares": 1618959,
            "book_valuer_per_share": 11.07,
            "book_valuer_per_share_4q_avg": 11.17,
            "equity": 1792477,
            "current_ratio": 201.9,
            "debt_ratio": 34.22,
            "inventory_turnover_ratio": 0.32,
            "account_receivable_turnover_ratio": 0.39,
            "reinvestment_rate": -3807.08,
            "research_to_sale_ratio": 0.98,
            "price_fair": 4.8,
            "eps_avg_yearly": 0.14,
            "eps_latest_yearly": 0.16,
            "eps_growth_yearly": 149.06
        },
        "20161": {
            "year_quarter": 20161,
            "year": 2016,
            "quarter": 1,
            "eps": -0.01,
            "eps_growth_year": -125,
            "eps_4q": -0.03,
            "eps_4q_growth_year": -116.06,
            "roe": -0.07,
            "roe_4q": -0.24,
            "gross_profit": 28539,
            "gross_margin": 16.72,
            "gross_margin_4q_avg": 12.58,
            "net_income": -1180,
            "net_income_4q": null,
            "revenue": 170677,
            "revenue_4q": null,
            "common_shares": 1618959,
            "book_valuer_per_share": 10.79,
            "book_valuer_per_share_4q_avg": 11.09,
            "equity": 1747596,
            "current_ratio": 209.98,
            "debt_ratio": 36.62,
            "inventory_turnover_ratio": 0.29,
            "account_receivable_turnover_ratio": 0.38,
            "reinvestment_rate": -2944.8,
            "research_to_sale_ratio": 1.25,
            "price_fair": 4.8,
            "eps_avg_yearly": 0.14,
            "eps_latest_yearly": 0.16,
            "eps_growth_yearly": 149.06
        },
        "20162": {
            "year_quarter": 20162,
            "year": 2016,
            "quarter": 2,
            "eps": 0.01,
            "eps_growth_year": null,
            "eps_4q": -0.01,
            "eps_4q_growth_year": -104.88,
            "roe": 0.1,
            "roe_4q": -0.06,
            "gross_profit": 31691,
            "gross_margin": 16.74,
            "gross_margin_4q_avg": 14.1,
            "net_income": 1805,
            "net_income_4q": null,
            "revenue": 189327,
            "revenue_4q": null,
            "common_shares": 1618959,
            "book_valuer_per_share": 10.86,
            "book_valuer_per_share_4q_avg": 11.05,
            "equity": 1757463,
            "current_ratio": 224.9,
            "debt_ratio": 34.9,
            "inventory_turnover_ratio": 0.32,
            "account_receivable_turnover_ratio": 0.43,
            "reinvestment_rate": -2103.25,
            "research_to_sale_ratio": 1.24,
            "price_fair": 4.8,
            "eps_avg_yearly": 0.14,
            "eps_latest_yearly": 0.16,
            "eps_growth_yearly": 149.06
        },
        "20163": {
            "year_quarter": 20163,
            "year": 2016,
            "quarter": 3,
            "eps": 0.02,
            "eps_growth_year": null,
            "eps_4q": 0.05,
            "eps_4q_growth_year": -40.63,
            "roe": 0.23,
            "roe_4q": 0.41000000000000003,
            "gross_profit": 43564,
            "gross_margin": 19.58,
            "gross_margin_4q_avg": 16.62,
            "net_income": 4027,
            "net_income_4q": null,
            "revenue": 222452,
            "revenue_4q": null,
            "common_shares": 1618959,
            "book_valuer_per_share": 10.57,
            "book_valuer_per_share_4q_avg": 10.82,
            "equity": 1710736,
            "current_ratio": 202.26,
            "debt_ratio": 40.08,
            "inventory_turnover_ratio": 0.37,
            "account_receivable_turnover_ratio": 0.48,
            "reinvestment_rate": -1697.7,
            "research_to_sale_ratio": 1.34,
            "price_fair": 4.55,
            "eps_avg_yearly": 0.13,
            "eps_latest_yearly": 0.08,
            "eps_growth_yearly": 180.42
        },
        "20164": {
            "year_quarter": 20164,
            "year": 2016,
            "quarter": 4,
            "eps": 0.24,
            "eps_growth_year": 1356.8,
            "eps_4q": 0.27,
            "eps_4q_growth_year": 1246.9,
            "roe": 2.27,
            "roe_4q": 2.5300000000000002,
            "gross_profit": 38682,
            "gross_margin": 17.19,
            "gross_margin_4q_avg": 17.56,
            "net_income": 39217,
            "net_income_4q": null,
            "revenue": 225060,
            "revenue_4q": null,
            "common_shares": 1618959,
            "book_valuer_per_share": 10.75,
            "book_valuer_per_share_4q_avg": 10.74,
            "equity": 1740830,
            "current_ratio": 195.38,
            "debt_ratio": 38.8,
            "inventory_turnover_ratio": 0.38,
            "account_receivable_turnover_ratio": 0.46,
            "reinvestment_rate": -1825.54,
            "research_to_sale_ratio": 1.28,
            "price_fair": 7.78,
            "eps_avg_yearly": 0.22,
            "eps_latest_yearly": 0.96,
            "eps_growth_yearly": 649.27
        },
        "20171": {
            "year_quarter": 20171,
            "year": 2017,
            "quarter": 1,
            "eps": -0.11,
            "eps_growth_year": null,
            "eps_4q": 0.16,
            "eps_4q_growth_year": null,
            "roe": -1.1,
            "roe_4q": 1.5,
            "gross_profit": 19943,
            "gross_margin": 10.06,
            "gross_margin_4q_avg": 15.89,
            "net_income": -18610,
            "net_income_4q": null,
            "revenue": 198187,
            "revenue_4q": null,
            "common_shares": 1618959,
            "book_valuer_per_share": 10.16,
            "book_valuer_per_share_4q_avg": 10.59,
            "equity": 1645392,
            "current_ratio": 197.31,
            "debt_ratio": 40.3,
            "inventory_turnover_ratio": 0.37,
            "account_receivable_turnover_ratio": 0.42,
            "reinvestment_rate": -381.1,
            "research_to_sale_ratio": 2.08,
            "price_fair": 8.58,
            "eps_avg_yearly": 0.25,
            "eps_latest_yearly": 0.96,
            "eps_growth_yearly": 778.57
        },
        "20172": {
            "year_quarter": 20172,
            "year": 2017,
            "quarter": 2,
            "eps": 0.03,
            "eps_growth_year": 200,
            "eps_4q": 0.18,
            "eps_4q_growth_year": null,
            "roe": 0.28,
            "roe_4q": 1.68,
            "gross_profit": 35219,
            "gross_margin": 14.94,
            "gross_margin_4q_avg": 15.44,
            "net_income": 4593,
            "net_income_4q": null,
            "revenue": 235740,
            "revenue_4q": null,
            "common_shares": 1618959,
            "book_valuer_per_share": 10.21,
            "book_valuer_per_share_4q_avg": 10.42,
            "equity": 1661051,
            "current_ratio": 183.42,
            "debt_ratio": 41.16,
            "inventory_turnover_ratio": 0.43,
            "account_receivable_turnover_ratio": 0.49,
            "reinvestment_rate": -360.86,
            "research_to_sale_ratio": 1.87,
            "price_fair": 9,
            "eps_avg_yearly": 0.26,
            "eps_latest_yearly": 0.96,
            "eps_growth_yearly": 718.37
        },
        "20173": {
            "year_quarter": 20173,
            "year": 2017,
            "quarter": 3,
            "eps": 0.03,
            "eps_growth_year": 50,
            "eps_4q": 0.19,
            "eps_4q_growth_year": 313.4,
            "roe": 0.44,
            "roe_4q": 1.89,
            "gross_profit": 46244,
            "gross_margin": 15.48,
            "gross_margin_4q_avg": 14.42,
            "net_income": 7484,
            "net_income_4q": null,
            "revenue": 298769,
            "revenue_4q": null,
            "common_shares": 1618959,
            "book_valuer_per_share": 10.51,
            "book_valuer_per_share_4q_avg": 10.41,
            "equity": 1711386,
            "current_ratio": 166.86,
            "debt_ratio": 43.67,
            "inventory_turnover_ratio": 0.53,
            "account_receivable_turnover_ratio": 0.54,
            "reinvestment_rate": -211.74,
            "research_to_sale_ratio": 1.43,
            "price_fair": 8.4,
            "eps_avg_yearly": 0.24,
            "eps_latest_yearly": 0.12,
            "eps_growth_yearly": 628.57
        },
        "20174": {
            "year_quarter": 20174,
            "year": 2017,
            "quarter": 4,
            "eps": 0.28,
            "eps_growth_year": 14.28,
            "eps_4q": 0.22,
            "eps_4q_growth_year": -18.03,
            "roe": 2.61,
            "roe_4q": 2.23,
            "gross_profit": 51112,
            "gross_margin": 16.96,
            "gross_margin_4q_avg": 14.36,
            "net_income": 45701,
            "net_income_4q": null,
            "revenue": 301291,
            "revenue_4q": null,
            "common_shares": 1618959,
            "book_valuer_per_share": 10.88,
            "book_valuer_per_share_4q_avg": 10.44,
            "equity": 1789775,
            "current_ratio": 176.56,
            "debt_ratio": 39.41,
            "inventory_turnover_ratio": 0.53,
            "account_receivable_turnover_ratio": 0.5,
            "reinvestment_rate": -268.22,
            "research_to_sale_ratio": 1,
            "price_fair": 11.82,
            "eps_avg_yearly": 0.34,
            "eps_latest_yearly": 1.12,
            "eps_growth_yearly": 929.1
        },
        "20181": {
            "year_quarter": 20181,
            "year": 2018,
            "quarter": 1,
            "eps": 0.03,
            "eps_growth_year": null,
            "eps_4q": 0.37,
            "eps_4q_growth_year": 123.53,
            "roe": 0.32,
            "roe_4q": 3.6499999999999995,
            "gross_profit": 35841,
            "gross_margin": 12.3,
            "gross_margin_4q_avg": 14.92,
            "net_income": 5655,
            "net_income_4q": null,
            "revenue": 291331,
            "revenue_4q": null,
            "common_shares": 1618959,
            "book_valuer_per_share": 10.91,
            "book_valuer_per_share_4q_avg": 10.63,
            "equity": 1795340,
            "current_ratio": 175.03,
            "debt_ratio": 42.06,
            "inventory_turnover_ratio": 0.55,
            "account_receivable_turnover_ratio": 0.48,
            "reinvestment_rate": -253.21,
            "research_to_sale_ratio": 1.17,
            "price_fair": 11.98,
            "eps_avg_yearly": 0.34,
            "eps_latest_yearly": 0.12,
            "eps_growth_yearly": 922.75
        },
        "20182": {
            "year_quarter": 20182,
            "year": 2018,
            "quarter": 2,
            "eps": 0.08,
            "eps_growth_year": 166.67,
            "eps_4q": 0.41,
            "eps_4q_growth_year": 128.22,
            "roe": 0.76,
            "roe_4q": 4.13,
            "gross_profit": 50706,
            "gross_margin": 16.11,
            "gross_margin_4q_avg": 15.21,
            "net_income": 13694,
            "net_income_4q": null,
            "revenue": 314800,
            "revenue_4q": null,
            "common_shares": 1618959,
            "book_valuer_per_share": 10.86,
            "book_valuer_per_share_4q_avg": 10.79,
            "equity": 1788882,
            "current_ratio": 186.24,
            "debt_ratio": 42.28,
            "inventory_turnover_ratio": 0.56,
            "account_receivable_turnover_ratio": 0.5,
            "reinvestment_rate": -210.84,
            "research_to_sale_ratio": 1.08,
            "price_fair": 12.91,
            "eps_avg_yearly": 0.37,
            "eps_latest_yearly": 0.32,
            "eps_growth_yearly": 996.83
        },
        "20183": {
            "year_quarter": 20183,
            "year": 2018,
            "quarter": 3,
            "eps": 0.19,
            "eps_growth_year": 533.33,
            "eps_4q": 0.57,
            "eps_4q_growth_year": 202.27,
            "roe": 1.87,
            "roe_4q": 5.56,
            "gross_profit": 39044,
            "gross_margin": 12.56,
            "gross_margin_4q_avg": 14.48,
            "net_income": 32766,
            "net_income_4q": null,
            "revenue": 310971,
            "revenue_4q": null,
            "common_shares": 1647028,
            "book_valuer_per_share": 10.17,
            "book_valuer_per_share_4q_avg": 10.71,
            "equity": 1706276,
            "current_ratio": 181.41,
            "debt_ratio": 43.64,
            "inventory_turnover_ratio": 0.59,
            "account_receivable_turnover_ratio": 0.48,
            "reinvestment_rate": -171.41,
            "research_to_sale_ratio": 1.12,
            "price_fair": 15.24,
            "eps_avg_yearly": 0.44,
            "eps_latest_yearly": 0.76,
            "eps_growth_yearly": 1013.49
        },
        "20184": {
            "year_quarter": 20184,
            "year": 2018,
            "quarter": 4,
            "eps": -0.07,
            "eps_growth_year": -126.89,
            "eps_4q": 0.22,
            "eps_4q_growth_year": -0.83,
            "roe": -0.68,
            "roe_4q": 2.27,
            "gross_profit": 37717,
            "gross_margin": 12.59,
            "gross_margin_4q_avg": 13.39,
            "net_income": -11473,
            "net_income_4q": null,
            "revenue": 299647,
            "revenue_4q": null,
            "common_shares": 1647028,
            "book_valuer_per_share": 9.81,
            "book_valuer_per_share_4q_avg": 10.44,
            "equity": 1643679,
            "current_ratio": 170.74,
            "debt_ratio": 44.91,
            "inventory_turnover_ratio": 0.57,
            "account_receivable_turnover_ratio": 0.46,
            "reinvestment_rate": -138.78,
            "research_to_sale_ratio": 0.9,
            "price_fair": 15.93,
            "eps_avg_yearly": 0.46,
            "eps_latest_yearly": 0.76,
            "eps_growth_yearly": 1102.68
        },
        "20191": {
            "year_quarter": 20191,
            "year": 2019,
            "quarter": 1,
            "eps": -0.02,
            "eps_growth_year": -166.67,
            "eps_4q": 0.18,
            "eps_4q_growth_year": -51.87,
            "roe": -0.12,
            "roe_4q": 1.83,
            "gross_profit": 28565,
            "gross_margin": 10.26,
            "gross_margin_4q_avg": 12.88,
            "net_income": -2097,
            "net_income_4q": null,
            "revenue": 278324,
            "revenue_4q": null,
            "common_shares": 1647028,
            "book_valuer_per_share": 10.34,
            "book_valuer_per_share_4q_avg": 10.3,
            "equity": 1732744,
            "current_ratio": 170.04,
            "debt_ratio": 44.39,
            "inventory_turnover_ratio": 0.53,
            "account_receivable_turnover_ratio": 0.42,
            "reinvestment_rate": -34.08,
            "research_to_sale_ratio": 1.16,
            "price_fair": 17.4,
            "eps_avg_yearly": 0.5,
            "eps_latest_yearly": 0.76,
            "eps_growth_yearly": 1284.69
        },
        "20192": {
            "year_quarter": 20192,
            "year": 2019,
            "quarter": 2,
            "eps": 0.01,
            "eps_growth_year": -87.5,
            "eps_4q": 0.11,
            "eps_4q_growth_year": -73.06,
            "roe": 0.09,
            "roe_4q": 1.1600000000000001,
            "gross_profit": 40399,
            "gross_margin": 12.62,
            "gross_margin_4q_avg": 12.01,
            "net_income": 1489,
            "net_income_4q": null,
            "revenue": 320066,
            "revenue_4q": null,
            "common_shares": 1648239,
            "book_valuer_per_share": 10.05,
            "book_valuer_per_share_4q_avg": 10.09,
            "equity": 1683931,
            "current_ratio": 162.66,
            "debt_ratio": 44.96,
            "inventory_turnover_ratio": 0.58,
            "account_receivable_turnover_ratio": 0.48,
            "reinvestment_rate": -86.2,
            "research_to_sale_ratio": 0.73,
            "price_fair": 17.4,
            "eps_avg_yearly": 0.5,
            "eps_latest_yearly": 0.76,
            "eps_growth_yearly": 1284.69
        },
        "20193": {
            "year_quarter": 20193,
            "year": 2019,
            "quarter": 3,
            "eps": 0.27,
            "eps_growth_year": 42.11,
            "eps_4q": 0.19,
            "eps_4q_growth_year": -66.45,
            "roe": 2.78,
            "roe_4q": 2.0699999999999994,
            "gross_profit": 54464,
            "gross_margin": 16.17,
            "gross_margin_4q_avg": 12.91,
            "net_income": 47271,
            "net_income_4q": null,
            "revenue": 336872,
            "revenue_4q": null,
            "common_shares": 1648239,
            "book_valuer_per_share": 10.24,
            "book_valuer_per_share_4q_avg": 10.11,
            "equity": 1717795,
            "current_ratio": 161.41,
            "debt_ratio": 43.71,
            "inventory_turnover_ratio": 0.59,
            "account_receivable_turnover_ratio": 0.5,
            "reinvestment_rate": -107.41,
            "research_to_sale_ratio": 0.24,
            "price_fair": 19.95,
            "eps_avg_yearly": 0.57,
            "eps_latest_yearly": 1.08,
            "eps_growth_yearly": 2424.11
        },
        "20194": {
            "year_quarter": 20194,
            "year": 2019,
            "quarter": 4,
            "eps": 0.16,
            "eps_growth_year": null,
            "eps_4q": 0.42,
            "eps_4q_growth_year": 91.46,
            "roe": 1.61,
            "roe_4q": 4.359999999999999,
            "gross_profit": 48243,
            "gross_margin": 15.08,
            "gross_margin_4q_avg": 13.53,
            "net_income": 27868,
            "net_income_4q": null,
            "revenue": 319866,
            "revenue_4q": null,
            "common_shares": 1648239,
            "book_valuer_per_share": 10.38,
            "book_valuer_per_share_4q_avg": 10.25,
            "equity": 1742270,
            "current_ratio": 208.34,
            "debt_ratio": 42.86,
            "inventory_turnover_ratio": 0.58,
            "account_receivable_turnover_ratio": 0.46,
            "reinvestment_rate": -100.52,
            "research_to_sale_ratio": 0.23,
            "price_fair": 20.22,
            "eps_avg_yearly": 0.58,
            "eps_latest_yearly": 0.64,
            "eps_growth_yearly": 2136.65
        },
        "20201": {
            "year_quarter": 20201,
            "year": 2020,
            "quarter": 1,
            "eps": 0.04,
            "eps_growth_year": null,
            "eps_4q": 0.48,
            "eps_4q_growth_year": 175.23,
            "roe": 0.39,
            "roe_4q": 4.869999999999999,
            "gross_profit": 34548,
            "gross_margin": 12.61,
            "gross_margin_4q_avg": 14.12,
            "net_income": 6764,
            "net_income_4q": null,
            "revenue": 274032,
            "revenue_4q": null,
            "common_shares": 1648239,
            "book_valuer_per_share": 10.26,
            "book_valuer_per_share_4q_avg": 10.23,
            "equity": 1725833,
            "current_ratio": 195.65,
            "debt_ratio": 44.11,
            "inventory_turnover_ratio": 0.52,
            "account_receivable_turnover_ratio": 0.41,
            "reinvestment_rate": -101.26,
            "research_to_sale_ratio": 0.39,
            "price_fair": 18.76,
            "eps_avg_yearly": 0.54,
            "eps_latest_yearly": 0.16,
            "eps_growth_yearly": 1892.99
        },
        "20202": {
            "year_quarter": 20202,
            "year": 2020,
            "quarter": 2,
            "eps": 0.1,
            "eps_growth_year": 900,
            "eps_4q": 0.56,
            "eps_4q_growth_year": 408.36,
            "roe": 0.81,
            "roe_4q": 5.59,
            "gross_profit": 41257,
            "gross_margin": 14.17,
            "gross_margin_4q_avg": 14.51,
            "net_income": 15224,
            "net_income_4q": null,
            "revenue": 291218,
            "revenue_4q": null,
            "common_shares": 1693397,
            "book_valuer_per_share": 11.88,
            "book_valuer_per_share_4q_avg": 10.69,
            "equity": 2041857,
            "current_ratio": 238.62,
            "debt_ratio": 41.36,
            "inventory_turnover_ratio": 0.56,
            "account_receivable_turnover_ratio": 0.46,
            "reinvestment_rate": -95.16,
            "research_to_sale_ratio": 0.32,
            "price_fair": 18.33,
            "eps_avg_yearly": 0.52,
            "eps_latest_yearly": 0.4,
            "eps_growth_yearly": 1775.44
        },
        "20203": {
            "year_quarter": 20203,
            "year": 2020,
            "quarter": 3,
            "eps": 0.23,
            "eps_growth_year": -14.81,
            "eps_4q": 0.52,
            "eps_4q_growth_year": 173.13,
            "roe": 2.02,
            "roe_4q": 4.83,
            "gross_profit": 59153,
            "gross_margin": 18.93,
            "gross_margin_4q_avg": 15.2,
            "net_income": 40533,
            "net_income_4q": null,
            "revenue": 312519,
            "revenue_4q": null,
            "common_shares": 1693397,
            "book_valuer_per_share": 11.4,
            "book_valuer_per_share_4q_avg": 10.98,
            "equity": 1962309,
            "current_ratio": 219.62,
            "debt_ratio": 42.48,
            "inventory_turnover_ratio": 0.58,
            "account_receivable_turnover_ratio": 0.52,
            "reinvestment_rate": -42.8,
            "research_to_sale_ratio": 0.34,
            "price_fair": 21,
            "eps_avg_yearly": 0.6,
            "eps_latest_yearly": 0.92,
            "eps_growth_yearly": 1786.35
        },
        "20204": {
            "year_quarter": 20204,
            "year": 2020,
            "quarter": 4,
            "eps": 0.15,
            "eps_growth_year": -5.32,
            "eps_4q": 0.52,
            "eps_4q_growth_year": 22.18,
            "roe": 1.33,
            "roe_4q": 4.55,
            "gross_profit": 39798,
            "gross_margin": 10.29,
            "gross_margin_4q_avg": 14,
            "net_income": 26536,
            "net_income_4q": null,
            "revenue": 386607,
            "revenue_4q": null,
            "common_shares": 1693397,
            "book_valuer_per_share": 11.85,
            "book_valuer_per_share_4q_avg": 11.35,
            "equity": 2041435,
            "current_ratio": 207.05,
            "debt_ratio": 42.44,
            "inventory_turnover_ratio": 0.79,
            "account_receivable_turnover_ratio": 0.59,
            "reinvestment_rate": -14.84,
            "research_to_sale_ratio": 0.22,
            "price_fair": 19.85,
            "eps_avg_yearly": 0.57,
            "eps_latest_yearly": 0.6,
            "eps_growth_yearly": 1373.71
        },
        "20211": {
            "year_quarter": 20211,
            "year": 2021,
            "quarter": 1,
            "eps": 0.03,
            "eps_growth_year": -25,
            "eps_4q": 0.51,
            "eps_4q_growth_year": 4.78,
            "roe": 0.38,
            "roe_4q": 4.54,
            "gross_profit": 45189,
            "gross_margin": 12.52,
            "gross_margin_4q_avg": 13.98,
            "net_income": 7629,
            "net_income_4q": null,
            "revenue": 360844,
            "revenue_4q": null,
            "common_shares": 1693397,
            "book_valuer_per_share": 11.38,
            "book_valuer_per_share_4q_avg": 11.63,
            "equity": 1962381,
            "current_ratio": 184.67,
            "debt_ratio": 45.01,
            "inventory_turnover_ratio": 0.73,
            "account_receivable_turnover_ratio": 0.52,
            "reinvestment_rate": 13.32,
            "research_to_sale_ratio": 0.24,
            "price_fair": 18.55,
            "eps_avg_yearly": 0.53,
            "eps_latest_yearly": 0.12,
            "eps_growth_yearly": 1232.56
        },
        "20212": {
            "year_quarter": 20212,
            "year": 2021,
            "quarter": 2,
            "eps": 0.12,
            "eps_growth_year": 20,
            "eps_4q": 0.53,
            "eps_4q_growth_year": -5.31,
            "roe": 1.09,
            "roe_4q": 4.82,
            "gross_profit": 54321,
            "gross_margin": 13.34,
            "gross_margin_4q_avg": 13.77,
            "net_income": 21319,
            "net_income_4q": null,
            "revenue": 407343,
            "revenue_4q": null,
            "common_shares": 1693397,
            "book_valuer_per_share": 11.24,
            "book_valuer_per_share_4q_avg": 11.47,
            "equity": 1940932,
            "current_ratio": 190.45,
            "debt_ratio": 47.8,
            "inventory_turnover_ratio": 0.79,
            "account_receivable_turnover_ratio": 0.55,
            "reinvestment_rate": 30.52,
            "research_to_sale_ratio": 0.29,
            "price_fair": 18.42,
            "eps_avg_yearly": 0.53,
            "eps_latest_yearly": 0.48,
            "eps_growth_yearly": 1230.06
        },
        "20213": {
            "year_quarter": 20213,
            "year": 2021,
            "quarter": 3,
            "eps": 0.1,
            "eps_growth_year": -56.52,
            "eps_4q": 0.39,
            "eps_4q_growth_year": -25.55,
            "roe": 1.07,
            "roe_4q": 3.87,
            "gross_profit": 44260,
            "gross_margin": 10.86,
            "gross_margin_4q_avg": 11.75,
            "net_income": 20227,
            "net_income_4q": null,
            "revenue": 407640,
            "revenue_4q": null,
            "common_shares": 1761133,
            "book_valuer_per_share": 10.17,
            "book_valuer_per_share_4q_avg": 11.16,
            "equity": 1828153,
            "current_ratio": 149.43,
            "debt_ratio": 54.2,
            "inventory_turnover_ratio": 0.79,
            "account_receivable_turnover_ratio": 0.51,
            "reinvestment_rate": 61.63,
            "research_to_sale_ratio": 0.12,
            "price_fair": 19.17,
            "eps_avg_yearly": 0.55,
            "eps_latest_yearly": 0.4,
            "eps_growth_yearly": 1224.93
        },
        "20214": {
            "year_quarter": 20214,
            "year": 2021,
            "quarter": 4,
            "eps": -0.06,
            "eps_growth_year": -140.61,
            "eps_4q": 0.17,
            "eps_4q_growth_year": -67.88,
            "roe": -0.59,
            "roe_4q": 1.9500000000000002,
            "gross_profit": 28230,
            "gross_margin": 7,
            "gross_margin_4q_avg": 10.93,
            "net_income": -11389,
            "net_income_4q": null,
            "revenue": 403220,
            "revenue_4q": null,
            "common_shares": 1899309,
            "book_valuer_per_share": 10.39,
            "book_valuer_per_share_4q_avg": 10.8,
            "equity": 2009700,
            "current_ratio": 117.54,
            "debt_ratio": 51.68,
            "inventory_turnover_ratio": 0.81,
            "account_receivable_turnover_ratio": 0.49,
            "reinvestment_rate": 301.18,
            "research_to_sale_ratio": 0.19,
            "price_fair": 17.5,
            "eps_avg_yearly": 0.5,
            "eps_latest_yearly": 0.4,
            "eps_growth_yearly": 1049.23
        },
        "20221": {
            "year_quarter": 20221,
            "year": 2022,
            "quarter": 1,
            "eps": -0.1,
            "eps_growth_year": -433.33,
            "eps_4q": 0.04,
            "eps_4q_growth_year": -92.99,
            "roe": -0.95,
            "roe_4q": 0.6200000000000001,
            "gross_profit": 27573,
            "gross_margin": 7.19,
            "gross_margin_4q_avg": 9.6,
            "net_income": -19047,
            "net_income_4q": null,
            "revenue": 383347,
            "revenue_4q": null,
            "common_shares": 1899283,
            "book_valuer_per_share": 10.42,
            "book_valuer_per_share_4q_avg": 10.56,
            "equity": 2016552,
            "current_ratio": 156.7,
            "debt_ratio": 52.1,
            "inventory_turnover_ratio": 0.74,
            "account_receivable_turnover_ratio": 0.47,
            "reinvestment_rate": 382.97,
            "research_to_sale_ratio": 0.24,
            "price_fair": 18.71,
            "eps_avg_yearly": 0.53,
            "eps_latest_yearly": 0.4,
            "eps_growth_yearly": 1177.08
        },
        "20222": {
            "year_quarter": 20222,
            "year": 2022,
            "quarter": 2,
            "eps": -0.18,
            "eps_growth_year": -250,
            "eps_4q": -0.25,
            "eps_4q_growth_year": -146.67,
            "roe": -1.69,
            "roe_4q": -2.1599999999999993,
            "gross_profit": -3079,
            "gross_margin": -0.88,
            "gross_margin_4q_avg": 6.04,
            "net_income": -33504,
            "net_income_4q": null,
            "revenue": 350902,
            "revenue_4q": null,
            "common_shares": 1899283,
            "book_valuer_per_share": 10.08,
            "book_valuer_per_share_4q_avg": 10.27,
            "equity": 1952435,
            "current_ratio": 161.07,
            "debt_ratio": 51.37,
            "inventory_turnover_ratio": 0.72,
            "account_receivable_turnover_ratio": 0.44,
            "reinvestment_rate": 473.87,
            "research_to_sale_ratio": 0.11,
            "price_fair": 19.46,
            "eps_avg_yearly": 0.56,
            "eps_latest_yearly": 0.4,
            "eps_growth_yearly": 1228.12
        },
        "20223": {
            "year_quarter": 20223,
            "year": 2022,
            "quarter": 3,
            "eps": -0.05,
            "eps_growth_year": -150,
            "eps_4q": -0.39,
            "eps_4q_growth_year": -199.74,
            "roe": -0.44,
            "roe_4q": -3.67,
            "gross_profit": 28016,
            "gross_margin": 7.18,
            "gross_margin_4q_avg": 5.12,
            "net_income": -8517,
            "net_income_4q": null,
            "revenue": 390369,
            "revenue_4q": null,
            "common_shares": 1899283,
            "book_valuer_per_share": 10.09,
            "book_valuer_per_share_4q_avg": 10.25,
            "equity": 1945436,
            "current_ratio": 165.07,
            "debt_ratio": 50.81,
            "inventory_turnover_ratio": 0.75,
            "account_receivable_turnover_ratio": 0.49,
            "reinvestment_rate": 727.93,
            "research_to_sale_ratio": 0.11,
            "price_fair": 18.67,
            "eps_avg_yearly": 0.53,
            "eps_latest_yearly": 0.4,
            "eps_growth_yearly": 1303.47
        },
        "20224": {
            "year_quarter": 20224,
            "year": 2022,
            "quarter": 4,
            "eps": 0.34,
            "eps_growth_year": null,
            "eps_4q": 0.01,
            "eps_4q_growth_year": -91.58,
            "roe": 3.16,
            "roe_4q": 0.0800000000000003,
            "gross_profit": -955,
            "gross_margin": -0.29,
            "gross_margin_4q_avg": 3.3,
            "net_income": 64234,
            "net_income_4q": null,
            "revenue": 329375,
            "revenue_4q": null,
            "common_shares": 1899283,
            "book_valuer_per_share": 11.04,
            "book_valuer_per_share_4q_avg": 10.41,
            "equity": 2124978,
            "current_ratio": 178.66,
            "debt_ratio": 48.09,
            "inventory_turnover_ratio": 0.68,
            "account_receivable_turnover_ratio": 0.4,
            "reinvestment_rate": 350.49,
            "research_to_sale_ratio": 0.17,
            "price_fair": 18.67,
            "eps_avg_yearly": 0.53,
            "eps_latest_yearly": 0.4,
            "eps_growth_yearly": 1303.47
        },
        "20231": {
            "year_quarter": 20231,
            "year": 2023,
            "quarter": 1,
            "eps": 0.93,
            "eps_growth_year": null,
            "eps_4q": 1.05,
            "eps_4q_growth_year": 2844.35,
            "roe": 8.03,
            "roe_4q": 9.06,
            "gross_profit": -61069,
            "gross_margin": -24.54,
            "gross_margin_4q_avg": -4.63,
            "net_income": 174773,
            "net_income_4q": null,
            "revenue": 248847,
            "revenue_4q": null,
            "common_shares": 1899283,
            "book_valuer_per_share": 11.6,
            "book_valuer_per_share_4q_avg": 10.7,
            "equity": 2228963,
            "current_ratio": 186.56,
            "debt_ratio": 45.76,
            "inventory_turnover_ratio": 0.65,
            "account_receivable_turnover_ratio": 0.34,
            "reinvestment_rate": 145.2,
            "research_to_sale_ratio": 0.24,
            "price_fair": 29.82,
            "eps_avg_yearly": 0.85,
            "eps_latest_yearly": 3.72,
            "eps_growth_yearly": 1242.54
        },
        "20232": {
            "year_quarter": 20232,
            "year": 2023,
            "quarter": 2,
            "eps": -0.14,
            "eps_growth_year": null,
            "eps_4q": 1.07,
            "eps_4q_growth_year": null,
            "roe": -1.29,
            "roe_4q": 9.459999999999999,
            "gross_profit": -5841,
            "gross_margin": -2.4,
            "gross_margin_4q_avg": -5.01,
            "net_income": -28189,
            "net_income_4q": null,
            "revenue": 243813,
            "revenue_4q": null,
            "common_shares": 1923475,
            "book_valuer_per_share": 10.99,
            "book_valuer_per_share_4q_avg": 10.93,
            "equity": 2138574,
            "current_ratio": 170.88,
            "debt_ratio": 44.1,
            "inventory_turnover_ratio": 0.55,
            "account_receivable_turnover_ratio": 0.42,
            "reinvestment_rate": 148.35,
            "research_to_sale_ratio": 0.41,
            "price_fair": 29.82,
            "eps_avg_yearly": 0.85,
            "eps_latest_yearly": 3.72,
            "eps_growth_yearly": 1242.54
        },
        "20233": {
            "year_quarter": 20233,
            "year": 2023,
            "quarter": 3,
            "eps": -0.13,
            "eps_growth_year": null,
            "eps_4q": 0.99,
            "eps_4q_growth_year": null,
            "roe": -1.15,
            "roe_4q": 8.75,
            "gross_profit": 2994,
            "gross_margin": 1.04,
            "gross_margin_4q_avg": -6.55,
            "net_income": -24682,
            "net_income_4q": null,
            "revenue": 287662,
            "revenue_4q": null,
            "common_shares": 1923135,
            "book_valuer_per_share": 11.08,
            "book_valuer_per_share_4q_avg": 11.18,
            "equity": 2154947,
            "current_ratio": 170.41,
            "debt_ratio": 45.01,
            "inventory_turnover_ratio": 0.62,
            "account_receivable_turnover_ratio": 0.51,
            "reinvestment_rate": 194.43,
            "research_to_sale_ratio": 0.3,
            "price_fair": 28.93,
            "eps_avg_yearly": 0.83,
            "eps_latest_yearly": 3.72,
            "eps_growth_yearly": 225.04
        }
    },
    "months": {
        "2001-06": {
            "month": "2001-06",
            "price": "35.06",
            "revenue": 31681
        },
        "2001-07": {
            "month": "2001-07",
            "price": "21.34",
            "revenue": 35181
        },
        "2001-08": {
            "month": "2001-08",
            "price": "19.55",
            "revenue": 42732
        },
        "2001-09": {
            "month": "2001-09",
            "price": "13.67",
            "revenue": 35771
        },
        "2001-10": {
            "month": "2001-10",
            "price": "10.89",
            "revenue": 46847
        },
        "2001-11": {
            "month": "2001-11",
            "price": "13.90",
            "revenue": 42878
        },
        "2001-12": {
            "month": "2001-12",
            "price": "19.00",
            "revenue": 40401
        },
        "2002-01": {
            "month": "2002-01",
            "price": "20.88",
            "revenue": 34104
        },
        "2002-02": {
            "month": "2002-02",
            "price": "21.64",
            "revenue": 36558
        },
        "2002-03": {
            "month": "2002-03",
            "price": "26.92",
            "revenue": 44168
        },
        "2002-04": {
            "month": "2002-04",
            "price": "27.21",
            "revenue": 52873
        },
        "2002-05": {
            "month": "2002-05",
            "price": "21.01",
            "revenue": 56350
        },
        "2002-06": {
            "month": "2002-06",
            "price": "19.76",
            "revenue": 51703
        },
        "2002-07": {
            "month": "2002-07",
            "price": "16.53",
            "revenue": 43205
        },
        "2002-08": {
            "month": "2002-08",
            "price": "13.83",
            "revenue": 46864
        },
        "2002-09": {
            "month": "2002-09",
            "price": "12.33",
            "revenue": 37359
        },
        "2002-10": {
            "month": "2002-10",
            "price": "11.07",
            "revenue": 51461
        },
        "2002-11": {
            "month": "2002-11",
            "price": "10.91",
            "revenue": 49540
        },
        "2002-12": {
            "month": "2002-12",
            "price": "10.62",
            "revenue": 48683
        },
        "2003-01": {
            "month": "2003-01",
            "price": "11.20",
            "revenue": 41480
        },
        "2003-02": {
            "month": "2003-02",
            "price": "11.59",
            "revenue": 34972
        },
        "2003-03": {
            "month": "2003-03",
            "price": "10.43",
            "revenue": 49087
        },
        "2003-04": {
            "month": "2003-04",
            "price": "10.16",
            "revenue": 43489
        },
        "2003-05": {
            "month": "2003-05",
            "price": "9.75",
            "revenue": 42836
        },
        "2003-06": {
            "month": "2003-06",
            "price": "10.64",
            "revenue": 41802
        },
        "2003-07": {
            "month": "2003-07",
            "price": "11.65",
            "revenue": 48935
        },
        "2003-08": {
            "month": "2003-08",
            "price": "11.52",
            "revenue": 57976
        },
        "2003-09": {
            "month": "2003-09",
            "price": "13.34",
            "revenue": 54698
        },
        "2003-10": {
            "month": "2003-10",
            "price": "12.38",
            "revenue": 57709
        },
        "2003-11": {
            "month": "2003-11",
            "price": "17.09",
            "revenue": 48041
        },
        "2003-12": {
            "month": "2003-12",
            "price": "16.58",
            "revenue": 48731
        },
        "2004-01": {
            "month": "2004-01",
            "price": "17.30",
            "revenue": 40123
        },
        "2004-02": {
            "month": "2004-02",
            "price": "18.80",
            "revenue": 50467
        },
        "2004-03": {
            "month": "2004-03",
            "price": "18.53",
            "revenue": 45312
        },
        "2004-04": {
            "month": "2004-04",
            "price": "17.50",
            "revenue": 40820
        },
        "2004-05": {
            "month": "2004-05",
            "price": "14.48",
            "revenue": 47734
        },
        "2004-06": {
            "month": "2004-06",
            "price": "12.83",
            "revenue": 50425
        },
        "2004-07": {
            "month": "2004-07",
            "price": "11.81",
            "revenue": 48102
        },
        "2004-08": {
            "month": "2004-08",
            "price": "11.22",
            "revenue": 49468
        },
        "2004-09": {
            "month": "2004-09",
            "price": "13.92",
            "revenue": 79047
        },
        "2004-10": {
            "month": "2004-10",
            "price": "14.37",
            "revenue": 53910
        },
        "2004-11": {
            "month": "2004-11",
            "price": "13.63",
            "revenue": 65507
        },
        "2004-12": {
            "month": "2004-12",
            "price": "12.81",
            "revenue": 49641
        },
        "2005-01": {
            "month": "2005-01",
            "price": "11.44",
            "revenue": 43447
        },
        "2005-02": {
            "month": "2005-02",
            "price": "12.42",
            "revenue": 30242
        },
        "2005-03": {
            "month": "2005-03",
            "price": "15.90",
            "revenue": 90643
        },
        "2005-04": {
            "month": "2005-04",
            "price": "14.72",
            "revenue": 95509
        },
        "2005-05": {
            "month": "2005-05",
            "price": "13.98",
            "revenue": 110317
        },
        "2005-06": {
            "month": "2005-06",
            "price": "15.80",
            "revenue": 73560
        },
        "2005-07": {
            "month": "2005-07",
            "price": "15.20",
            "revenue": 86113
        },
        "2005-08": {
            "month": "2005-08",
            "price": "13.98",
            "revenue": 181598
        },
        "2005-09": {
            "month": "2005-09",
            "price": "13.61",
            "revenue": 243877
        },
        "2005-10": {
            "month": "2005-10",
            "price": "14.82",
            "revenue": 259139
        },
        "2005-11": {
            "month": "2005-11",
            "price": "14.70",
            "revenue": 242842
        },
        "2005-12": {
            "month": "2005-12",
            "price": "18.50",
            "revenue": 275419
        },
        "2006-01": {
            "month": "2006-01",
            "price": "19.15",
            "revenue": 146629
        },
        "2006-02": {
            "month": "2006-02",
            "price": "18.04",
            "revenue": 140448
        },
        "2006-03": {
            "month": "2006-03",
            "price": "17.49",
            "revenue": 171510
        },
        "2006-04": {
            "month": "2006-04",
            "price": "19.63",
            "revenue": 93936
        },
        "2006-05": {
            "month": "2006-05",
            "price": "19.29",
            "revenue": 144043
        },
        "2006-06": {
            "month": "2006-06",
            "price": "15.60",
            "revenue": 131225
        },
        "2006-07": {
            "month": "2006-07",
            "price": "13.72",
            "revenue": 175786
        },
        "2006-08": {
            "month": "2006-08",
            "price": "14.25",
            "revenue": 190650
        },
        "2006-09": {
            "month": "2006-09",
            "price": "13.89",
            "revenue": 195379
        },
        "2006-10": {
            "month": "2006-10",
            "price": "14.08",
            "revenue": 150624
        },
        "2006-11": {
            "month": "2006-11",
            "price": "14.84",
            "revenue": 156791
        },
        "2006-12": {
            "month": "2006-12",
            "price": "14.99",
            "revenue": 133644
        },
        "2007-01": {
            "month": "2007-01",
            "price": "16.15",
            "revenue": 139049
        },
        "2007-02": {
            "month": "2007-02",
            "price": "16.85",
            "revenue": 120902
        },
        "2007-03": {
            "month": "2007-03",
            "price": "21.74",
            "revenue": 133990
        },
        "2007-04": {
            "month": "2007-04",
            "price": "18.59",
            "revenue": 106748
        },
        "2007-05": {
            "month": "2007-05",
            "price": "17.07",
            "revenue": 115486
        },
        "2007-06": {
            "month": "2007-06",
            "price": "18.25",
            "revenue": 110503
        },
        "2007-07": {
            "month": "2007-07",
            "price": "18.46",
            "revenue": 110900
        },
        "2007-08": {
            "month": "2007-08",
            "price": "14.89",
            "revenue": 131392
        },
        "2007-09": {
            "month": "2007-09",
            "price": "12.81",
            "revenue": 150789
        },
        "2007-10": {
            "month": "2007-10",
            "price": "12.32",
            "revenue": 142844
        },
        "2007-11": {
            "month": "2007-11",
            "price": "10.48",
            "revenue": 139698
        },
        "2007-12": {
            "month": "2007-12",
            "price": "9.41",
            "revenue": 133992
        },
        "2008-01": {
            "month": "2008-01",
            "price": "9.30",
            "revenue": 109743
        },
        "2008-02": {
            "month": "2008-02",
            "price": "9.32",
            "revenue": 98154
        },
        "2008-03": {
            "month": "2008-03",
            "price": "9.57",
            "revenue": 107275
        },
        "2008-04": {
            "month": "2008-04",
            "price": "9.30",
            "revenue": 111702
        },
        "2008-05": {
            "month": "2008-05",
            "price": "9.25",
            "revenue": 100451
        },
        "2008-06": {
            "month": "2008-06",
            "price": "7.67",
            "revenue": 109153
        },
        "2008-07": {
            "month": "2008-07",
            "price": "5.23",
            "revenue": 121232
        },
        "2008-08": {
            "month": "2008-08",
            "price": "5.08",
            "revenue": 124197
        },
        "2008-09": {
            "month": "2008-09",
            "price": "3.69",
            "revenue": 124464
        },
        "2008-10": {
            "month": "2008-10",
            "price": "3.04",
            "revenue": 102221
        },
        "2008-11": {
            "month": "2008-11",
            "price": "2.42",
            "revenue": 69285
        },
        "2008-12": {
            "month": "2008-12",
            "price": "2.07",
            "revenue": 50518
        },
        "2009-01": {
            "month": "2009-01",
            "price": "1.95",
            "revenue": 50014
        },
        "2009-02": {
            "month": "2009-02",
            "price": "2.07",
            "revenue": 73357
        },
        "2009-03": {
            "month": "2009-03",
            "price": "2.91",
            "revenue": 82287
        },
        "2009-04": {
            "month": "2009-04",
            "price": "3.93",
            "revenue": 92922
        },
        "2009-05": {
            "month": "2009-05",
            "price": "4.00",
            "revenue": 80220
        },
        "2009-06": {
            "month": "2009-06",
            "price": "4.40",
            "revenue": 86725
        },
        "2009-07": {
            "month": "2009-07",
            "price": "4.29",
            "revenue": 67927
        },
        "2009-08": {
            "month": "2009-08",
            "price": "4.45",
            "revenue": 82476
        },
        "2009-09": {
            "month": "2009-09",
            "price": "5.41",
            "revenue": 76207
        },
        "2009-10": {
            "month": "2009-10",
            "price": "6.51",
            "revenue": 77516
        },
        "2009-11": {
            "month": "2009-11",
            "price": "7.33",
            "revenue": 80050
        },
        "2009-12": {
            "month": "2009-12",
            "price": "8.98",
            "revenue": 75398
        },
        "2010-01": {
            "month": "2010-01",
            "price": "9.38",
            "revenue": 74902
        },
        "2010-02": {
            "month": "2010-02",
            "price": "8.41",
            "revenue": 69688
        },
        "2010-03": {
            "month": "2010-03",
            "price": "8.72",
            "revenue": 75479
        },
        "2010-04": {
            "month": "2010-04",
            "price": "9.38",
            "revenue": 84143
        },
        "2010-05": {
            "month": "2010-05",
            "price": "8.70",
            "revenue": 81904
        },
        "2010-06": {
            "month": "2010-06",
            "price": "8.42",
            "revenue": 85467
        },
        "2010-07": {
            "month": "2010-07",
            "price": "8.44",
            "revenue": 90830
        },
        "2010-08": {
            "month": "2010-08",
            "price": "8.54",
            "revenue": 87546
        },
        "2010-09": {
            "month": "2010-09",
            "price": "8.18",
            "revenue": 89298
        },
        "2010-10": {
            "month": "2010-10",
            "price": "8.65",
            "revenue": 83182
        },
        "2010-11": {
            "month": "2010-11",
            "price": "8.46",
            "revenue": 86750
        },
        "2010-12": {
            "month": "2010-12",
            "price": "9.42",
            "revenue": 85024
        },
        "2011-01": {
            "month": "2011-01",
            "price": "9.08",
            "revenue": 86680
        },
        "2011-02": {
            "month": "2011-02",
            "price": "9.35",
            "revenue": 73485
        },
        "2011-03": {
            "month": "2011-03",
            "price": "11.72",
            "revenue": 79157
        },
        "2011-04": {
            "month": "2011-04",
            "price": "12.26",
            "revenue": 82285
        },
        "2011-05": {
            "month": "2011-05",
            "price": "12.44",
            "revenue": 81399
        },
        "2011-06": {
            "month": "2011-06",
            "price": "11.46",
            "revenue": 83628
        },
        "2011-07": {
            "month": "2011-07",
            "price": "10.11",
            "revenue": 84805
        },
        "2011-08": {
            "month": "2011-08",
            "price": "10.32",
            "revenue": 87470
        },
        "2011-09": {
            "month": "2011-09",
            "price": "10.33",
            "revenue": 81171
        },
        "2011-10": {
            "month": "2011-10",
            "price": "10.90",
            "revenue": 69642
        },
        "2011-11": {
            "month": "2011-11",
            "price": "10.84",
            "revenue": 68922
        },
        "2011-12": {
            "month": "2011-12",
            "price": "10.20",
            "revenue": 59250
        },
        "2012-01": {
            "month": "2012-01",
            "price": "9.94",
            "revenue": 58056
        },
        "2012-02": {
            "month": "2012-02",
            "price": "11.69",
            "revenue": 68767
        },
        "2012-03": {
            "month": "2012-03",
            "price": "12.05",
            "revenue": 94354
        },
        "2012-04": {
            "month": "2012-04",
            "price": "11.13",
            "revenue": 118508
        },
        "2012-05": {
            "month": "2012-05",
            "price": "10.37",
            "revenue": 129879
        },
        "2012-06": {
            "month": "2012-06",
            "price": "10.38",
            "revenue": 119409
        },
        "2012-07": {
            "month": "2012-07",
            "price": "9.93",
            "revenue": 118279
        },
        "2012-08": {
            "month": "2012-08",
            "price": "10.25",
            "revenue": 129381
        },
        "2012-09": {
            "month": "2012-09",
            "price": "10.28",
            "revenue": 128950
        },
        "2012-10": {
            "month": "2012-10",
            "price": "9.72",
            "revenue": 110250
        },
        "2012-11": {
            "month": "2012-11",
            "price": "8.77",
            "revenue": 119988
        },
        "2012-12": {
            "month": "2012-12",
            "price": "8.68",
            "revenue": 114135
        },
        "2013-01": {
            "month": "2013-01",
            "price": "9.15",
            "revenue": 116238
        },
        "2013-02": {
            "month": "2013-02",
            "price": "8.95",
            "revenue": 118936
        },
        "2013-03": {
            "month": "2013-03",
            "price": "8.92",
            "revenue": 134651
        },
        "2013-04": {
            "month": "2013-04",
            "price": "9.72",
            "revenue": 135653
        },
        "2013-05": {
            "month": "2013-05",
            "price": "9.51",
            "revenue": 125789
        },
        "2013-06": {
            "month": "2013-06",
            "price": "8.82",
            "revenue": 151746
        },
        "2013-07": {
            "month": "2013-07",
            "price": "8.71",
            "revenue": 74589
        },
        "2013-08": {
            "month": "2013-08",
            "price": "8.49",
            "revenue": 92039
        },
        "2013-09": {
            "month": "2013-09",
            "price": "7.40",
            "revenue": 107901
        },
        "2013-10": {
            "month": "2013-10",
            "price": "6.86",
            "revenue": 100656
        },
        "2013-11": {
            "month": "2013-11",
            "price": "6.48",
            "revenue": 118597
        },
        "2013-12": {
            "month": "2013-12",
            "price": "6.58",
            "revenue": 120138
        },
        "2014-01": {
            "month": "2014-01",
            "price": "7.64",
            "revenue": 117897
        },
        "2014-02": {
            "month": "2014-02",
            "price": "7.46",
            "revenue": 90819
        },
        "2014-03": {
            "month": "2014-03",
            "price": "7.91",
            "revenue": 114212
        },
        "2014-04": {
            "month": "2014-04",
            "price": "7.61",
            "revenue": 109776
        },
        "2014-05": {
            "month": "2014-05",
            "price": "7.31",
            "revenue": 118164
        },
        "2014-06": {
            "month": "2014-06",
            "price": "7.29",
            "revenue": 119479
        },
        "2014-07": {
            "month": "2014-07",
            "price": "7.82",
            "revenue": 115579
        },
        "2014-08": {
            "month": "2014-08",
            "price": "7.71",
            "revenue": 99048
        },
        "2014-09": {
            "month": "2014-09",
            "price": "7.80",
            "revenue": 125072
        },
        "2014-10": {
            "month": "2014-10",
            "price": "7.54",
            "revenue": 99094
        },
        "2014-11": {
            "month": "2014-11",
            "price": "7.24",
            "revenue": 99720
        },
        "2014-12": {
            "month": "2014-12",
            "price": "7.10",
            "revenue": 101291
        },
        "2015-01": {
            "month": "2015-01",
            "price": "7.27",
            "revenue": 95307
        },
        "2015-02": {
            "month": "2015-02",
            "price": "8.21",
            "revenue": 75873
        },
        "2015-03": {
            "month": "2015-03",
            "price": "11.57",
            "revenue": 74345
        },
        "2015-04": {
            "month": "2015-04",
            "price": "10.78",
            "revenue": 71512
        },
        "2015-05": {
            "month": "2015-05",
            "price": "9.23",
            "revenue": 67473
        },
        "2015-06": {
            "month": "2015-06",
            "price": "9.10",
            "revenue": 68114
        },
        "2015-07": {
            "month": "2015-07",
            "price": "8.08",
            "revenue": 68747
        },
        "2015-08": {
            "month": "2015-08",
            "price": "7.05",
            "revenue": 77764
        },
        "2015-09": {
            "month": "2015-09",
            "price": "7.90",
            "revenue": 74789
        },
        "2015-10": {
            "month": "2015-10",
            "price": "8.54",
            "revenue": 65140
        },
        "2015-11": {
            "month": "2015-11",
            "price": "8.50",
            "revenue": 61087
        },
        "2015-12": {
            "month": "2015-12",
            "price": "9.93",
            "revenue": 66605
        },
        "2016-01": {
            "month": "2016-01",
            "price": "8.84",
            "revenue": 62162
        },
        "2016-02": {
            "month": "2016-02",
            "price": "8.79",
            "revenue": 50517
        },
        "2016-03": {
            "month": "2016-03",
            "price": "8.82",
            "revenue": 57986
        },
        "2016-04": {
            "month": "2016-04",
            "price": "7.99",
            "revenue": 62035
        },
        "2016-05": {
            "month": "2016-05",
            "price": "7.65",
            "revenue": 60218
        },
        "2016-06": {
            "month": "2016-06",
            "price": "7.45",
            "revenue": 66893
        },
        "2016-07": {
            "month": "2016-07",
            "price": "8.85",
            "revenue": 65144
        },
        "2016-08": {
            "month": "2016-08",
            "price": "9.01",
            "revenue": 80189
        },
        "2016-09": {
            "month": "2016-09",
            "price": "9.46",
            "revenue": 77312
        },
        "2016-10": {
            "month": "2016-10",
            "price": "9.68",
            "revenue": 71727
        },
        "2016-11": {
            "month": "2016-11",
            "price": "9.96",
            "revenue": 75795
        },
        "2016-12": {
            "month": "2016-12",
            "price": "11.11",
            "revenue": 77538
        },
        "2017-01": {
            "month": "2017-01",
            "price": "10.46",
            "revenue": 64457
        },
        "2017-02": {
            "month": "2017-02",
            "price": "10.42",
            "revenue": 59811
        },
        "2017-03": {
            "month": "2017-03",
            "price": "9.90",
            "revenue": 73919
        },
        "2017-04": {
            "month": "2017-04",
            "price": "10.36",
            "revenue": 65639
        },
        "2017-05": {
            "month": "2017-05",
            "price": "10.30",
            "revenue": 68801
        },
        "2017-06": {
            "month": "2017-06",
            "price": "10.09",
            "revenue": 101299
        },
        "2017-07": {
            "month": "2017-07",
            "price": "10.55",
            "revenue": 87903
        },
        "2017-08": {
            "month": "2017-08",
            "price": "10.41",
            "revenue": 107283
        },
        "2017-09": {
            "month": "2017-09",
            "price": "11.00",
            "revenue": 100646
        },
        "2017-10": {
            "month": "2017-10",
            "price": "12.38",
            "revenue": 96277
        },
        "2017-11": {
            "month": "2017-11",
            "price": "11.62",
            "revenue": 111590
        },
        "2017-12": {
            "month": "2017-12",
            "price": "11.57",
            "revenue": 96362
        },
        "2018-01": {
            "month": "2018-01",
            "price": "12.58",
            "revenue": 104216
        },
        "2018-02": {
            "month": "2018-02",
            "price": "11.93",
            "revenue": 83853
        },
        "2018-03": {
            "month": "2018-03",
            "price": "11.74",
            "revenue": 103268
        },
        "2018-04": {
            "month": "2018-04",
            "price": "12.21",
            "revenue": 105564
        },
        "2018-05": {
            "month": "2018-05",
            "price": "11.88",
            "revenue": 103126
        },
        "2018-06": {
            "month": "2018-06",
            "price": "11.51",
            "revenue": 104998
        },
        "2018-07": {
            "month": "2018-07",
            "price": "10.96",
            "revenue": 104531
        },
        "2018-08": {
            "month": "2018-08",
            "price": "10.96",
            "revenue": 103403
        },
        "2018-09": {
            "month": "2018-09",
            "price": "9.99",
            "revenue": 104148
        },
        "2018-10": {
            "month": "2018-10",
            "price": "9.03",
            "revenue": 102041
        },
        "2018-11": {
            "month": "2018-11",
            "price": "8.49",
            "revenue": 100484
        },
        "2018-12": {
            "month": "2018-12",
            "price": "9.23",
            "revenue": 97171
        },
        "2019-01": {
            "month": "2019-01",
            "price": "9.66",
            "revenue": 103503
        },
        "2019-02": {
            "month": "2019-02",
            "price": "10.70",
            "revenue": 73350
        },
        "2019-03": {
            "month": "2019-03",
            "price": "9.73",
            "revenue": 101492
        },
        "2019-04": {
            "month": "2019-04",
            "price": "9.62",
            "revenue": 109320
        },
        "2019-05": {
            "month": "2019-05",
            "price": "9.01",
            "revenue": 104635
        },
        "2019-06": {
            "month": "2019-06",
            "price": "8.55",
            "revenue": 108105
        },
        "2019-07": {
            "month": "2019-07",
            "price": "8.24",
            "revenue": 109775
        },
        "2019-08": {
            "month": "2019-08",
            "price": "9.37",
            "revenue": 110277
        },
        "2019-09": {
            "month": "2019-09",
            "price": "12.77",
            "revenue": 111276
        },
        "2019-10": {
            "month": "2019-10",
            "price": "12.05",
            "revenue": 103112
        },
        "2019-11": {
            "month": "2019-11",
            "price": "12.79",
            "revenue": 102504
        },
        "2019-12": {
            "month": "2019-12",
            "price": "12.59",
            "revenue": 117250
        },
        "2020-01": {
            "month": "2020-01",
            "price": "12.33",
            "revenue": 86715
        },
        "2020-02": {
            "month": "2020-02",
            "price": "10.80",
            "revenue": 82792
        },
        "2020-03": {
            "month": "2020-03",
            "price": "8.73",
            "revenue": 104535
        },
        "2020-04": {
            "month": "2020-04",
            "price": "9.35",
            "revenue": 107907
        },
        "2020-05": {
            "month": "2020-05",
            "price": "11.00",
            "revenue": 100128
        },
        "2020-06": {
            "month": "2020-06",
            "price": "11.71",
            "revenue": 83153
        },
        "2020-07": {
            "month": "2020-07",
            "price": "11.82",
            "revenue": 95430
        },
        "2020-08": {
            "month": "2020-08",
            "price": "11.49",
            "revenue": 97992
        },
        "2020-09": {
            "month": "2020-09",
            "price": "11.07",
            "revenue": 117421
        },
        "2020-10": {
            "month": "2020-10",
            "price": "11.58",
            "revenue": 122747
        },
        "2020-11": {
            "month": "2020-11",
            "price": "12.10",
            "revenue": 129980
        },
        "2020-12": {
            "month": "2020-12",
            "price": "15.61",
            "revenue": 135577
        },
        "2021-01": {
            "month": "2021-01",
            "price": "16.63",
            "revenue": 124965
        },
        "2021-02": {
            "month": "2021-02",
            "price": "15.72",
            "revenue": 104697
        },
        "2021-03": {
            "month": "2021-03",
            "price": "16.72",
            "revenue": 131182
        },
        "2021-04": {
            "month": "2021-04",
            "price": "19.89",
            "revenue": 130936
        },
        "2021-05": {
            "month": "2021-05",
            "price": "16.03",
            "revenue": 136620
        },
        "2021-06": {
            "month": "2021-06",
            "price": "17.17",
            "revenue": 138430
        },
        "2021-07": {
            "month": "2021-07",
            "price": "18.26",
            "revenue": 147867
        },
        "2021-08": {
            "month": "2021-08",
            "price": "17.40",
            "revenue": 137756
        },
        "2021-09": {
            "month": "2021-09",
            "price": "16.16",
            "revenue": 123375
        },
        "2021-10": {
            "month": "2021-10",
            "price": "14.52",
            "revenue": 132170
        },
        "2021-11": {
            "month": "2021-11",
            "price": "14.57",
            "revenue": 129838
        },
        "2021-12": {
            "month": "2021-12",
            "price": "14.05",
            "revenue": 141358
        },
        "2022-01": {
            "month": "2022-01",
            "price": "14.19",
            "revenue": 148515
        },
        "2022-02": {
            "month": "2022-02",
            "price": "13.72",
            "revenue": 102971
        },
        "2022-03": {
            "month": "2022-03",
            "price": "12.55",
            "revenue": 131848
        },
        "2022-04": {
            "month": "2022-04",
            "price": "11.08",
            "revenue": 93671
        },
        "2022-05": {
            "month": "2022-05",
            "price": "10.56",
            "revenue": 122311
        },
        "2022-06": {
            "month": "2022-06",
            "price": "11.02",
            "revenue": 134933
        },
        "2022-07": {
            "month": "2022-07",
            "price": "9.96",
            "revenue": 137857
        },
        "2022-08": {
            "month": "2022-08",
            "price": "10.59",
            "revenue": 123494
        },
        "2022-09": {
            "month": "2022-09",
            "price": "11.06",
            "revenue": 129017
        },
        "2022-10": {
            "month": "2022-10",
            "price": "9.97",
            "revenue": 111125
        },
        "2022-11": {
            "month": "2022-11",
            "price": "9.97",
            "revenue": 113170
        },
        "2022-12": {
            "month": "2022-12",
            "price": "10.45",
            "revenue": 105080
        },
        "2023-01": {
            "month": "2023-01",
            "price": "10.51",
            "revenue": 72287
        },
        "2023-02": {
            "month": "2023-02",
            "price": "10.50",
            "revenue": 82717
        },
        "2023-03": {
            "month": "2023-03",
            "price": "10.94",
            "revenue": 93842
        },
        "2023-04": {
            "month": "2023-04",
            "price": "10.97",
            "revenue": 75447
        },
        "2023-05": {
            "month": "2023-05",
            "price": "12.06",
            "revenue": 82245
        },
        "2023-06": {
            "month": "2023-06",
            "price": "12.81",
            "revenue": 86122
        },
        "2023-07": {
            "month": "2023-07",
            "price": "11.93",
            "revenue": 86105
        },
        "2023-08": {
            "month": "2023-08",
            "price": "11.43",
            "revenue": 100713
        },
        "2023-09": {
            "month": "2023-09",
            "price": "11.26",
            "revenue": 100844
        },
        "2023-10": {
            "month": "2023-10",
            "price": "10.86",
            "revenue": 98656
        },
        "2023-11": {
            "month": "2023-11",
            "price": "10.70",
            "revenue": 91886
        },
        "2023-12": {
            "month": "2023-12",
            "price": "11.15",
            "revenue": 97406
        }
    }
}
