{
    "summary": {
        "stock_name": "永信建",
        "stock_id": "5508",
        "category": "建材營造",
        "main_business": "委託營造廠商興建國民住宅及商業大樓出租出售業務<br>有關建築材料買賣(期貨除外)<br>有關室內裝潢之設計及施工業務",
        "website_url": "http://www.ys-construction.com.tw",
        "ceo": "陳俊銘",
        "pe_ratio": 8,
        "report_year_from": 2001,
        "report_year_to": 2023,
        "age": 23,
        "eps_negative_percentage": 9,
        "eps_growth_avg": {
            "last_all": 11.98,
            "last_2y": 52.41,
            "last_4y": 41.22,
            "last_8y": 18.01,
            "last_12y": 15.51,
            "last_16y": 8.73,
            "last_20y": 11.98,
            "at_2006_last_3y": 30.39,
            "at_2007_last_3y": 30.27,
            "at_2008_last_3y": 2.78,
            "at_2009_last_3y": -11.28,
            "at_2010_last_3y": -13.32,
            "at_2011_last_3y": -29.31,
            "at_2012_last_3y": -1.82,
            "at_2013_last_3y": 10.27,
            "at_2014_last_3y": 9.89,
            "at_2015_last_3y": 1.63,
            "at_2016_last_3y": -31.31,
            "at_2017_last_3y": -17.25,
            "at_2018_last_3y": -11.02,
            "at_2019_last_3y": -3.52,
            "at_2020_last_3y": 25.92,
            "at_2021_last_3y": 38.55,
            "at_2022_last_3y": 32.03,
            "at_2023_last_3y": 60.81,
            "at_2024_last_3y": 60.81,
            "at_2006_last_all": 30.39,
            "at_2007_last_all": 30.27,
            "at_2008_last_all": 22.23,
            "at_2009_last_all": 9.33,
            "at_2010_last_all": 5.41,
            "at_2011_last_all": 0.48,
            "at_2012_last_all": 11.54,
            "at_2013_last_all": 9.71,
            "at_2014_last_all": 7.04,
            "at_2015_last_all": 0.86,
            "at_2016_last_all": -1.65,
            "at_2017_last_all": 2.01,
            "at_2018_last_all": 2.23,
            "at_2019_last_all": -0.23,
            "at_2020_last_all": 4.84,
            "at_2021_last_all": 10.13,
            "at_2022_last_all": 8.5,
            "at_2023_last_all": 11.98,
            "at_2024_last_all": 11.98
        },
        "latest_eps": 12.55,
        "latest_price": 106.5,
        "latest_roe": 42.22,
        "latest_gross_margin": 45.93,
        "latest_equity": 7136215,
        "latest_revenue": 3520254,
        "latest_gross_profit": 1616769,
        "latest_net_income": 1152290,
        "latest_debt_ratio": 57.68,
        "latest_current_ratio": 316.42,
        "latest_account_receivable_turnover_ratio": 276.65,
        "latest_inventory_turnover_ratio": 0.11,
        "latest_reinvestment_rate": 0.02,
        "latest_research_to_sale_ratio": null
    },
    "eps_dividends": {
        "1996": {
            "cash": 0,
            "stock": 1,
            "eps": 0
        },
        "1997": {
            "cash": 0,
            "stock": 1,
            "eps": 0
        },
        "1998": {
            "cash": 0,
            "stock": 2.5,
            "eps": 0
        },
        "1999": {
            "cash": 0,
            "stock": 2.5,
            "eps": 0
        },
        "2000": {
            "cash": 1,
            "stock": 1,
            "eps": 0
        },
        "2001": {
            "cash": 0.5,
            "stock": 0,
            "eps": -0.32
        },
        "2002": {
            "cash": 0.35,
            "stock": 0.35,
            "eps": -1.41
        },
        "2003": {
            "cash": 0,
            "stock": 0,
            "eps": 0.63
        },
        "2004": {
            "cash": 0,
            "stock": 0,
            "eps": 7.05
        },
        "2005": {
            "cash": 6.1,
            "stock": 0,
            "eps": 7.13
        },
        "2006": {
            "cash": 6.42,
            "stock": 0,
            "eps": 6.42
        },
        "2007": {
            "cash": 5.8,
            "stock": 0,
            "eps": 8.34
        },
        "2008": {
            "cash": 7.5,
            "stock": 0,
            "eps": 7.51
        },
        "2009": {
            "cash": 3.76,
            "stock": 4,
            "eps": 3.37
        },
        "2010": {
            "cash": 2.61,
            "stock": 0,
            "eps": 2.76
        },
        "2011": {
            "cash": 2.53,
            "stock": 0,
            "eps": 1.82
        },
        "2012": {
            "cash": 1.66,
            "stock": 0,
            "eps": 12.01
        },
        "2013": {
            "cash": 10.77,
            "stock": 0,
            "eps": 11.2
        },
        "2014": {
            "cash": 10.08,
            "stock": 0,
            "eps": 9
        },
        "2015": {
            "cash": 6.11,
            "stock": 2,
            "eps": 2.96
        },
        "2016": {
            "cash": 2.37,
            "stock": 0,
            "eps": 2.02
        },
        "2017": {
            "cash": 1.81,
            "stock": 0,
            "eps": 3.02
        },
        "2018": {
            "cash": 2.72,
            "stock": 0,
            "eps": 3.18
        },
        "2019": {
            "cash": 2.86,
            "stock": 0,
            "eps": 2
        },
        "2020": {
            "cash": 1.8,
            "stock": 0,
            "eps": 3.72
        },
        "2021": {
            "cash": 3.34,
            "stock": 0,
            "eps": 8.9
        },
        "2022": {
            "cash": 8.01,
            "stock": 0,
            "eps": 7.05
        },
        "2023": {
            "cash": 6.35,
            "stock": 0,
            "eps": 12.55
        },
        "2024": {
            "cash": 11.29,
            "stock": 0,
            "eps": 0
        }
    },
    "dividends": {
        "1996-05-08": {
            "cash": 0,
            "stock": 1
        },
        "1997-04-03": {
            "cash": 0,
            "stock": 1
        },
        "1998-02-21": {
            "cash": 0,
            "stock": 2.5
        },
        "1999-04-02": {
            "cash": 0,
            "stock": 2.5
        },
        "2000-06-15": {
            "cash": 1,
            "stock": 1
        },
        "2001-06-27": {
            "cash": 0.5,
            "stock": 0
        },
        "2002-05-21": {
            "cash": 0.35,
            "stock": 0.35
        },
        "2005-02-21": {
            "cash": 6.1,
            "stock": 0
        },
        "2006-04-17": {
            "cash": 6.42,
            "stock": 0
        },
        "2007-04-02": {
            "cash": 5.8,
            "stock": 0
        },
        "2008-04-15": {
            "cash": 7.5,
            "stock": 0
        },
        "2009-05-12": {
            "cash": 3.76,
            "stock": 4
        },
        "2010-04-23": {
            "cash": 2.61,
            "stock": 0
        },
        "2011-04-07": {
            "cash": 2.53,
            "stock": 0
        },
        "2012-06-28": {
            "cash": 1.66,
            "stock": 0
        },
        "2013-06-24": {
            "cash": 10.77,
            "stock": 0
        },
        "2014-08-21": {
            "cash": 10.08,
            "stock": 0
        },
        "2015-09-17": {
            "cash": 6.11,
            "stock": 2
        },
        "2016-09-01": {
            "cash": 2.37,
            "stock": 0
        },
        "2017-08-18": {
            "cash": 1.81,
            "stock": 0
        },
        "2018-09-20": {
            "cash": 2.72,
            "stock": 0
        },
        "2019-09-26": {
            "cash": 2.86,
            "stock": 0
        },
        "2020-09-30": {
            "cash": 1.8,
            "stock": 0
        },
        "2021-09-30": {
            "cash": 3.34,
            "stock": 0
        },
        "2022-07-27": {
            "cash": 8.01,
            "stock": 0
        },
        "2023-07-26": {
            "cash": 6.35,
            "stock": 0
        },
        "2024-02-26": {
            "cash": 11.29,
            "stock": 0
        }
    },
    "prices": {
        "200101": "13.42",
        "200102": "12.29",
        "200103": "12.79",
        "200104": "12.49",
        "200105": "11.72",
        "200106": "12.16",
        "200107": "11.65",
        "200108": "11.56",
        "200109": "11.51",
        "200110": "11.63",
        "200111": "11.38",
        "200112": "11.63",
        "200201": "11.46",
        "200202": "11.40",
        "200203": "11.39",
        "200204": "11.54",
        "200205": "12.05",
        "200206": "12.16",
        "200207": "12.33",
        "200208": "12.42",
        "200209": "12.37",
        "200210": "12.01",
        "200211": "11.98",
        "200212": "12.28",
        "200301": "12.62",
        "200302": "12.51",
        "200303": "12.26",
        "200304": "12.37",
        "200305": "12.30",
        "200306": "12.88",
        "200307": "13.74",
        "200308": "13.73",
        "200309": "14.20",
        "200310": "14.35",
        "200311": "15.03",
        "200312": "15.35",
        "200401": "25.09",
        "200402": "28.18",
        "200403": "28.74",
        "200404": "29.15",
        "200405": "31.26",
        "200406": "33.60",
        "200407": "32.53",
        "200408": "32.50",
        "200409": "26.26",
        "200410": "31.04",
        "200411": "35.26",
        "200412": "49.04",
        "200501": "46.43",
        "200502": "51.39",
        "200503": "53.03",
        "200504": "54.58",
        "200505": "43.95",
        "200506": "45.41",
        "200507": "44.84",
        "200508": "43.75",
        "200509": "43.50",
        "200510": "43.27",
        "200511": "42.98",
        "200512": "44.14",
        "200601": "44.76",
        "200602": "45.00",
        "200603": "45.21",
        "200604": "49.17",
        "200605": "52.48",
        "200606": "49.37",
        "200607": "47.15",
        "200608": "42.10",
        "200609": "42.27",
        "200610": "43.49",
        "200611": "47.13",
        "200612": "47.14",
        "200701": "46.58",
        "200702": "46.71",
        "200703": "47.33",
        "200704": "51.29",
        "200705": "51.58",
        "200706": "52.74",
        "200707": "52.94",
        "200708": "45.02",
        "200709": "46.86",
        "200710": "47.18",
        "200711": "47.49",
        "200712": "46.31",
        "200801": "50.73",
        "200802": "56.23",
        "200803": "61.60",
        "200804": "80.38",
        "200805": "85.52",
        "200806": "74.35",
        "200807": "49.78",
        "200808": "50.13",
        "200809": "43.51",
        "200810": "33.22",
        "200811": "33.21",
        "200812": "32.79",
        "200901": "32.33",
        "200902": "32.31",
        "200903": "35.02",
        "200904": "42.07",
        "200905": "52.90",
        "200906": "55.18",
        "200907": "58.85",
        "200908": "53.54",
        "200909": "40.55",
        "200910": "39.57",
        "200911": "36.17",
        "200912": "37.33",
        "201001": "42.78",
        "201002": "38.79",
        "201003": "40.31",
        "201004": "40.90",
        "201005": "35.42",
        "201006": "34.74",
        "201007": "34.56",
        "201008": "32.22",
        "201009": "30.73",
        "201010": "29.99",
        "201011": "29.60",
        "201012": "32.32",
        "201101": "32.51",
        "201102": "31.42",
        "201103": "28.89",
        "201104": "29.52",
        "201105": "31.13",
        "201106": "33.32",
        "201107": "34.56",
        "201108": "31.68",
        "201109": "29.10",
        "201110": "28.80",
        "201111": "28.79",
        "201112": "28.08",
        "201201": "27.55",
        "201202": "31.64",
        "201203": "42.48",
        "201204": "39.63",
        "201205": "41.30",
        "201206": "41.36",
        "201207": "42.15",
        "201208": "44.50",
        "201209": "51.70",
        "201210": "49.20",
        "201211": "51.00",
        "201212": "50.96",
        "201301": "55.41",
        "201302": "57.71",
        "201303": "63.92",
        "201304": "74.86",
        "201305": "83.57",
        "201306": "80.62",
        "201307": "73.94",
        "201308": "72.17",
        "201309": "68.43",
        "201310": "71.97",
        "201311": "71.50",
        "201312": "70.90",
        "201401": "71.52",
        "201402": "72.44",
        "201403": "73.32",
        "201404": "77.53",
        "201405": "77.43",
        "201406": "77.58",
        "201407": "75.22",
        "201408": "66.70",
        "201409": "63.56",
        "201410": "63.52",
        "201411": "63.34",
        "201412": "64.68",
        "201501": "63.96",
        "201502": "63.30",
        "201503": "63.74",
        "201504": "62.73",
        "201505": "60.61",
        "201506": "55.81",
        "201507": "50.87",
        "201508": "36.63",
        "201509": "31.59",
        "201510": "30.69",
        "201511": "29.31",
        "201512": "28.43",
        "201601": "26.62",
        "201602": "26.17",
        "201603": "29.13",
        "201604": "28.30",
        "201605": "26.96",
        "201606": "28.24",
        "201607": "27.95",
        "201608": "25.94",
        "201609": "25.71",
        "201610": "25.03",
        "201611": "22.79",
        "201612": "23.01",
        "201701": "23.74",
        "201702": "24.75",
        "201703": "27.11",
        "201704": "28.88",
        "201705": "28.55",
        "201706": "28.43",
        "201707": "28.92",
        "201708": "28.10",
        "201709": "31.12",
        "201710": "31.90",
        "201711": "32.39",
        "201712": "31.32",
        "201801": "31.95",
        "201802": "31.16",
        "201803": "32.17",
        "201804": "33.72",
        "201805": "32.95",
        "201806": "33.17",
        "201807": "32.04",
        "201808": "32.16",
        "201809": "31.35",
        "201810": "30.70",
        "201811": "30.48",
        "201812": "31.61",
        "201901": "31.73",
        "201902": "32.49",
        "201903": "34.09",
        "201904": "34.90",
        "201905": "34.28",
        "201906": "34.09",
        "201907": "33.58",
        "201908": "33.48",
        "201909": "31.91",
        "201910": "32.77",
        "201911": "33.12",
        "201912": "33.10",
        "202001": "33.46",
        "202002": "33.44",
        "202003": "29.71",
        "202004": "29.72",
        "202005": "31.64",
        "202006": "33.09",
        "202007": "33.51",
        "202008": "36.57",
        "202009": "38.87",
        "202010": "38.53",
        "202011": "39.47",
        "202012": "42.15",
        "202101": "41.48",
        "202102": "40.71",
        "202103": "47.01",
        "202104": "49.50",
        "202105": "48.81",
        "202106": "48.93",
        "202107": "50.01",
        "202108": "53.46",
        "202109": "56.04",
        "202110": "59.52",
        "202111": "62.81",
        "202112": "63.74",
        "202201": "66.17",
        "202202": "70.23",
        "202203": "75.87",
        "202204": "72.19",
        "202205": "66.98",
        "202206": "68.60",
        "202207": "57.00",
        "202208": "62.17",
        "202209": "63.10",
        "202210": "62.73",
        "202211": "58.60",
        "202212": "57.55",
        "202301": "53.41",
        "202302": "56.31",
        "202303": "60.67",
        "202304": "63.62",
        "202305": "65.44",
        "202306": "71.06",
        "202307": "72.36",
        "202308": "72.46",
        "202309": "74.66",
        "202310": "78.14",
        "202311": "88.75",
        "202312": "91.57"
    },
    "quarters": {
        "20011": {
            "year_quarter": 20011,
            "year": 2001,
            "quarter": 1,
            "eps": -0.12,
            "eps_growth_year": -700,
            "eps_4q": 0.02,
            "eps_4q_growth_year": -95.84,
            "roe": -0.85,
            "roe_4q": -0.85,
            "gross_profit": -4208,
            "gross_margin": -1.11,
            "gross_margin_4q_avg": -1.11,
            "net_income": -25758,
            "net_income_4q": null,
            "revenue": 379892,
            "revenue_4q": null,
            "common_shares": 2158750,
            "book_valuer_per_share": 14.25,
            "book_valuer_per_share_4q_avg": 14.25,
            "equity": 3077140,
            "current_ratio": 287.83,
            "debt_ratio": 34.71,
            "inventory_turnover_ratio": 0.1,
            "account_receivable_turnover_ratio": null,
            "reinvestment_rate": null,
            "research_to_sale_ratio": null,
            "price_fair": 0,
            "eps_avg_yearly": 0,
            "eps_latest_yearly": 0,
            "eps_growth_yearly": 0
        },
        "20012": {
            "year_quarter": 20012,
            "year": 2001,
            "quarter": 2,
            "eps": 0,
            "eps_growth_year": null,
            "eps_4q": 0.07,
            "eps_4q_growth_year": null,
            "roe": -0.02,
            "roe_4q": -0.87,
            "gross_profit": 31984,
            "gross_margin": 6.41,
            "gross_margin_4q_avg": 2.65,
            "net_income": -649,
            "net_income_4q": null,
            "revenue": 499218,
            "revenue_4q": null,
            "common_shares": 2158750,
            "book_valuer_per_share": 13.58,
            "book_valuer_per_share_4q_avg": 13.92,
            "equity": 2930729,
            "current_ratio": 263.26,
            "debt_ratio": 36.55,
            "inventory_turnover_ratio": 0.13,
            "account_receivable_turnover_ratio": null,
            "reinvestment_rate": null,
            "research_to_sale_ratio": null,
            "price_fair": 0,
            "eps_avg_yearly": 0,
            "eps_latest_yearly": 0,
            "eps_growth_yearly": 0
        },
        "20013": {
            "year_quarter": 20013,
            "year": 2001,
            "quarter": 3,
            "eps": -0.14,
            "eps_growth_year": -275,
            "eps_4q": -0.14,
            "eps_4q_growth_year": null,
            "roe": -1.07,
            "roe_4q": -1.94,
            "gross_profit": -8433,
            "gross_margin": -3.36,
            "gross_margin_4q_avg": 0.65,
            "net_income": -30872,
            "net_income_4q": null,
            "revenue": 251303,
            "revenue_4q": null,
            "common_shares": 2158750,
            "book_valuer_per_share": 13.25,
            "book_valuer_per_share_4q_avg": 13.69,
            "equity": 2859412,
            "current_ratio": 303.81,
            "debt_ratio": 34.74,
            "inventory_turnover_ratio": 0.08,
            "account_receivable_turnover_ratio": null,
            "reinvestment_rate": null,
            "research_to_sale_ratio": null,
            "price_fair": 0,
            "eps_avg_yearly": 0,
            "eps_latest_yearly": 0,
            "eps_growth_yearly": 0
        },
        "20014": {
            "year_quarter": 20014,
            "year": 2001,
            "quarter": 4,
            "eps": -0.06,
            "eps_growth_year": -146.15,
            "eps_4q": -0.32,
            "eps_4q_growth_year": -302.05,
            "roe": -0.45,
            "roe_4q": -2.39,
            "gross_profit": 15594,
            "gross_margin": 4.02,
            "gross_margin_4q_avg": 1.49,
            "net_income": -12767,
            "net_income_4q": null,
            "revenue": 388322,
            "revenue_4q": null,
            "common_shares": 2158750,
            "book_valuer_per_share": 13.33,
            "book_valuer_per_share_4q_avg": 13.6,
            "equity": 2877241,
            "current_ratio": 244.13,
            "debt_ratio": 32.05,
            "inventory_turnover_ratio": 0.12,
            "account_receivable_turnover_ratio": null,
            "reinvestment_rate": null,
            "research_to_sale_ratio": null,
            "price_fair": 0,
            "eps_avg_yearly": 0,
            "eps_latest_yearly": 0,
            "eps_growth_yearly": 0
        },
        "20021": {
            "year_quarter": 20021,
            "year": 2002,
            "quarter": 1,
            "eps": -0.45,
            "eps_growth_year": null,
            "eps_4q": -0.76,
            "eps_4q_growth_year": -3858.1,
            "roe": -2.66,
            "roe_4q": -4.2,
            "gross_profit": -33990,
            "gross_margin": -7.14,
            "gross_margin_4q_avg": -0.02,
            "net_income": -63994,
            "net_income_4q": null,
            "revenue": 476280,
            "revenue_4q": null,
            "common_shares": 2158750,
            "book_valuer_per_share": 8.99,
            "book_valuer_per_share_4q_avg": 12.29,
            "equity": 1941334,
            "current_ratio": 236.72,
            "debt_ratio": 39.12,
            "inventory_turnover_ratio": 0.17,
            "account_receivable_turnover_ratio": null,
            "reinvestment_rate": null,
            "research_to_sale_ratio": null,
            "price_fair": 0,
            "eps_avg_yearly": 0,
            "eps_latest_yearly": 0,
            "eps_growth_yearly": 0
        },
        "20022": {
            "year_quarter": 20022,
            "year": 2002,
            "quarter": 2,
            "eps": -0.28,
            "eps_growth_year": null,
            "eps_4q": -0.72,
            "eps_4q_growth_year": -1068.19,
            "roe": -2.1,
            "roe_4q": -6.28,
            "gross_profit": -2431,
            "gross_margin": -0.58,
            "gross_margin_4q_avg": -1.77,
            "net_income": -39733,
            "net_income_4q": null,
            "revenue": 419122,
            "revenue_4q": null,
            "common_shares": 2058750,
            "book_valuer_per_share": 8.98,
            "book_valuer_per_share_4q_avg": 11.14,
            "equity": 1847763,
            "current_ratio": 237.99,
            "debt_ratio": 38.9,
            "inventory_turnover_ratio": 0.16,
            "account_receivable_turnover_ratio": null,
            "reinvestment_rate": null,
            "research_to_sale_ratio": null,
            "price_fair": 0,
            "eps_avg_yearly": 0,
            "eps_latest_yearly": 0,
            "eps_growth_yearly": 0
        },
        "20023": {
            "year_quarter": 20023,
            "year": 2002,
            "quarter": 3,
            "eps": -0.07,
            "eps_growth_year": null,
            "eps_4q": -0.61,
            "eps_4q_growth_year": null,
            "roe": -0.54,
            "roe_4q": -5.750000000000001,
            "gross_profit": 16708,
            "gross_margin": 7.1,
            "gross_margin_4q_avg": 0.85,
            "net_income": -9794,
            "net_income_4q": null,
            "revenue": 235279,
            "revenue_4q": null,
            "common_shares": 2058750,
            "book_valuer_per_share": 8.78,
            "book_valuer_per_share_4q_avg": 10.02,
            "equity": 1808272,
            "current_ratio": 235.26,
            "debt_ratio": 38.16,
            "inventory_turnover_ratio": 0.09,
            "account_receivable_turnover_ratio": null,
            "reinvestment_rate": null,
            "research_to_sale_ratio": null,
            "price_fair": 0,
            "eps_avg_yearly": 0,
            "eps_latest_yearly": 0,
            "eps_growth_yearly": 0
        },
        "20024": {
            "year_quarter": 20024,
            "year": 2002,
            "quarter": 4,
            "eps": -0.61,
            "eps_growth_year": null,
            "eps_4q": -1.41,
            "eps_4q_growth_year": null,
            "roe": -4.85,
            "roe_4q": -10.15,
            "gross_profit": 10605,
            "gross_margin": 4.85,
            "gross_margin_4q_avg": 1.06,
            "net_income": -85229,
            "net_income_4q": null,
            "revenue": 218856,
            "revenue_4q": null,
            "common_shares": 2018750,
            "book_valuer_per_share": 8.44,
            "book_valuer_per_share_4q_avg": 8.8,
            "equity": 1703628,
            "current_ratio": 245.63,
            "debt_ratio": 40.02,
            "inventory_turnover_ratio": 0.08,
            "account_receivable_turnover_ratio": null,
            "reinvestment_rate": null,
            "research_to_sale_ratio": null,
            "price_fair": 0,
            "eps_avg_yearly": 0,
            "eps_latest_yearly": 0,
            "eps_growth_yearly": 0
        },
        "20031": {
            "year_quarter": 20031,
            "year": 2003,
            "quarter": 1,
            "eps": 0.12,
            "eps_growth_year": null,
            "eps_4q": -0.88,
            "eps_4q_growth_year": null,
            "roe": 0.96,
            "roe_4q": -6.529999999999999,
            "gross_profit": 46221,
            "gross_margin": 18.91,
            "gross_margin_4q_avg": 7.57,
            "net_income": 16196,
            "net_income_4q": null,
            "revenue": 244414,
            "revenue_4q": null,
            "common_shares": 2018750,
            "book_valuer_per_share": 8.27,
            "book_valuer_per_share_4q_avg": 8.62,
            "equity": 1669605,
            "current_ratio": 224.8,
            "debt_ratio": 42.5,
            "inventory_turnover_ratio": 0.08,
            "account_receivable_turnover_ratio": null,
            "reinvestment_rate": null,
            "research_to_sale_ratio": null,
            "price_fair": 0,
            "eps_avg_yearly": 0,
            "eps_latest_yearly": 0,
            "eps_growth_yearly": 0
        },
        "20032": {
            "year_quarter": 20032,
            "year": 2003,
            "quarter": 2,
            "eps": -0.03,
            "eps_growth_year": null,
            "eps_4q": -0.42,
            "eps_4q_growth_year": null,
            "roe": -0.27,
            "roe_4q": -4.7,
            "gross_profit": 42251,
            "gross_margin": 8.76,
            "gross_margin_4q_avg": 9.91,
            "net_income": -4489,
            "net_income_4q": null,
            "revenue": 482531,
            "revenue_4q": null,
            "common_shares": 1978750,
            "book_valuer_per_share": 8.41,
            "book_valuer_per_share_4q_avg": 8.48,
            "equity": 1665116,
            "current_ratio": 226,
            "debt_ratio": 40.11,
            "inventory_turnover_ratio": 0.2,
            "account_receivable_turnover_ratio": null,
            "reinvestment_rate": null,
            "research_to_sale_ratio": null,
            "price_fair": 0,
            "eps_avg_yearly": 0,
            "eps_latest_yearly": 0,
            "eps_growth_yearly": 0
        },
        "20033": {
            "year_quarter": 20033,
            "year": 2003,
            "quarter": 3,
            "eps": -0.26,
            "eps_growth_year": null,
            "eps_4q": -0.55,
            "eps_4q_growth_year": null,
            "roe": -2.1,
            "roe_4q": -6.26,
            "gross_profit": -5480,
            "gross_margin": -1.5,
            "gross_margin_4q_avg": 7.76,
            "net_income": -34454,
            "net_income_4q": null,
            "revenue": 365078,
            "revenue_4q": null,
            "common_shares": 1978750,
            "book_valuer_per_share": 8.18,
            "book_valuer_per_share_4q_avg": 8.33,
            "equity": 1619395,
            "current_ratio": 233.71,
            "debt_ratio": 42.76,
            "inventory_turnover_ratio": 0.17,
            "account_receivable_turnover_ratio": null,
            "reinvestment_rate": null,
            "research_to_sale_ratio": null,
            "price_fair": 0,
            "eps_avg_yearly": 0,
            "eps_latest_yearly": 0,
            "eps_growth_yearly": 0
        },
        "20034": {
            "year_quarter": 20034,
            "year": 2003,
            "quarter": 4,
            "eps": 0.8,
            "eps_growth_year": null,
            "eps_4q": 0.63,
            "eps_4q_growth_year": null,
            "roe": 6.36,
            "roe_4q": 4.949999999999999,
            "gross_profit": 227546,
            "gross_margin": 23.05,
            "gross_margin_4q_avg": 12.31,
            "net_income": 106392,
            "net_income_4q": null,
            "revenue": 987265,
            "revenue_4q": null,
            "common_shares": 1978750,
            "book_valuer_per_share": 8.72,
            "book_valuer_per_share_4q_avg": 8.4,
            "equity": 1725915,
            "current_ratio": 289.31,
            "debt_ratio": 46.67,
            "inventory_turnover_ratio": 0.31,
            "account_receivable_turnover_ratio": null,
            "reinvestment_rate": null,
            "research_to_sale_ratio": null,
            "price_fair": 0,
            "eps_avg_yearly": 0,
            "eps_latest_yearly": 0,
            "eps_growth_yearly": 0
        },
        "20041": {
            "year_quarter": 20041,
            "year": 2004,
            "quarter": 1,
            "eps": 1.41,
            "eps_growth_year": 1075,
            "eps_4q": 1.92,
            "eps_4q_growth_year": null,
            "roe": 10.24,
            "roe_4q": 14.230000000000002,
            "gross_profit": 231274,
            "gross_margin": 24.94,
            "gross_margin_4q_avg": 13.81,
            "net_income": 186395,
            "net_income_4q": null,
            "revenue": 927476,
            "revenue_4q": null,
            "common_shares": 1978750,
            "book_valuer_per_share": 9.67,
            "book_valuer_per_share_4q_avg": 8.75,
            "equity": 1912869,
            "current_ratio": 304.13,
            "debt_ratio": 50.02,
            "inventory_turnover_ratio": 0.23,
            "account_receivable_turnover_ratio": null,
            "reinvestment_rate": 108.49,
            "research_to_sale_ratio": null,
            "price_fair": 197.4,
            "eps_avg_yearly": 5.64,
            "eps_latest_yearly": 5.64,
            "eps_growth_yearly": 305
        },
        "20042": {
            "year_quarter": 20042,
            "year": 2004,
            "quarter": 2,
            "eps": 0.61,
            "eps_growth_year": null,
            "eps_4q": 2.59,
            "eps_4q_growth_year": null,
            "roe": 4.08,
            "roe_4q": 18.58,
            "gross_profit": 138719,
            "gross_margin": 21.06,
            "gross_margin_4q_avg": 16.89,
            "net_income": 79755,
            "net_income_4q": null,
            "revenue": 658774,
            "revenue_4q": null,
            "common_shares": 1978750,
            "book_valuer_per_share": 10.07,
            "book_valuer_per_share_4q_avg": 9.16,
            "equity": 1992624,
            "current_ratio": 265.51,
            "debt_ratio": 53.07,
            "inventory_turnover_ratio": 0.15,
            "account_receivable_turnover_ratio": null,
            "reinvestment_rate": 12.05,
            "research_to_sale_ratio": null,
            "price_fair": 141.4,
            "eps_avg_yearly": 4.04,
            "eps_latest_yearly": 2.44,
            "eps_growth_yearly": 39.02
        },
        "20043": {
            "year_quarter": 20043,
            "year": 2004,
            "quarter": 3,
            "eps": 1.98,
            "eps_growth_year": null,
            "eps_4q": 4.8,
            "eps_4q_growth_year": null,
            "roe": 12.3,
            "roe_4q": 32.980000000000004,
            "gross_profit": 337808,
            "gross_margin": 33.66,
            "gross_margin_4q_avg": 25.68,
            "net_income": 261363,
            "net_income_4q": null,
            "revenue": 1003537,
            "revenue_4q": null,
            "common_shares": 1978750,
            "book_valuer_per_share": 11.4,
            "book_valuer_per_share_4q_avg": 9.97,
            "equity": 2256660,
            "current_ratio": 263.2,
            "debt_ratio": 57.53,
            "inventory_turnover_ratio": 0.16,
            "account_receivable_turnover_ratio": null,
            "reinvestment_rate": 5.44,
            "research_to_sale_ratio": null,
            "price_fair": 186.67,
            "eps_avg_yearly": 5.33,
            "eps_latest_yearly": 7.92,
            "eps_growth_yearly": 325.47
        },
        "20044": {
            "year_quarter": 20044,
            "year": 2004,
            "quarter": 4,
            "eps": 3.05,
            "eps_growth_year": 281.25,
            "eps_4q": 7.06,
            "eps_4q_growth_year": 1023.04,
            "roe": 16.04,
            "roe_4q": 42.660000000000004,
            "gross_profit": 592231,
            "gross_margin": 36.9,
            "gross_margin_4q_avg": 29.14,
            "net_income": 400884,
            "net_income_4q": null,
            "revenue": 1604985,
            "revenue_4q": null,
            "common_shares": 1310429,
            "book_valuer_per_share": 20.93,
            "book_valuer_per_share_4q_avg": 13.02,
            "equity": 2742751,
            "current_ratio": 389.49,
            "debt_ratio": 44.34,
            "inventory_turnover_ratio": 0.22,
            "account_receivable_turnover_ratio": null,
            "reinvestment_rate": -2.71,
            "research_to_sale_ratio": null,
            "price_fair": 246.75,
            "eps_avg_yearly": 7.05,
            "eps_latest_yearly": 12.2,
            "eps_growth_yearly": 298.14
        },
        "20051": {
            "year_quarter": 20051,
            "year": 2005,
            "quarter": 1,
            "eps": 1.43,
            "eps_growth_year": 1.42,
            "eps_4q": 7.08,
            "eps_4q_growth_year": 268.92,
            "roe": 6.62,
            "roe_4q": 39.04,
            "gross_profit": 231088,
            "gross_margin": 31.38,
            "gross_margin_4q_avg": 30.75,
            "net_income": 187663,
            "net_income_4q": null,
            "revenue": 736443,
            "revenue_4q": null,
            "common_shares": 1310429,
            "book_valuer_per_share": 22.36,
            "book_valuer_per_share_4q_avg": 16.19,
            "equity": 2930414,
            "current_ratio": 357.39,
            "debt_ratio": 40.17,
            "inventory_turnover_ratio": 0.11,
            "account_receivable_turnover_ratio": null,
            "reinvestment_rate": 2.74,
            "research_to_sale_ratio": null,
            "price_fair": 237.44,
            "eps_avg_yearly": 6.78,
            "eps_latest_yearly": 5.72,
            "eps_growth_yearly": 196.02
        },
        "20052": {
            "year_quarter": 20052,
            "year": 2005,
            "quarter": 2,
            "eps": 1.79,
            "eps_growth_year": 193.44,
            "eps_4q": 8.27,
            "eps_4q_growth_year": 219.79,
            "roe": 8.88,
            "roe_4q": 43.84,
            "gross_profit": 273046,
            "gross_margin": 27.42,
            "gross_margin_4q_avg": 32.34,
            "net_income": 234801,
            "net_income_4q": null,
            "revenue": 995775,
            "revenue_4q": null,
            "common_shares": 1310429,
            "book_valuer_per_share": 17.99,
            "book_valuer_per_share_4q_avg": 18.17,
            "equity": 2357349,
            "current_ratio": 264.72,
            "debt_ratio": 51.57,
            "inventory_turnover_ratio": 0.16,
            "account_receivable_turnover_ratio": null,
            "reinvestment_rate": 2.19,
            "research_to_sale_ratio": null,
            "price_fair": 239.63,
            "eps_avg_yearly": 6.85,
            "eps_latest_yearly": 7.16,
            "eps_growth_yearly": 180.14
        },
        "20053": {
            "year_quarter": 20053,
            "year": 2005,
            "quarter": 3,
            "eps": 1.59,
            "eps_growth_year": -19.7,
            "eps_4q": 7.87,
            "eps_4q_growth_year": 63.82,
            "roe": 8.47,
            "roe_4q": 40.010000000000005,
            "gross_profit": 247864,
            "gross_margin": 29.93,
            "gross_margin_4q_avg": 31.41,
            "net_income": 208551,
            "net_income_4q": null,
            "revenue": 828228,
            "revenue_4q": null,
            "common_shares": 1310429,
            "book_valuer_per_share": 19.58,
            "book_valuer_per_share_4q_avg": 20.22,
            "equity": 2565897,
            "current_ratio": 249.13,
            "debt_ratio": 49.89,
            "inventory_turnover_ratio": 0.13,
            "account_receivable_turnover_ratio": null,
            "reinvestment_rate": 0.06,
            "research_to_sale_ratio": null,
            "price_fair": 237.2,
            "eps_avg_yearly": 6.78,
            "eps_latest_yearly": 6.36,
            "eps_growth_yearly": 148.02
        },
        "20054": {
            "year_quarter": 20054,
            "year": 2005,
            "quarter": 4,
            "eps": 2.32,
            "eps_growth_year": -23.93,
            "eps_4q": 7.13,
            "eps_4q_growth_year": 0.94,
            "roe": 11.2,
            "roe_4q": 35.17,
            "gross_profit": 376878,
            "gross_margin": 37.32,
            "gross_margin_4q_avg": 31.51,
            "net_income": 304358,
            "net_income_4q": null,
            "revenue": 1009821,
            "revenue_4q": null,
            "common_shares": 1310429,
            "book_valuer_per_share": 21.9,
            "book_valuer_per_share_4q_avg": 20.46,
            "equity": 2870255,
            "current_ratio": 293.28,
            "debt_ratio": 48.16,
            "inventory_turnover_ratio": 0.13,
            "account_receivable_turnover_ratio": null,
            "reinvestment_rate": -0.27,
            "research_to_sale_ratio": null,
            "price_fair": 248.15,
            "eps_avg_yearly": 7.09,
            "eps_latest_yearly": 9.28,
            "eps_growth_yearly": 152.47
        },
        "20061": {
            "year_quarter": 20061,
            "year": 2006,
            "quarter": 1,
            "eps": 0.89,
            "eps_growth_year": -37.76,
            "eps_4q": 6.61,
            "eps_4q_growth_year": -6.74,
            "roe": 3.98,
            "roe_4q": 32.53,
            "gross_profit": 146609,
            "gross_margin": 33.93,
            "gross_margin_4q_avg": 32.15,
            "net_income": 116407,
            "net_income_4q": null,
            "revenue": 432104,
            "revenue_4q": null,
            "common_shares": 1310429,
            "book_valuer_per_share": 22.79,
            "book_valuer_per_share_4q_avg": 20.57,
            "equity": 2986662,
            "current_ratio": 382.03,
            "debt_ratio": 43.18,
            "inventory_turnover_ratio": 0.06,
            "account_receivable_turnover_ratio": null,
            "reinvestment_rate": 0.09,
            "research_to_sale_ratio": null,
            "price_fair": 234.42,
            "eps_avg_yearly": 6.7,
            "eps_latest_yearly": 3.56,
            "eps_growth_yearly": 108.14
        },
        "20062": {
            "year_quarter": 20062,
            "year": 2006,
            "quarter": 2,
            "eps": 2.02,
            "eps_growth_year": 12.85,
            "eps_4q": 6.81,
            "eps_4q_growth_year": -17.61,
            "roe": 9.83,
            "roe_4q": 33.48,
            "gross_profit": 314979,
            "gross_margin": 36.2,
            "gross_margin_4q_avg": 34.35,
            "net_income": 265217,
            "net_income_4q": null,
            "revenue": 870210,
            "revenue_4q": null,
            "common_shares": 1310429,
            "book_valuer_per_share": 18.39,
            "book_valuer_per_share_4q_avg": 20.67,
            "equity": 2409741,
            "current_ratio": 274.63,
            "debt_ratio": 53.45,
            "inventory_turnover_ratio": 0.12,
            "account_receivable_turnover_ratio": null,
            "reinvestment_rate": 0.28,
            "research_to_sale_ratio": null,
            "price_fair": 239.26,
            "eps_avg_yearly": 6.84,
            "eps_latest_yearly": 8.08,
            "eps_growth_yearly": 148.11
        },
        "20063": {
            "year_quarter": 20063,
            "year": 2006,
            "quarter": 3,
            "eps": 1.52,
            "eps_growth_year": -4.4,
            "eps_4q": 6.74,
            "eps_4q_growth_year": -14.33,
            "roe": 7.96,
            "roe_4q": 32.97,
            "gross_profit": 245288,
            "gross_margin": 35.45,
            "gross_margin_4q_avg": 35.73,
            "net_income": 199753,
            "net_income_4q": null,
            "revenue": 691888,
            "revenue_4q": null,
            "common_shares": 1310429,
            "book_valuer_per_share": 19.91,
            "book_valuer_per_share_4q_avg": 20.75,
            "equity": 2609494,
            "current_ratio": 344.43,
            "debt_ratio": 47.04,
            "inventory_turnover_ratio": 0.1,
            "account_receivable_turnover_ratio": null,
            "reinvestment_rate": -0.16,
            "research_to_sale_ratio": null,
            "price_fair": 236.85,
            "eps_avg_yearly": 6.77,
            "eps_latest_yearly": 6.08,
            "eps_growth_yearly": 125.64
        },
        "20064": {
            "year_quarter": 20064,
            "year": 2006,
            "quarter": 4,
            "eps": 1.99,
            "eps_growth_year": -14.22,
            "eps_4q": 6.42,
            "eps_4q_growth_year": -9.91,
            "roe": 9.52,
            "roe_4q": 31.290000000000003,
            "gross_profit": 328867,
            "gross_margin": 28.33,
            "gross_margin_4q_avg": 33.48,
            "net_income": 260970,
            "net_income_4q": null,
            "revenue": 1160993,
            "revenue_4q": null,
            "common_shares": 1310429,
            "book_valuer_per_share": 21.9,
            "book_valuer_per_share_4q_avg": 20.75,
            "equity": 2870464,
            "current_ratio": 433.59,
            "debt_ratio": 41.13,
            "inventory_turnover_ratio": 0.18,
            "account_receivable_turnover_ratio": null,
            "reinvestment_rate": 1.65,
            "research_to_sale_ratio": null,
            "price_fair": 240.33,
            "eps_avg_yearly": 6.87,
            "eps_latest_yearly": 7.96,
            "eps_growth_yearly": 125.48
        },
        "20071": {
            "year_quarter": 20071,
            "year": 2007,
            "quarter": 1,
            "eps": 0.82,
            "eps_growth_year": -7.87,
            "eps_4q": 6.38,
            "eps_4q_growth_year": -3.45,
            "roe": 3.66,
            "roe_4q": 30.97,
            "gross_profit": 142571,
            "gross_margin": 31.5,
            "gross_margin_4q_avg": 32.87,
            "net_income": 107087,
            "net_income_4q": null,
            "revenue": 452619,
            "revenue_4q": null,
            "common_shares": 1310429,
            "book_valuer_per_share": 22.72,
            "book_valuer_per_share_4q_avg": 20.73,
            "equity": 2977551,
            "current_ratio": 260.56,
            "debt_ratio": 37.55,
            "inventory_turnover_ratio": 0.07,
            "account_receivable_turnover_ratio": null,
            "reinvestment_rate": 1.6,
            "research_to_sale_ratio": null,
            "price_fair": 230.68,
            "eps_avg_yearly": 6.59,
            "eps_latest_yearly": 3.28,
            "eps_growth_yearly": 97.74
        },
        "20072": {
            "year_quarter": 20072,
            "year": 2007,
            "quarter": 2,
            "eps": 2.19,
            "eps_growth_year": 8.42,
            "eps_4q": 6.53,
            "eps_4q_growth_year": -4.17,
            "roe": 10.46,
            "roe_4q": 31.6,
            "gross_profit": 348261,
            "gross_margin": 32.39,
            "gross_margin_4q_avg": 31.92,
            "net_income": 286566,
            "net_income_4q": null,
            "revenue": 1075193,
            "revenue_4q": null,
            "common_shares": 1310429,
            "book_valuer_per_share": 19.1,
            "book_valuer_per_share_4q_avg": 20.91,
            "equity": 2503307,
            "current_ratio": 206.77,
            "debt_ratio": 47.28,
            "inventory_turnover_ratio": 0.17,
            "account_receivable_turnover_ratio": null,
            "reinvestment_rate": 1.23,
            "research_to_sale_ratio": null,
            "price_fair": 236.1,
            "eps_avg_yearly": 6.75,
            "eps_latest_yearly": 8.76,
            "eps_growth_yearly": 138.49
        },
        "20073": {
            "year_quarter": 20073,
            "year": 2007,
            "quarter": 3,
            "eps": 2.19,
            "eps_growth_year": 44.08,
            "eps_4q": 7.19,
            "eps_4q_growth_year": 6.73,
            "roe": 10.83,
            "roe_4q": 34.47,
            "gross_profit": 339437,
            "gross_margin": 34.37,
            "gross_margin_4q_avg": 31.65,
            "net_income": 286524,
            "net_income_4q": null,
            "revenue": 987686,
            "revenue_4q": null,
            "common_shares": 1310429,
            "book_valuer_per_share": 21.29,
            "book_valuer_per_share_4q_avg": 21.25,
            "equity": 2789831,
            "current_ratio": 228.99,
            "debt_ratio": 45.46,
            "inventory_turnover_ratio": 0.15,
            "account_receivable_turnover_ratio": null,
            "reinvestment_rate": 1.12,
            "research_to_sale_ratio": null,
            "price_fair": 240.8,
            "eps_avg_yearly": 6.88,
            "eps_latest_yearly": 8.76,
            "eps_growth_yearly": 129.26
        },
        "20074": {
            "year_quarter": 20074,
            "year": 2007,
            "quarter": 4,
            "eps": 3.14,
            "eps_growth_year": 57.79,
            "eps_4q": 8.34,
            "eps_4q_growth_year": 29.8,
            "roe": 13.72,
            "roe_4q": 38.67,
            "gross_profit": 488611,
            "gross_margin": 43.67,
            "gross_margin_4q_avg": 35.48,
            "net_income": 410935,
            "net_income_4q": null,
            "revenue": 1118763,
            "revenue_4q": null,
            "common_shares": 1310429,
            "book_valuer_per_share": 24.43,
            "book_valuer_per_share_4q_avg": 21.89,
            "equity": 3200766,
            "current_ratio": 424.31,
            "debt_ratio": 34.72,
            "inventory_turnover_ratio": 0.14,
            "account_receivable_turnover_ratio": null,
            "reinvestment_rate": 1.01,
            "research_to_sale_ratio": null,
            "price_fair": 253.23,
            "eps_avg_yearly": 7.24,
            "eps_latest_yearly": 12.56,
            "eps_growth_yearly": 132.02
        },
        "20081": {
            "year_quarter": 20081,
            "year": 2008,
            "quarter": 1,
            "eps": 2.37,
            "eps_growth_year": 189.02,
            "eps_4q": 9.88,
            "eps_4q_growth_year": 54.95,
            "roe": 9.25,
            "roe_4q": 44.26,
            "gross_profit": 375628,
            "gross_margin": 39.81,
            "gross_margin_4q_avg": 37.56,
            "net_income": 310387,
            "net_income_4q": null,
            "revenue": 943488,
            "revenue_4q": null,
            "common_shares": 1310429,
            "book_valuer_per_share": 26.79,
            "book_valuer_per_share_4q_avg": 22.9,
            "equity": 3511153,
            "current_ratio": 502.56,
            "debt_ratio": 30.5,
            "inventory_turnover_ratio": 0.13,
            "account_receivable_turnover_ratio": null,
            "reinvestment_rate": -0.12,
            "research_to_sale_ratio": null,
            "price_fair": 261.63,
            "eps_avg_yearly": 7.48,
            "eps_latest_yearly": 9.48,
            "eps_growth_yearly": 106.83
        },
        "20082": {
            "year_quarter": 20082,
            "year": 2008,
            "quarter": 2,
            "eps": 3.39,
            "eps_growth_year": 54.79,
            "eps_4q": 11.09,
            "eps_4q_growth_year": 69.81,
            "roe": 13.69,
            "roe_4q": 47.489999999999995,
            "gross_profit": 496559,
            "gross_margin": 38.46,
            "gross_margin_4q_avg": 39.08,
            "net_income": 443874,
            "net_income_4q": null,
            "revenue": 1291103,
            "revenue_4q": null,
            "common_shares": 1310429,
            "book_valuer_per_share": 22.67,
            "book_valuer_per_share_4q_avg": 23.8,
            "equity": 2971221,
            "current_ratio": 310.51,
            "debt_ratio": 41.62,
            "inventory_turnover_ratio": 0.18,
            "account_receivable_turnover_ratio": null,
            "reinvestment_rate": 0.02,
            "research_to_sale_ratio": null,
            "price_fair": 285.95,
            "eps_avg_yearly": 8.17,
            "eps_latest_yearly": 13.56,
            "eps_growth_yearly": 131.78
        },
        "20083": {
            "year_quarter": 20083,
            "year": 2008,
            "quarter": 3,
            "eps": 1.68,
            "eps_growth_year": -23.29,
            "eps_4q": 10.56,
            "eps_4q_growth_year": 46.83,
            "roe": 7.15,
            "roe_4q": 43.81,
            "gross_profit": 267398,
            "gross_margin": 40.84,
            "gross_margin_4q_avg": 40.7,
            "net_income": 220394,
            "net_income_4q": null,
            "revenue": 654698,
            "revenue_4q": null,
            "common_shares": 1310429,
            "book_valuer_per_share": 24.36,
            "book_valuer_per_share_4q_avg": 24.56,
            "equity": 3191615,
            "current_ratio": 375.32,
            "debt_ratio": 34.52,
            "inventory_turnover_ratio": 0.09,
            "account_receivable_turnover_ratio": null,
            "reinvestment_rate": 0.49,
            "research_to_sale_ratio": null,
            "price_fair": 283.33,
            "eps_avg_yearly": 8.1,
            "eps_latest_yearly": 6.72,
            "eps_growth_yearly": 63.02
        },
        "20084": {
            "year_quarter": 20084,
            "year": 2008,
            "quarter": 4,
            "eps": 0.07,
            "eps_growth_year": -97.77,
            "eps_4q": 7.91,
            "eps_4q_growth_year": -5.13,
            "roe": 0.27,
            "roe_4q": 30.36,
            "gross_profit": 57164,
            "gross_margin": 9.36,
            "gross_margin_4q_avg": 32.12,
            "net_income": 8703,
            "net_income_4q": null,
            "revenue": 610515,
            "revenue_4q": null,
            "common_shares": 1310429,
            "book_valuer_per_share": 24.42,
            "book_valuer_per_share_4q_avg": 24.56,
            "equity": 3200318,
            "current_ratio": 486.5,
            "debt_ratio": 39.33,
            "inventory_turnover_ratio": 0.12,
            "account_receivable_turnover_ratio": 1663.53,
            "reinvestment_rate": 0.46,
            "research_to_sale_ratio": null,
            "price_fair": 257.25,
            "eps_avg_yearly": 7.35,
            "eps_latest_yearly": 0.28,
            "eps_growth_yearly": 25.55
        },
        "20091": {
            "year_quarter": 20091,
            "year": 2009,
            "quarter": 1,
            "eps": 0.67,
            "eps_growth_year": -71.73,
            "eps_4q": 5.83,
            "eps_4q_growth_year": -41.03,
            "roe": 2.69,
            "roe_4q": 23.799999999999997,
            "gross_profit": 126038,
            "gross_margin": 24.61,
            "gross_margin_4q_avg": 28.32,
            "net_income": 87409,
            "net_income_4q": null,
            "revenue": 512042,
            "revenue_4q": null,
            "common_shares": 1310429,
            "book_valuer_per_share": 25.09,
            "book_valuer_per_share_4q_avg": 24.14,
            "equity": 3287727,
            "current_ratio": 716.39,
            "debt_ratio": 36.51,
            "inventory_turnover_ratio": 0.08,
            "account_receivable_turnover_ratio": 99.58,
            "reinvestment_rate": 0.43,
            "research_to_sale_ratio": null,
            "price_fair": 250.6,
            "eps_avg_yearly": 7.16,
            "eps_latest_yearly": 2.68,
            "eps_growth_yearly": 253.11
        },
        "20092": {
            "year_quarter": 20092,
            "year": 2009,
            "quarter": 2,
            "eps": 1,
            "eps_growth_year": -70.5,
            "eps_4q": 3.41,
            "eps_4q_growth_year": -69.25,
            "roe": 4.23,
            "roe_4q": 14.34,
            "gross_profit": 177037,
            "gross_margin": 28.83,
            "gross_margin_4q_avg": 25.91,
            "net_income": 131346,
            "net_income_4q": null,
            "revenue": 614113,
            "revenue_4q": null,
            "common_shares": 1310429,
            "book_valuer_per_share": 22.33,
            "book_valuer_per_share_4q_avg": 24.05,
            "equity": 2926352,
            "current_ratio": 444.17,
            "debt_ratio": 43.99,
            "inventory_turnover_ratio": 0.09,
            "account_receivable_turnover_ratio": 84.8,
            "reinvestment_rate": 0.45,
            "research_to_sale_ratio": null,
            "price_fair": 243.69,
            "eps_avg_yearly": 6.96,
            "eps_latest_yearly": 4,
            "eps_growth_yearly": 259.13
        },
        "20093": {
            "year_quarter": 20093,
            "year": 2009,
            "quarter": 3,
            "eps": 1.01,
            "eps_growth_year": -39.88,
            "eps_4q": 2.24,
            "eps_4q_growth_year": -78.75,
            "roe": 6.16,
            "roe_4q": 13.35,
            "gross_profit": 230141,
            "gross_margin": 30.11,
            "gross_margin_4q_avg": 23.23,
            "net_income": 186117,
            "net_income_4q": null,
            "revenue": 764229,
            "revenue_4q": null,
            "common_shares": 1834601,
            "book_valuer_per_share": 16.97,
            "book_valuer_per_share_4q_avg": 22.2,
            "equity": 3112469,
            "current_ratio": 589.29,
            "debt_ratio": 37.88,
            "inventory_turnover_ratio": 0.12,
            "account_receivable_turnover_ratio": 119.27,
            "reinvestment_rate": 1.07,
            "research_to_sale_ratio": null,
            "price_fair": 238.61,
            "eps_avg_yearly": 6.82,
            "eps_latest_yearly": 4.04,
            "eps_growth_yearly": 262.18
        },
        "20094": {
            "year_quarter": 20094,
            "year": 2009,
            "quarter": 4,
            "eps": 0.69,
            "eps_growth_year": 885.71,
            "eps_4q": 2.9,
            "eps_4q_growth_year": -63.36,
            "roe": 3.99,
            "roe_4q": 17.07,
            "gross_profit": 175251,
            "gross_margin": 24.59,
            "gross_margin_4q_avg": 27.04,
            "net_income": 126792,
            "net_income_4q": null,
            "revenue": 712749,
            "revenue_4q": null,
            "common_shares": 1834601,
            "book_valuer_per_share": 17.66,
            "book_valuer_per_share_4q_avg": 20.51,
            "equity": 3239262,
            "current_ratio": 751.01,
            "debt_ratio": 31.48,
            "inventory_turnover_ratio": 0.12,
            "account_receivable_turnover_ratio": 2416.1,
            "reinvestment_rate": 1.65,
            "research_to_sale_ratio": null,
            "price_fair": 224.35,
            "eps_avg_yearly": 6.41,
            "eps_latest_yearly": 2.76,
            "eps_growth_yearly": 242.78
        },
        "20101": {
            "year_quarter": 20101,
            "year": 2010,
            "quarter": 1,
            "eps": 0.4,
            "eps_growth_year": -40.3,
            "eps_4q": 2.82,
            "eps_4q_growth_year": -51.67,
            "roe": 2.22,
            "roe_4q": 16.6,
            "gross_profit": 106837,
            "gross_margin": 23.02,
            "gross_margin_4q_avg": 26.64,
            "net_income": 72570,
            "net_income_4q": null,
            "revenue": 464040,
            "revenue_4q": null,
            "common_shares": 1834601,
            "book_valuer_per_share": 18.05,
            "book_valuer_per_share_4q_avg": 18.75,
            "equity": 3311832,
            "current_ratio": 387.62,
            "debt_ratio": 29.83,
            "inventory_turnover_ratio": 0.08,
            "account_receivable_turnover_ratio": 30.4,
            "reinvestment_rate": 2.79,
            "research_to_sale_ratio": null,
            "price_fair": 220.06,
            "eps_avg_yearly": 6.29,
            "eps_latest_yearly": 1.6,
            "eps_growth_yearly": 247.68
        },
        "20102": {
            "year_quarter": 20102,
            "year": 2010,
            "quarter": 2,
            "eps": 0.74,
            "eps_growth_year": -25.63,
            "eps_4q": 2.84,
            "eps_4q_growth_year": -16.56,
            "roe": 4.34,
            "roe_4q": 16.71,
            "gross_profit": 197678,
            "gross_margin": 20.82,
            "gross_margin_4q_avg": 24.64,
            "net_income": 136448,
            "net_income_4q": null,
            "revenue": 949363,
            "revenue_4q": null,
            "common_shares": 1834601,
            "book_valuer_per_share": 16.19,
            "book_valuer_per_share_4q_avg": 17.22,
            "equity": 2969449,
            "current_ratio": 289.35,
            "debt_ratio": 39.2,
            "inventory_turnover_ratio": 0.17,
            "account_receivable_turnover_ratio": 62.03,
            "reinvestment_rate": 3.49,
            "research_to_sale_ratio": null,
            "price_fair": 208.86,
            "eps_avg_yearly": 5.97,
            "eps_latest_yearly": 2.96,
            "eps_growth_yearly": 237.19
        },
        "20103": {
            "year_quarter": 20103,
            "year": 2010,
            "quarter": 3,
            "eps": 0.48,
            "eps_growth_year": -52.76,
            "eps_4q": 2.31,
            "eps_4q_growth_year": 2.81,
            "roe": 2.9,
            "roe_4q": 13.450000000000001,
            "gross_profit": 116338,
            "gross_margin": 27.29,
            "gross_margin_4q_avg": 23.93,
            "net_income": 87525,
            "net_income_4q": null,
            "revenue": 426329,
            "revenue_4q": null,
            "common_shares": 1834601,
            "book_valuer_per_share": 16.66,
            "book_valuer_per_share_4q_avg": 17.14,
            "equity": 3056973,
            "current_ratio": 300.39,
            "debt_ratio": 39.46,
            "inventory_turnover_ratio": 0.07,
            "account_receivable_turnover_ratio": 879.94,
            "reinvestment_rate": 2.99,
            "research_to_sale_ratio": null,
            "price_fair": 199.76,
            "eps_avg_yearly": 5.71,
            "eps_latest_yearly": 1.92,
            "eps_growth_yearly": 234.59
        },
        "20104": {
            "year_quarter": 20104,
            "year": 2010,
            "quarter": 4,
            "eps": 1.14,
            "eps_growth_year": 65.69,
            "eps_4q": 2.76,
            "eps_4q_growth_year": -4.77,
            "roe": 6.63,
            "roe_4q": 16.09,
            "gross_profit": 272607,
            "gross_margin": 28.44,
            "gross_margin_4q_avg": 24.89,
            "net_income": 209742,
            "net_income_4q": null,
            "revenue": 958511,
            "revenue_4q": null,
            "common_shares": 1834601,
            "book_valuer_per_share": 17.81,
            "book_valuer_per_share_4q_avg": 17.18,
            "equity": 3266716,
            "current_ratio": 383.68,
            "debt_ratio": 34.01,
            "inventory_turnover_ratio": 0.15,
            "account_receivable_turnover_ratio": 3736.88,
            "reinvestment_rate": 1.58,
            "research_to_sale_ratio": null,
            "price_fair": 192.33,
            "eps_avg_yearly": 5.5,
            "eps_latest_yearly": 4.56,
            "eps_growth_yearly": 261.24
        },
        "20111": {
            "year_quarter": 20111,
            "year": 2011,
            "quarter": 1,
            "eps": 0.76,
            "eps_growth_year": 90,
            "eps_4q": 3.13,
            "eps_4q_growth_year": 11.03,
            "roe": 4.2,
            "roe_4q": 18.07,
            "gross_profit": 181086,
            "gross_margin": 28.08,
            "gross_margin_4q_avg": 26.16,
            "net_income": 140108,
            "net_income_4q": null,
            "revenue": 644969,
            "revenue_4q": null,
            "common_shares": 1834601,
            "book_valuer_per_share": 18.57,
            "book_valuer_per_share_4q_avg": 17.31,
            "equity": 3406824,
            "current_ratio": 414.02,
            "debt_ratio": 31.97,
            "inventory_turnover_ratio": 0.11,
            "account_receivable_turnover_ratio": 149.18,
            "reinvestment_rate": 5.38,
            "research_to_sale_ratio": null,
            "price_fair": 191.8,
            "eps_avg_yearly": 5.48,
            "eps_latest_yearly": 3.04,
            "eps_growth_yearly": 267.6
        },
        "20112": {
            "year_quarter": 20112,
            "year": 2011,
            "quarter": 2,
            "eps": 0.6,
            "eps_growth_year": -18.67,
            "eps_4q": 3,
            "eps_4q_growth_year": 5.59,
            "roe": 3.43,
            "roe_4q": 17.16,
            "gross_profit": 147652,
            "gross_margin": 25.19,
            "gross_margin_4q_avg": 27.25,
            "net_income": 110282,
            "net_income_4q": null,
            "revenue": 586189,
            "revenue_4q": null,
            "common_shares": 1834601,
            "book_valuer_per_share": 16.56,
            "book_valuer_per_share_4q_avg": 17.4,
            "equity": 3019032,
            "current_ratio": 319.77,
            "debt_ratio": 38.05,
            "inventory_turnover_ratio": 0.11,
            "account_receivable_turnover_ratio": 134.94,
            "reinvestment_rate": 5.72,
            "research_to_sale_ratio": null,
            "price_fair": 177.89,
            "eps_avg_yearly": 5.08,
            "eps_latest_yearly": 2.4,
            "eps_growth_yearly": 220.57
        },
        "20113": {
            "year_quarter": 20113,
            "year": 2011,
            "quarter": 3,
            "eps": 0.38,
            "eps_growth_year": -20.2,
            "eps_4q": 2.92,
            "eps_4q_growth_year": 26.55,
            "roe": 2.27,
            "roe_4q": 16.53,
            "gross_profit": 77715,
            "gross_margin": 25.49,
            "gross_margin_4q_avg": 26.8,
            "net_income": 68980,
            "net_income_4q": null,
            "revenue": 304865,
            "revenue_4q": null,
            "common_shares": 1811901,
            "book_valuer_per_share": 16.83,
            "book_valuer_per_share_4q_avg": 17.44,
            "equity": 3048927,
            "current_ratio": 354.41,
            "debt_ratio": 35.48,
            "inventory_turnover_ratio": 0.05,
            "account_receivable_turnover_ratio": 1177.08,
            "reinvestment_rate": 0.49,
            "research_to_sale_ratio": null,
            "price_fair": 162.05,
            "eps_avg_yearly": 4.63,
            "eps_latest_yearly": 1.52,
            "eps_growth_yearly": 211.4
        },
        "20114": {
            "year_quarter": 20114,
            "year": 2011,
            "quarter": 4,
            "eps": 0.08,
            "eps_growth_year": -93.09,
            "eps_4q": 1.84,
            "eps_4q_growth_year": -33.27,
            "roe": 0.47,
            "roe_4q": 10.370000000000001,
            "gross_profit": 49151,
            "gross_margin": 35.62,
            "gross_margin_4q_avg": 28.6,
            "net_income": 14316,
            "net_income_4q": null,
            "revenue": 137996,
            "revenue_4q": null,
            "common_shares": 1811901,
            "book_valuer_per_share": 16.91,
            "book_valuer_per_share_4q_avg": 17.22,
            "equity": 3063243,
            "current_ratio": 308.96,
            "debt_ratio": 37.82,
            "inventory_turnover_ratio": 0.02,
            "account_receivable_turnover_ratio": 802.3,
            "reinvestment_rate": 1.15,
            "research_to_sale_ratio": null,
            "price_fair": 135.28,
            "eps_avg_yearly": 3.87,
            "eps_latest_yearly": 0.32,
            "eps_growth_yearly": 180.82
        },
        "20121": {
            "year_quarter": 20121,
            "year": 2012,
            "quarter": 1,
            "eps": -0.12,
            "eps_growth_year": -115.79,
            "eps_4q": 0.95,
            "eps_4q_growth_year": -69.68,
            "roe": -0.71,
            "roe_4q": 5.460000000000001,
            "gross_profit": 5237,
            "gross_margin": 42.91,
            "gross_margin_4q_avg": 32.3,
            "net_income": -21723,
            "net_income_4q": null,
            "revenue": 12204,
            "revenue_4q": null,
            "common_shares": 1811901,
            "book_valuer_per_share": 16.79,
            "book_valuer_per_share_4q_avg": 16.77,
            "equity": 3041520,
            "current_ratio": 314.19,
            "debt_ratio": 41.91,
            "inventory_turnover_ratio": 0,
            "account_receivable_turnover_ratio": 39.37,
            "reinvestment_rate": 1.05,
            "research_to_sale_ratio": null,
            "price_fair": 122.17,
            "eps_avg_yearly": 3.49,
            "eps_latest_yearly": 0.32,
            "eps_growth_yearly": 199.42
        },
        "20122": {
            "year_quarter": 20122,
            "year": 2012,
            "quarter": 2,
            "eps": 9.1,
            "eps_growth_year": 1404.19,
            "eps_4q": 9.44,
            "eps_4q_growth_year": 214.21,
            "roe": 44.37,
            "roe_4q": 46.4,
            "gross_profit": 1681090,
            "gross_margin": 59.34,
            "gross_margin_4q_avg": 40.84,
            "net_income": 1648688,
            "net_income_4q": null,
            "revenue": 2833220,
            "revenue_4q": null,
            "common_shares": 1811901,
            "book_valuer_per_share": 24.23,
            "book_valuer_per_share_4q_avg": 18.69,
            "equity": 4389432,
            "current_ratio": 541.68,
            "debt_ratio": 19.83,
            "inventory_turnover_ratio": 0.25,
            "account_receivable_turnover_ratio": 7436.27,
            "reinvestment_rate": 0.66,
            "research_to_sale_ratio": null,
            "price_fair": 97,
            "eps_avg_yearly": 2.77,
            "eps_latest_yearly": 0.32,
            "eps_growth_yearly": 201.36
        },
        "20123": {
            "year_quarter": 20123,
            "year": 2012,
            "quarter": 3,
            "eps": 1.3,
            "eps_growth_year": 242.63,
            "eps_4q": 10.36,
            "eps_4q_growth_year": 254.86,
            "roe": 5.24,
            "roe_4q": 49.37,
            "gross_profit": 267901,
            "gross_margin": 51.56,
            "gross_margin_4q_avg": 47.36,
            "net_income": 236348,
            "net_income_4q": null,
            "revenue": 519607,
            "revenue_4q": null,
            "common_shares": 1811901,
            "book_valuer_per_share": 25.53,
            "book_valuer_per_share_4q_avg": 20.87,
            "equity": 4625780,
            "current_ratio": 702.15,
            "debt_ratio": 15.74,
            "inventory_turnover_ratio": 0.06,
            "account_receivable_turnover_ratio": 12.93,
            "reinvestment_rate": 0.08,
            "research_to_sale_ratio": null,
            "price_fair": 93.2,
            "eps_avg_yearly": 2.66,
            "eps_latest_yearly": 5.2,
            "eps_growth_yearly": 191.29
        },
        "20124": {
            "year_quarter": 20124,
            "year": 2012,
            "quarter": 4,
            "eps": 1.73,
            "eps_growth_year": 2089.74,
            "eps_4q": 12.01,
            "eps_4q_growth_year": 552.35,
            "roe": 6.56,
            "roe_4q": 55.46,
            "gross_profit": 369920,
            "gross_margin": 47.25,
            "gross_margin_4q_avg": 50.27,
            "net_income": 313483,
            "net_income_4q": null,
            "revenue": 782869,
            "revenue_4q": null,
            "common_shares": 1811901,
            "book_valuer_per_share": 27.25,
            "book_valuer_per_share_4q_avg": 23.45,
            "equity": 4936976,
            "current_ratio": 1067.97,
            "debt_ratio": 9.71,
            "inventory_turnover_ratio": 0.1,
            "account_receivable_turnover_ratio": 17.11,
            "reinvestment_rate": 0.32,
            "research_to_sale_ratio": null,
            "price_fair": 109.8,
            "eps_avg_yearly": 3.14,
            "eps_latest_yearly": 6.92,
            "eps_growth_yearly": 228.12
        },
        "20131": {
            "year_quarter": 20131,
            "year": 2013,
            "quarter": 1,
            "eps": 1.59,
            "eps_growth_year": null,
            "eps_4q": 13.73,
            "eps_4q_growth_year": 1347.09,
            "roe": 5.68,
            "roe_4q": 61.849999999999994,
            "gross_profit": 325981,
            "gross_margin": 45.31,
            "gross_margin_4q_avg": 50.87,
            "net_income": 288371,
            "net_income_4q": null,
            "revenue": 719523,
            "revenue_4q": null,
            "common_shares": 1811901,
            "book_valuer_per_share": 28.78,
            "book_valuer_per_share_4q_avg": 26.45,
            "equity": 5214876,
            "current_ratio": 956.33,
            "debt_ratio": 10.91,
            "inventory_turnover_ratio": 0.09,
            "account_receivable_turnover_ratio": 43.77,
            "reinvestment_rate": -3.18,
            "research_to_sale_ratio": null,
            "price_fair": 10.2,
            "eps_avg_yearly": 3.4,
            "eps_latest_yearly": 6.36,
            "eps_growth_yearly": -19.09
        },
        "20132": {
            "year_quarter": 20132,
            "year": 2013,
            "quarter": 2,
            "eps": 3.46,
            "eps_growth_year": -61.97,
            "eps_4q": 8.08,
            "eps_4q_growth_year": -14.37,
            "roe": 13.76,
            "roe_4q": 31.239999999999995,
            "gross_profit": 696550,
            "gross_margin": 48.9,
            "gross_margin_4q_avg": 48.26,
            "net_income": 626226,
            "net_income_4q": null,
            "revenue": 1424390,
            "revenue_4q": null,
            "common_shares": 1811901,
            "book_valuer_per_share": 21.47,
            "book_valuer_per_share_4q_avg": 25.76,
            "equity": 3889685,
            "current_ratio": 232.75,
            "debt_ratio": 42.72,
            "inventory_turnover_ratio": 0.16,
            "account_receivable_turnover_ratio": 14.05,
            "reinvestment_rate": -2.81,
            "research_to_sale_ratio": null,
            "price_fair": 41.03,
            "eps_avg_yearly": 4.1,
            "eps_latest_yearly": 13.84,
            "eps_growth_yearly": 0.44
        },
        "20133": {
            "year_quarter": 20133,
            "year": 2013,
            "quarter": 3,
            "eps": 3.31,
            "eps_growth_year": 153.75,
            "eps_4q": 10.09,
            "eps_4q_growth_year": -2.63,
            "roe": 14.32,
            "roe_4q": 40.32,
            "gross_profit": 660659,
            "gross_margin": 54.82,
            "gross_margin_4q_avg": 49.07,
            "net_income": 600131,
            "net_income_4q": null,
            "revenue": 1205190,
            "revenue_4q": null,
            "common_shares": 1811901,
            "book_valuer_per_share": 24.78,
            "book_valuer_per_share_4q_avg": 25.57,
            "equity": 4489816,
            "current_ratio": 490.11,
            "debt_ratio": 26.06,
            "inventory_turnover_ratio": 0.11,
            "account_receivable_turnover_ratio": 12.55,
            "reinvestment_rate": -2.85,
            "research_to_sale_ratio": null,
            "price_fair": 14.28,
            "eps_avg_yearly": 4.76,
            "eps_latest_yearly": 13.24,
            "eps_growth_yearly": -1.09
        },
        "20134": {
            "year_quarter": 20134,
            "year": 2013,
            "quarter": 4,
            "eps": 2.84,
            "eps_growth_year": 64.17,
            "eps_4q": 11.2,
            "eps_4q_growth_year": -6.77,
            "roe": 10.84,
            "roe_4q": 44.6,
            "gross_profit": 555902,
            "gross_margin": 44.35,
            "gross_margin_4q_avg": 48.35,
            "net_income": 514659,
            "net_income_4q": null,
            "revenue": 1253347,
            "revenue_4q": null,
            "common_shares": 1811901,
            "book_valuer_per_share": 27.62,
            "book_valuer_per_share_4q_avg": 25.66,
            "equity": 5004626,
            "current_ratio": 612.07,
            "debt_ratio": 17.06,
            "inventory_turnover_ratio": 0.13,
            "account_receivable_turnover_ratio": 230.01,
            "reinvestment_rate": -2.97,
            "research_to_sale_ratio": null,
            "price_fair": 74.75,
            "eps_avg_yearly": 5.37,
            "eps_latest_yearly": 11.36,
            "eps_growth_yearly": 3.91
        },
        "20141": {
            "year_quarter": 20141,
            "year": 2014,
            "quarter": 1,
            "eps": 1.98,
            "eps_growth_year": 24.53,
            "eps_4q": 11.58,
            "eps_4q_growth_year": -15.6,
            "roe": 6.91,
            "roe_4q": 45.83,
            "gross_profit": 414595,
            "gross_margin": 46.84,
            "gross_margin_4q_avg": 48.73,
            "net_income": 357955,
            "net_income_4q": null,
            "revenue": 885168,
            "revenue_4q": null,
            "common_shares": 1811901,
            "book_valuer_per_share": 29.6,
            "book_valuer_per_share_4q_avg": 25.87,
            "equity": 5362581,
            "current_ratio": 1247.08,
            "debt_ratio": 8.78,
            "inventory_turnover_ratio": 0.08,
            "account_receivable_turnover_ratio": 392.19,
            "reinvestment_rate": -3.51,
            "research_to_sale_ratio": null,
            "price_fair": 100.58,
            "eps_avg_yearly": 5.83,
            "eps_latest_yearly": 7.92,
            "eps_growth_yearly": 7.27
        },
        "20142": {
            "year_quarter": 20142,
            "year": 2014,
            "quarter": 2,
            "eps": 3.08,
            "eps_growth_year": -10.98,
            "eps_4q": 11.21,
            "eps_4q_growth_year": 38.7,
            "roe": 11.81,
            "roe_4q": 43.879999999999995,
            "gross_profit": 636282,
            "gross_margin": 47.28,
            "gross_margin_4q_avg": 48.32,
            "net_income": 558463,
            "net_income_4q": null,
            "revenue": 1345736,
            "revenue_4q": null,
            "common_shares": 1811901,
            "book_valuer_per_share": 22.6,
            "book_valuer_per_share_4q_avg": 26.15,
            "equity": 4094648,
            "current_ratio": 237.35,
            "debt_ratio": 40.32,
            "inventory_turnover_ratio": 0.13,
            "account_receivable_turnover_ratio": 162.64,
            "reinvestment_rate": -3.24,
            "research_to_sale_ratio": null,
            "price_fair": 19.48,
            "eps_avg_yearly": 6.49,
            "eps_latest_yearly": 12.32,
            "eps_growth_yearly": -1.15
        },
        "20143": {
            "year_quarter": 20143,
            "year": 2014,
            "quarter": 3,
            "eps": 2.97,
            "eps_growth_year": -10.27,
            "eps_4q": 10.87,
            "eps_4q_growth_year": 7.75,
            "roe": 12.35,
            "roe_4q": 41.91,
            "gross_profit": 603451,
            "gross_margin": 48.96,
            "gross_margin_4q_avg": 46.86,
            "net_income": 538859,
            "net_income_4q": null,
            "revenue": 1232515,
            "revenue_4q": null,
            "common_shares": 1811901,
            "book_valuer_per_share": 25.57,
            "book_valuer_per_share_4q_avg": 26.35,
            "equity": 4633507,
            "current_ratio": 428.31,
            "debt_ratio": 27.28,
            "inventory_turnover_ratio": 0.12,
            "account_receivable_turnover_ratio": 48.46,
            "reinvestment_rate": -2.69,
            "research_to_sale_ratio": null,
            "price_fair": 128.77,
            "eps_avg_yearly": 7.21,
            "eps_latest_yearly": 11.88,
            "eps_growth_yearly": 7.87
        },
        "20144": {
            "year_quarter": 20144,
            "year": 2014,
            "quarter": 4,
            "eps": 0.97,
            "eps_growth_year": -65.77,
            "eps_4q": 9,
            "eps_4q_growth_year": -19.61,
            "roe": 3.73,
            "roe_4q": 34.8,
            "gross_profit": 247636,
            "gross_margin": 45.55,
            "gross_margin_4q_avg": 47.16,
            "net_income": 176148,
            "net_income_4q": null,
            "revenue": 543708,
            "revenue_4q": null,
            "common_shares": 1811901,
            "book_valuer_per_share": 26.54,
            "book_valuer_per_share_4q_avg": 26.08,
            "equity": 4809632,
            "current_ratio": 561.96,
            "debt_ratio": 18.35,
            "inventory_turnover_ratio": 0.05,
            "account_receivable_turnover_ratio": 28.04,
            "reinvestment_rate": -2.72,
            "research_to_sale_ratio": null,
            "price_fair": 21.47,
            "eps_avg_yearly": 7.16,
            "eps_latest_yearly": 3.88,
            "eps_growth_yearly": -50.65
        },
        "20151": {
            "year_quarter": 20151,
            "year": 2015,
            "quarter": 1,
            "eps": 0.97,
            "eps_growth_year": -51.01,
            "eps_4q": 8,
            "eps_4q_growth_year": -30.95,
            "roe": 3.59,
            "roe_4q": 31.480000000000004,
            "gross_profit": 214450,
            "gross_margin": 46.96,
            "gross_margin_4q_avg": 47.19,
            "net_income": 175860,
            "net_income_4q": null,
            "revenue": 456713,
            "revenue_4q": null,
            "common_shares": 1811901,
            "book_valuer_per_share": 27.52,
            "book_valuer_per_share_4q_avg": 25.56,
            "equity": 4985492,
            "current_ratio": 681.82,
            "debt_ratio": 17.08,
            "inventory_turnover_ratio": 0.05,
            "account_receivable_turnover_ratio": 101491.78,
            "reinvestment_rate": -4.64,
            "research_to_sale_ratio": null,
            "price_fair": 21.65,
            "eps_avg_yearly": 7.22,
            "eps_latest_yearly": 3.88,
            "eps_growth_yearly": -41.13
        },
        "20152": {
            "year_quarter": 20152,
            "year": 2015,
            "quarter": 2,
            "eps": 1.03,
            "eps_growth_year": -66.56,
            "eps_4q": 5.95,
            "eps_4q_growth_year": -46.95,
            "roe": 4.13,
            "roe_4q": 23.799999999999997,
            "gross_profit": 227505,
            "gross_margin": 41.8,
            "gross_margin_4q_avg": 45.82,
            "net_income": 186684,
            "net_income_4q": null,
            "revenue": 544276,
            "revenue_4q": null,
            "common_shares": 1811901,
            "book_valuer_per_share": 22.44,
            "book_valuer_per_share_4q_avg": 25.52,
            "equity": 4065104,
            "current_ratio": 348.99,
            "debt_ratio": 35.74,
            "inventory_turnover_ratio": 0.06,
            "account_receivable_turnover_ratio": 120950.22,
            "reinvestment_rate": -4.59,
            "research_to_sale_ratio": null,
            "price_fair": 22.02,
            "eps_avg_yearly": 7.34,
            "eps_latest_yearly": 4.12,
            "eps_growth_yearly": -33.35
        },
        "20153": {
            "year_quarter": 20153,
            "year": 2015,
            "quarter": 3,
            "eps": 0.56,
            "eps_growth_year": -81.14,
            "eps_4q": 3.03,
            "eps_4q_growth_year": -72.09,
            "roe": 2.94,
            "roe_4q": 14.39,
            "gross_profit": 155952,
            "gross_margin": 37.16,
            "gross_margin_4q_avg": 42.87,
            "net_income": 121174,
            "net_income_4q": null,
            "revenue": 419627,
            "revenue_4q": null,
            "common_shares": 2174281,
            "book_valuer_per_share": 19.25,
            "book_valuer_per_share_4q_avg": 23.94,
            "equity": 4186278,
            "current_ratio": 388.86,
            "debt_ratio": 32.55,
            "inventory_turnover_ratio": 0.05,
            "account_receivable_turnover_ratio": 17484.46,
            "reinvestment_rate": -2.09,
            "research_to_sale_ratio": null,
            "price_fair": 22.17,
            "eps_avg_yearly": 7.39,
            "eps_latest_yearly": 2.24,
            "eps_growth_yearly": -35.91
        },
        "20154": {
            "year_quarter": 20154,
            "year": 2015,
            "quarter": 4,
            "eps": 0.4,
            "eps_growth_year": -58.62,
            "eps_4q": 2.63,
            "eps_4q_growth_year": -70.82,
            "roe": 2.07,
            "roe_4q": 12.73,
            "gross_profit": 136575,
            "gross_margin": 23.71,
            "gross_margin_4q_avg": 37.41,
            "net_income": 87472,
            "net_income_4q": null,
            "revenue": 576014,
            "revenue_4q": null,
            "common_shares": 2174281,
            "book_valuer_per_share": 19.66,
            "book_valuer_per_share_4q_avg": 22.22,
            "equity": 4274519,
            "current_ratio": 455.88,
            "debt_ratio": 29.27,
            "inventory_turnover_ratio": 0.08,
            "account_receivable_turnover_ratio": 4760.45,
            "reinvestment_rate": -2.06,
            "research_to_sale_ratio": null,
            "price_fair": 22.45,
            "eps_avg_yearly": 7.48,
            "eps_latest_yearly": 1.6,
            "eps_growth_yearly": -21.52
        },
        "20161": {
            "year_quarter": 20161,
            "year": 2016,
            "quarter": 1,
            "eps": 0.16,
            "eps_growth_year": -83.51,
            "eps_4q": 1.98,
            "eps_4q_growth_year": -75.3,
            "roe": 0.8,
            "roe_4q": 9.940000000000001,
            "gross_profit": 60378,
            "gross_margin": 31.8,
            "gross_margin_4q_avg": 33.62,
            "net_income": 34334,
            "net_income_4q": null,
            "revenue": 189871,
            "revenue_4q": null,
            "common_shares": 2174281,
            "book_valuer_per_share": 19.82,
            "book_valuer_per_share_4q_avg": 20.29,
            "equity": 4308853,
            "current_ratio": 403.53,
            "debt_ratio": 31.27,
            "inventory_turnover_ratio": 0.02,
            "account_receivable_turnover_ratio": 42.22,
            "reinvestment_rate": -2.04,
            "research_to_sale_ratio": null,
            "price_fair": 21.08,
            "eps_avg_yearly": 7.03,
            "eps_latest_yearly": 0.64,
            "eps_growth_yearly": -36.08
        },
        "20162": {
            "year_quarter": 20162,
            "year": 2016,
            "quarter": 2,
            "eps": 0.44,
            "eps_growth_year": -57.28,
            "eps_4q": 1.55,
            "eps_4q_growth_year": -73.89,
            "roe": 2.31,
            "roe_4q": 8.12,
            "gross_profit": 165998,
            "gross_margin": 28.64,
            "gross_margin_4q_avg": 30.33,
            "net_income": 94685,
            "net_income_4q": null,
            "revenue": 579552,
            "revenue_4q": null,
            "common_shares": 2174281,
            "book_valuer_per_share": 17.88,
            "book_valuer_per_share_4q_avg": 19.15,
            "equity": 3888233,
            "current_ratio": 321.77,
            "debt_ratio": 37.21,
            "inventory_turnover_ratio": 0.08,
            "account_receivable_turnover_ratio": 130.28,
            "reinvestment_rate": -2.69,
            "research_to_sale_ratio": null,
            "price_fair": 133.43,
            "eps_avg_yearly": 6.7,
            "eps_latest_yearly": 1.76,
            "eps_growth_yearly": 9.92
        },
        "20163": {
            "year_quarter": 20163,
            "year": 2016,
            "quarter": 3,
            "eps": 0.69,
            "eps_growth_year": 23.21,
            "eps_4q": 1.68,
            "eps_4q_growth_year": -44.6,
            "roe": 3.76,
            "roe_4q": 8.94,
            "gross_profit": 180149,
            "gross_margin": 32.27,
            "gross_margin_4q_avg": 29.11,
            "net_income": 149043,
            "net_income_4q": null,
            "revenue": 558285,
            "revenue_4q": null,
            "common_shares": 2174281,
            "book_valuer_per_share": 18.57,
            "book_valuer_per_share_4q_avg": 18.98,
            "equity": 4037276,
            "current_ratio": 473.64,
            "debt_ratio": 33.14,
            "inventory_turnover_ratio": 0.07,
            "account_receivable_turnover_ratio": 271.8,
            "reinvestment_rate": -2.73,
            "research_to_sale_ratio": null,
            "price_fair": 229.08,
            "eps_avg_yearly": 6.55,
            "eps_latest_yearly": 2.76,
            "eps_growth_yearly": 45.56
        },
        "20164": {
            "year_quarter": 20164,
            "year": 2016,
            "quarter": 4,
            "eps": 0.73,
            "eps_growth_year": 80.61,
            "eps_4q": 2.01,
            "eps_4q_growth_year": -23.66,
            "roe": 3.84,
            "roe_4q": 10.71,
            "gross_profit": 207413,
            "gross_margin": 29.85,
            "gross_margin_4q_avg": 30.64,
            "net_income": 157980,
            "net_income_4q": null,
            "revenue": 694906,
            "revenue_4q": null,
            "common_shares": 2174281,
            "book_valuer_per_share": 19.3,
            "book_valuer_per_share_4q_avg": 18.89,
            "equity": 4195694,
            "current_ratio": 318.12,
            "debt_ratio": 31.86,
            "inventory_turnover_ratio": 0.09,
            "account_receivable_turnover_ratio": 25.5,
            "reinvestment_rate": -2.82,
            "research_to_sale_ratio": null,
            "price_fair": 220.33,
            "eps_avg_yearly": 6.3,
            "eps_latest_yearly": 2.92,
            "eps_growth_yearly": 38.74
        },
        "20171": {
            "year_quarter": 20171,
            "year": 2017,
            "quarter": 1,
            "eps": 0.59,
            "eps_growth_year": 268.75,
            "eps_4q": 2.44,
            "eps_4q_growth_year": 23.53,
            "roe": 3.03,
            "roe_4q": 12.94,
            "gross_profit": 170355,
            "gross_margin": 29.86,
            "gross_margin_4q_avg": 30.16,
            "net_income": 129042,
            "net_income_4q": null,
            "revenue": 570552,
            "revenue_4q": null,
            "common_shares": 2174281,
            "book_valuer_per_share": 19.89,
            "book_valuer_per_share_4q_avg": 18.91,
            "equity": 4324736,
            "current_ratio": 323.62,
            "debt_ratio": 29.08,
            "inventory_turnover_ratio": 0.08,
            "account_receivable_turnover_ratio": 22.6,
            "reinvestment_rate": -0.01,
            "research_to_sale_ratio": null,
            "price_fair": 211.58,
            "eps_avg_yearly": 6.05,
            "eps_latest_yearly": 2.36,
            "eps_growth_yearly": 35.96
        },
        "20172": {
            "year_quarter": 20172,
            "year": 2017,
            "quarter": 2,
            "eps": 0.9,
            "eps_growth_year": 104.55,
            "eps_4q": 2.91,
            "eps_4q_growth_year": 87.33,
            "roe": 4.65,
            "roe_4q": 15.28,
            "gross_profit": 268433,
            "gross_margin": 28.39,
            "gross_margin_4q_avg": 30.09,
            "net_income": 196476,
            "net_income_4q": null,
            "revenue": 945597,
            "revenue_4q": null,
            "common_shares": 2174281,
            "book_valuer_per_share": 18.99,
            "book_valuer_per_share_4q_avg": 19.19,
            "equity": 4128319,
            "current_ratio": 325.68,
            "debt_ratio": 29.52,
            "inventory_turnover_ratio": 0.14,
            "account_receivable_turnover_ratio": 85963.36,
            "reinvestment_rate": -0.01,
            "research_to_sale_ratio": null,
            "price_fair": 160.52,
            "eps_avg_yearly": 5.41,
            "eps_latest_yearly": 3.6,
            "eps_growth_yearly": 19.7
        },
        "20173": {
            "year_quarter": 20173,
            "year": 2017,
            "quarter": 3,
            "eps": 0.79,
            "eps_growth_year": 14.49,
            "eps_4q": 3.01,
            "eps_4q_growth_year": 79.21,
            "roe": 4.07,
            "roe_4q": 15.59,
            "gross_profit": 220950,
            "gross_margin": 29.13,
            "gross_margin_4q_avg": 29.31,
            "net_income": 171580,
            "net_income_4q": null,
            "revenue": 758537,
            "revenue_4q": null,
            "common_shares": 2174281,
            "book_valuer_per_share": 19.78,
            "book_valuer_per_share_4q_avg": 19.49,
            "equity": 4299899,
            "current_ratio": 334.93,
            "debt_ratio": 28.24,
            "inventory_turnover_ratio": 0.11,
            "account_receivable_turnover_ratio": 4285.52,
            "reinvestment_rate": -0.01,
            "research_to_sale_ratio": null,
            "price_fair": 132.39,
            "eps_avg_yearly": 4.78,
            "eps_latest_yearly": 3.16,
            "eps_growth_yearly": 17.73
        },
        "20174": {
            "year_quarter": 20174,
            "year": 2017,
            "quarter": 4,
            "eps": 0.74,
            "eps_growth_year": 2.53,
            "eps_4q": 3.03,
            "eps_4q_growth_year": 51.15,
            "roe": 3.7,
            "roe_4q": 15.450000000000001,
            "gross_profit": 231452,
            "gross_margin": 31.45,
            "gross_margin_4q_avg": 29.71,
            "net_income": 161984,
            "net_income_4q": null,
            "revenue": 735969,
            "revenue_4q": null,
            "common_shares": 2174281,
            "book_valuer_per_share": 20.51,
            "book_valuer_per_share_4q_avg": 19.79,
            "equity": 4460278,
            "current_ratio": 257.16,
            "debt_ratio": 36.98,
            "inventory_turnover_ratio": 0.09,
            "account_receivable_turnover_ratio": 87.07,
            "reinvestment_rate": -0,
            "research_to_sale_ratio": null,
            "price_fair": 126.2,
            "eps_avg_yearly": 4.25,
            "eps_latest_yearly": 2.96,
            "eps_growth_yearly": 19.69
        },
        "20181": {
            "year_quarter": 20181,
            "year": 2018,
            "quarter": 1,
            "eps": 0.9,
            "eps_growth_year": 52.54,
            "eps_4q": 3.34,
            "eps_4q_growth_year": 36.77,
            "roe": 4.3,
            "roe_4q": 16.72,
            "gross_profit": 248938,
            "gross_margin": 30.96,
            "gross_margin_4q_avg": 29.98,
            "net_income": 195870,
            "net_income_4q": null,
            "revenue": 804077,
            "revenue_4q": null,
            "common_shares": 2174281,
            "book_valuer_per_share": 21.41,
            "book_valuer_per_share_4q_avg": 20.17,
            "equity": 4656148,
            "current_ratio": 273.84,
            "debt_ratio": 34.89,
            "inventory_turnover_ratio": 0.09,
            "account_receivable_turnover_ratio": 23.78,
            "reinvestment_rate": -0.01,
            "research_to_sale_ratio": null,
            "price_fair": 139.3,
            "eps_avg_yearly": 3.98,
            "eps_latest_yearly": 3.6,
            "eps_growth_yearly": 32.67
        },
        "20182": {
            "year_quarter": 20182,
            "year": 2018,
            "quarter": 2,
            "eps": 0.97,
            "eps_growth_year": 7.78,
            "eps_4q": 3.4,
            "eps_4q_growth_year": 16.97,
            "roe": 4.71,
            "roe_4q": 16.78,
            "gross_profit": 275852,
            "gross_margin": 31.14,
            "gross_margin_4q_avg": 30.67,
            "net_income": 210436,
            "net_income_4q": null,
            "revenue": 885789,
            "revenue_4q": null,
            "common_shares": 2174281,
            "book_valuer_per_share": 19.66,
            "book_valuer_per_share_4q_avg": 20.34,
            "equity": 4274745,
            "current_ratio": 249.98,
            "debt_ratio": 39.72,
            "inventory_turnover_ratio": 0.09,
            "account_receivable_turnover_ratio": 27.02,
            "reinvestment_rate": -0.01,
            "research_to_sale_ratio": null,
            "price_fair": 106.08,
            "eps_avg_yearly": 3.45,
            "eps_latest_yearly": 3.88,
            "eps_growth_yearly": 20.72
        },
        "20183": {
            "year_quarter": 20183,
            "year": 2018,
            "quarter": 3,
            "eps": 0.63,
            "eps_growth_year": -20.25,
            "eps_4q": 3.24,
            "eps_4q_growth_year": 7.55,
            "roe": 3.14,
            "roe_4q": 15.849999999999998,
            "gross_profit": 184565,
            "gross_margin": 27.08,
            "gross_margin_4q_avg": 30.16,
            "net_income": 136234,
            "net_income_4q": null,
            "revenue": 681478,
            "revenue_4q": null,
            "common_shares": 2174281,
            "book_valuer_per_share": 20.29,
            "book_valuer_per_share_4q_avg": 20.47,
            "equity": 4410979,
            "current_ratio": 290.39,
            "debt_ratio": 43.53,
            "inventory_turnover_ratio": 0.07,
            "account_receivable_turnover_ratio": 36.88,
            "reinvestment_rate": -0.01,
            "research_to_sale_ratio": null,
            "price_fair": 65.54,
            "eps_avg_yearly": 2.87,
            "eps_latest_yearly": 2.52,
            "eps_growth_yearly": 12.85
        },
        "20184": {
            "year_quarter": 20184,
            "year": 2018,
            "quarter": 4,
            "eps": 0.68,
            "eps_growth_year": -8.46,
            "eps_4q": 3.18,
            "eps_4q_growth_year": 4.82,
            "roe": 3.31,
            "roe_4q": 15.46,
            "gross_profit": 231607,
            "gross_margin": 28.45,
            "gross_margin_4q_avg": 29.41,
            "net_income": 148285,
            "net_income_4q": null,
            "revenue": 814193,
            "revenue_4q": null,
            "common_shares": 2174281,
            "book_valuer_per_share": 20.97,
            "book_valuer_per_share_4q_avg": 20.58,
            "equity": 4559432,
            "current_ratio": 303.26,
            "debt_ratio": 43.59,
            "inventory_turnover_ratio": 0.08,
            "account_receivable_turnover_ratio": 30.34,
            "reinvestment_rate": -0.01,
            "research_to_sale_ratio": null,
            "price_fair": 97.83,
            "eps_avg_yearly": 2.8,
            "eps_latest_yearly": 2.72,
            "eps_growth_yearly": 31.67
        },
        "20191": {
            "year_quarter": 20191,
            "year": 2019,
            "quarter": 1,
            "eps": 0.38,
            "eps_growth_year": -57.78,
            "eps_4q": 2.66,
            "eps_4q_growth_year": -20.37,
            "roe": 1.81,
            "roe_4q": 12.969999999999999,
            "gross_profit": 125358,
            "gross_margin": 25.11,
            "gross_margin_4q_avg": 27.95,
            "net_income": 83057,
            "net_income_4q": null,
            "revenue": 499222,
            "revenue_4q": null,
            "common_shares": 2174281,
            "book_valuer_per_share": 21.35,
            "book_valuer_per_share_4q_avg": 20.57,
            "equity": 4642489,
            "current_ratio": 349.68,
            "debt_ratio": 44.01,
            "inventory_turnover_ratio": 0.05,
            "account_receivable_turnover_ratio": 18.32,
            "reinvestment_rate": -0.01,
            "research_to_sale_ratio": null,
            "price_fair": 81.13,
            "eps_avg_yearly": 2.65,
            "eps_latest_yearly": 1.52,
            "eps_growth_yearly": 20.64
        },
        "20192": {
            "year_quarter": 20192,
            "year": 2019,
            "quarter": 2,
            "eps": 0.44,
            "eps_growth_year": -54.64,
            "eps_4q": 2.13,
            "eps_4q_growth_year": -37.37,
            "roe": 2.19,
            "roe_4q": 10.450000000000001,
            "gross_profit": 138413,
            "gross_margin": 32.05,
            "gross_margin_4q_avg": 28.17,
            "net_income": 95808,
            "net_income_4q": null,
            "revenue": 431931,
            "revenue_4q": null,
            "common_shares": 2174281,
            "book_valuer_per_share": 18.93,
            "book_valuer_per_share_4q_avg": 20.39,
            "equity": 4116385,
            "current_ratio": 303.9,
            "debt_ratio": 54.45,
            "inventory_turnover_ratio": 0.04,
            "account_receivable_turnover_ratio": 34.59,
            "reinvestment_rate": -0.01,
            "research_to_sale_ratio": null,
            "price_fair": 82.61,
            "eps_avg_yearly": 2.5,
            "eps_latest_yearly": 1.76,
            "eps_growth_yearly": 23.05
        },
        "20193": {
            "year_quarter": 20193,
            "year": 2019,
            "quarter": 3,
            "eps": 0.33,
            "eps_growth_year": -47.62,
            "eps_4q": 1.83,
            "eps_4q_growth_year": -43.5,
            "roe": 1.71,
            "roe_4q": 9.02,
            "gross_profit": 115017,
            "gross_margin": 25.82,
            "gross_margin_4q_avg": 27.86,
            "net_income": 70874,
            "net_income_4q": null,
            "revenue": 445542,
            "revenue_4q": null,
            "common_shares": 2174281,
            "book_valuer_per_share": 19.26,
            "book_valuer_per_share_4q_avg": 20.13,
            "equity": 4187259,
            "current_ratio": 319.08,
            "debt_ratio": 55.28,
            "inventory_turnover_ratio": 0.04,
            "account_receivable_turnover_ratio": 280.22,
            "reinvestment_rate": -0.01,
            "research_to_sale_ratio": null,
            "price_fair": 85.49,
            "eps_avg_yearly": 2.44,
            "eps_latest_yearly": 1.32,
            "eps_growth_yearly": 28.2
        },
        "20194": {
            "year_quarter": 20194,
            "year": 2019,
            "quarter": 4,
            "eps": 0.85,
            "eps_growth_year": 25.3,
            "eps_4q": 2,
            "eps_4q_growth_year": -36.95,
            "roe": 4.34,
            "roe_4q": 10.05,
            "gross_profit": 274440,
            "gross_margin": 28.52,
            "gross_margin_4q_avg": 27.88,
            "net_income": 185795,
            "net_income_4q": null,
            "revenue": 962199,
            "revenue_4q": null,
            "common_shares": 2174281,
            "book_valuer_per_share": 20.11,
            "book_valuer_per_share_4q_avg": 19.91,
            "equity": 4372602,
            "current_ratio": 275.27,
            "debt_ratio": 54.9,
            "inventory_turnover_ratio": 0.07,
            "account_receivable_turnover_ratio": 35.01,
            "reinvestment_rate": -0.01,
            "research_to_sale_ratio": null,
            "price_fair": 89.43,
            "eps_avg_yearly": 2.56,
            "eps_latest_yearly": 3.4,
            "eps_growth_yearly": 74.74
        },
        "20201": {
            "year_quarter": 20201,
            "year": 2020,
            "quarter": 1,
            "eps": 0.2,
            "eps_growth_year": -47.37,
            "eps_4q": 1.82,
            "eps_4q_growth_year": -31.47,
            "roe": 0.99,
            "roe_4q": 9.23,
            "gross_profit": 88188,
            "gross_margin": 29.16,
            "gross_margin_4q_avg": 28.89,
            "net_income": 43657,
            "net_income_4q": null,
            "revenue": 302473,
            "revenue_4q": null,
            "common_shares": 2174281,
            "book_valuer_per_share": 20.31,
            "book_valuer_per_share_4q_avg": 19.65,
            "equity": 4416259,
            "current_ratio": 237.1,
            "debt_ratio": 56.86,
            "inventory_turnover_ratio": 0.02,
            "account_receivable_turnover_ratio": 10.02,
            "reinvestment_rate": -0.01,
            "research_to_sale_ratio": null,
            "price_fair": 89.78,
            "eps_avg_yearly": 2.57,
            "eps_latest_yearly": 0.8,
            "eps_growth_yearly": 70.62
        },
        "20202": {
            "year_quarter": 20202,
            "year": 2020,
            "quarter": 2,
            "eps": 0.68,
            "eps_growth_year": 54.55,
            "eps_4q": 2.06,
            "eps_4q_growth_year": -3.49,
            "roe": 3.42,
            "roe_4q": 10.46,
            "gross_profit": 196594,
            "gross_margin": 31.53,
            "gross_margin_4q_avg": 28.76,
            "net_income": 146876,
            "net_income_4q": null,
            "revenue": 623504,
            "revenue_4q": null,
            "common_shares": 2174281,
            "book_valuer_per_share": 19.19,
            "book_valuer_per_share_4q_avg": 19.72,
            "equity": 4171547,
            "current_ratio": 235.43,
            "debt_ratio": 60.5,
            "inventory_turnover_ratio": 0.04,
            "account_receivable_turnover_ratio": 153.36,
            "reinvestment_rate": -0.01,
            "research_to_sale_ratio": null,
            "price_fair": 91.88,
            "eps_avg_yearly": 2.63,
            "eps_latest_yearly": 2.72,
            "eps_growth_yearly": 86.87
        },
        "20203": {
            "year_quarter": 20203,
            "year": 2020,
            "quarter": 3,
            "eps": 1.07,
            "eps_growth_year": 224.24,
            "eps_4q": 2.8,
            "eps_4q_growth_year": 53.11,
            "roe": 5.44,
            "roe_4q": 14.19,
            "gross_profit": 291105,
            "gross_margin": 31.15,
            "gross_margin_4q_avg": 30.09,
            "net_income": 233103,
            "net_income_4q": null,
            "revenue": 934648,
            "revenue_4q": null,
            "common_shares": 2174281,
            "book_valuer_per_share": 20.26,
            "book_valuer_per_share_4q_avg": 19.97,
            "equity": 4404650,
            "current_ratio": 232.32,
            "debt_ratio": 59.02,
            "inventory_turnover_ratio": 0.06,
            "account_receivable_turnover_ratio": 592.11,
            "reinvestment_rate": 0,
            "research_to_sale_ratio": null,
            "price_fair": 95.2,
            "eps_avg_yearly": 2.72,
            "eps_latest_yearly": 4.28,
            "eps_growth_yearly": 87.01
        },
        "20204": {
            "year_quarter": 20204,
            "year": 2020,
            "quarter": 4,
            "eps": 1.77,
            "eps_growth_year": 106.72,
            "eps_4q": 3.71,
            "eps_4q_growth_year": 85.45,
            "roe": 8.36,
            "roe_4q": 18.209999999999997,
            "gross_profit": 494510,
            "gross_margin": 40.37,
            "gross_margin_4q_avg": 33.05,
            "net_income": 384075,
            "net_income_4q": null,
            "revenue": 1224983,
            "revenue_4q": null,
            "common_shares": 2174281,
            "book_valuer_per_share": 22.02,
            "book_valuer_per_share_4q_avg": 20.45,
            "equity": 4788047,
            "current_ratio": 214.18,
            "debt_ratio": 57.11,
            "inventory_turnover_ratio": 0.07,
            "account_receivable_turnover_ratio": 56.82,
            "reinvestment_rate": 0.01,
            "research_to_sale_ratio": null,
            "price_fair": 104.3,
            "eps_avg_yearly": 2.98,
            "eps_latest_yearly": 7.08,
            "eps_growth_yearly": 101.91
        },
        "20211": {
            "year_quarter": 20211,
            "year": 2021,
            "quarter": 1,
            "eps": 1.22,
            "eps_growth_year": 510,
            "eps_4q": 4.73,
            "eps_4q_growth_year": 159.73,
            "roe": 5.81,
            "roe_4q": 23.03,
            "gross_profit": 357228,
            "gross_margin": 39.83,
            "gross_margin_4q_avg": 35.72,
            "net_income": 264835,
            "net_income_4q": null,
            "revenue": 896911,
            "revenue_4q": null,
            "common_shares": 2174281,
            "book_valuer_per_share": 19.9,
            "book_valuer_per_share_4q_avg": 20.34,
            "equity": 4326542,
            "current_ratio": 210.24,
            "debt_ratio": 66.62,
            "inventory_turnover_ratio": 0.05,
            "account_receivable_turnover_ratio": 39.51,
            "reinvestment_rate": 0.01,
            "research_to_sale_ratio": null,
            "price_fair": 109.81,
            "eps_avg_yearly": 3.14,
            "eps_latest_yearly": 4.88,
            "eps_growth_yearly": 98.94
        },
        "20212": {
            "year_quarter": 20212,
            "year": 2021,
            "quarter": 2,
            "eps": 2.39,
            "eps_growth_year": 251.47,
            "eps_4q": 6.45,
            "eps_4q_growth_year": 213.67,
            "roe": 11.35,
            "roe_4q": 30.96,
            "gross_profit": 680065,
            "gross_margin": 41.89,
            "gross_margin_4q_avg": 38.31,
            "net_income": 520704,
            "net_income_4q": null,
            "revenue": 1623400,
            "revenue_4q": null,
            "common_shares": 2174281,
            "book_valuer_per_share": 22.29,
            "book_valuer_per_share_4q_avg": 21.12,
            "equity": 4847246,
            "current_ratio": 193.75,
            "debt_ratio": 64.67,
            "inventory_turnover_ratio": 0.07,
            "account_receivable_turnover_ratio": 84.6,
            "reinvestment_rate": -0,
            "research_to_sale_ratio": null,
            "price_fair": 122.85,
            "eps_avg_yearly": 3.51,
            "eps_latest_yearly": 9.56,
            "eps_growth_yearly": 109.78
        },
        "20213": {
            "year_quarter": 20213,
            "year": 2021,
            "quarter": 3,
            "eps": 1.44,
            "eps_growth_year": 34.58,
            "eps_4q": 6.82,
            "eps_4q_growth_year": 143.3,
            "roe": 6.26,
            "roe_4q": 31.779999999999998,
            "gross_profit": 430680,
            "gross_margin": 41.15,
            "gross_margin_4q_avg": 40.81,
            "net_income": 313146,
            "net_income_4q": null,
            "revenue": 1046577,
            "revenue_4q": null,
            "common_shares": 2174281,
            "book_valuer_per_share": 23.73,
            "book_valuer_per_share_4q_avg": 21.99,
            "equity": 5160392,
            "current_ratio": 208.59,
            "debt_ratio": 63.1,
            "inventory_turnover_ratio": 0.05,
            "account_receivable_turnover_ratio": 49.64,
            "reinvestment_rate": -0,
            "research_to_sale_ratio": null,
            "price_fair": 128.54,
            "eps_avg_yearly": 3.67,
            "eps_latest_yearly": 5.76,
            "eps_growth_yearly": 102.9
        },
        "20214": {
            "year_quarter": 20214,
            "year": 2021,
            "quarter": 4,
            "eps": 3.85,
            "eps_growth_year": 117.69,
            "eps_4q": 8.9,
            "eps_4q_growth_year": 139.54,
            "roe": 14.99,
            "roe_4q": 38.410000000000004,
            "gross_profit": 1118506,
            "gross_margin": 45.28,
            "gross_margin_4q_avg": 42.04,
            "net_income": 836111,
            "net_income_4q": null,
            "revenue": 2470400,
            "revenue_4q": null,
            "common_shares": 2174281,
            "book_valuer_per_share": 27.58,
            "book_valuer_per_share_4q_avg": 23.38,
            "equity": 5995870,
            "current_ratio": 267.44,
            "debt_ratio": 56.16,
            "inventory_turnover_ratio": 0.1,
            "account_receivable_turnover_ratio": 56.77,
            "reinvestment_rate": -0,
            "research_to_sale_ratio": null,
            "price_fair": 155.75,
            "eps_avg_yearly": 4.45,
            "eps_latest_yearly": 15.4,
            "eps_growth_yearly": 146.32
        },
        "20221": {
            "year_quarter": 20221,
            "year": 2022,
            "quarter": 1,
            "eps": 1.89,
            "eps_growth_year": 54.92,
            "eps_4q": 9.57,
            "eps_4q_growth_year": 102.31,
            "roe": 7.72,
            "roe_4q": 40.32,
            "gross_profit": 554011,
            "gross_margin": 48.34,
            "gross_margin_4q_avg": 44.17,
            "net_income": 411565,
            "net_income_4q": null,
            "revenue": 1146066,
            "revenue_4q": null,
            "common_shares": 2174281,
            "book_valuer_per_share": 21.46,
            "book_valuer_per_share_4q_avg": 23.77,
            "equity": 4666684,
            "current_ratio": 189,
            "debt_ratio": 66.14,
            "inventory_turnover_ratio": 0.05,
            "account_receivable_turnover_ratio": 28.88,
            "reinvestment_rate": 0,
            "research_to_sale_ratio": null,
            "price_fair": 164.41,
            "eps_avg_yearly": 4.7,
            "eps_latest_yearly": 7.56,
            "eps_growth_yearly": 128.19
        },
        "20222": {
            "year_quarter": 20222,
            "year": 2022,
            "quarter": 2,
            "eps": 0.79,
            "eps_growth_year": -66.95,
            "eps_4q": 7.97,
            "eps_4q_growth_year": 23.52,
            "roe": 3.61,
            "roe_4q": 32.58,
            "gross_profit": 252760,
            "gross_margin": 53.49,
            "gross_margin_4q_avg": 47.07,
            "net_income": 171765,
            "net_income_4q": null,
            "revenue": 472568,
            "revenue_4q": null,
            "common_shares": 2174281,
            "book_valuer_per_share": 22.25,
            "book_valuer_per_share_4q_avg": 23.76,
            "equity": 4838449,
            "current_ratio": 205.1,
            "debt_ratio": 69.67,
            "inventory_turnover_ratio": 0.02,
            "account_receivable_turnover_ratio": 1421.26,
            "reinvestment_rate": 0,
            "research_to_sale_ratio": null,
            "price_fair": 162.84,
            "eps_avg_yearly": 4.65,
            "eps_latest_yearly": 3.16,
            "eps_growth_yearly": 111.69
        },
        "20223": {
            "year_quarter": 20223,
            "year": 2022,
            "quarter": 3,
            "eps": 2.94,
            "eps_growth_year": 104.17,
            "eps_4q": 9.46,
            "eps_4q_growth_year": 38.78,
            "roe": 12.38,
            "roe_4q": 38.7,
            "gross_profit": 845205,
            "gross_margin": 52.01,
            "gross_margin_4q_avg": 49.78,
            "net_income": 638302,
            "net_income_4q": null,
            "revenue": 1625140,
            "revenue_4q": null,
            "common_shares": 2174281,
            "book_valuer_per_share": 25.19,
            "book_valuer_per_share_4q_avg": 24.12,
            "equity": 5476751,
            "current_ratio": 196.94,
            "debt_ratio": 67.03,
            "inventory_turnover_ratio": 0.05,
            "account_receivable_turnover_ratio": 28.52,
            "reinvestment_rate": -0,
            "research_to_sale_ratio": null,
            "price_fair": 183.05,
            "eps_avg_yearly": 5.23,
            "eps_latest_yearly": 11.76,
            "eps_growth_yearly": 188.49
        },
        "20224": {
            "year_quarter": 20224,
            "year": 2022,
            "quarter": 4,
            "eps": 1.43,
            "eps_growth_year": -62.78,
            "eps_4q": 7.05,
            "eps_4q_growth_year": -20.78,
            "roe": 5.52,
            "roe_4q": 29.229999999999997,
            "gross_profit": 468802,
            "gross_margin": 52.73,
            "gross_margin_4q_avg": 51.64,
            "net_income": 311160,
            "net_income_4q": null,
            "revenue": 889022,
            "revenue_4q": null,
            "common_shares": 2174281,
            "book_valuer_per_share": 26.62,
            "book_valuer_per_share_4q_avg": 23.88,
            "equity": 5788082,
            "current_ratio": 201.59,
            "debt_ratio": 66.66,
            "inventory_turnover_ratio": 0.03,
            "account_receivable_turnover_ratio": 15.63,
            "reinvestment_rate": -0,
            "research_to_sale_ratio": null,
            "price_fair": 189.61,
            "eps_avg_yearly": 5.42,
            "eps_latest_yearly": 5.72,
            "eps_growth_yearly": 173.67
        },
        "20231": {
            "year_quarter": 20231,
            "year": 2023,
            "quarter": 1,
            "eps": 1.19,
            "eps_growth_year": -37.04,
            "eps_4q": 6.35,
            "eps_4q_growth_year": -33.7,
            "roe": 4.95,
            "roe_4q": 26.46,
            "gross_profit": 374542,
            "gross_margin": 49.12,
            "gross_margin_4q_avg": 51.84,
            "net_income": 258890,
            "net_income_4q": null,
            "revenue": 762450,
            "revenue_4q": null,
            "common_shares": 2174281,
            "book_valuer_per_share": 21.47,
            "book_valuer_per_share_4q_avg": 23.88,
            "equity": 4667304,
            "current_ratio": 179.31,
            "debt_ratio": 73.92,
            "inventory_turnover_ratio": 0.02,
            "account_receivable_turnover_ratio": 9775,
            "reinvestment_rate": -0,
            "research_to_sale_ratio": null,
            "price_fair": 196.7,
            "eps_avg_yearly": 5.62,
            "eps_latest_yearly": 4.76,
            "eps_growth_yearly": 180.5
        },
        "20232": {
            "year_quarter": 20232,
            "year": 2023,
            "quarter": 2,
            "eps": 2.77,
            "eps_growth_year": 250.63,
            "eps_4q": 8.33,
            "eps_4q_growth_year": 4.49,
            "roe": 12.12,
            "roe_4q": 34.97,
            "gross_profit": 852866,
            "gross_margin": 47.3,
            "gross_margin_4q_avg": 50.29,
            "net_income": 602044,
            "net_income_4q": null,
            "revenue": 1802954,
            "revenue_4q": null,
            "common_shares": 2174281,
            "book_valuer_per_share": 24.23,
            "book_valuer_per_share_4q_avg": 24.38,
            "equity": 5269348,
            "current_ratio": 189.91,
            "debt_ratio": 71.04,
            "inventory_turnover_ratio": 0.05,
            "account_receivable_turnover_ratio": 100.26,
            "reinvestment_rate": -0,
            "research_to_sale_ratio": null,
            "price_fair": 217.09,
            "eps_avg_yearly": 6.2,
            "eps_latest_yearly": 11.08,
            "eps_growth_yearly": 209.75
        },
        "20233": {
            "year_quarter": 20233,
            "year": 2023,
            "quarter": 3,
            "eps": 3.29,
            "eps_growth_year": 11.9,
            "eps_4q": 8.68,
            "eps_4q_growth_year": -8.28,
            "roe": 12.71,
            "roe_4q": 35.3,
            "gross_profit": 986914,
            "gross_margin": 46.09,
            "gross_margin_4q_avg": 48.81,
            "net_income": 715367,
            "net_income_4q": null,
            "revenue": 2141418,
            "revenue_4q": null,
            "common_shares": 2174281,
            "book_valuer_per_share": 27.53,
            "book_valuer_per_share_4q_avg": 24.96,
            "equity": 5984715,
            "current_ratio": 237.12,
            "debt_ratio": 66.72,
            "inventory_turnover_ratio": 0.07,
            "account_receivable_turnover_ratio": 117.1,
            "reinvestment_rate": 0.01,
            "research_to_sale_ratio": null,
            "price_fair": 242.99,
            "eps_avg_yearly": 6.94,
            "eps_latest_yearly": 13.16,
            "eps_growth_yearly": 220.69
        },
        "20234": {
            "year_quarter": 20234,
            "year": 2023,
            "quarter": 4,
            "eps": 5.3,
            "eps_growth_year": 270.32,
            "eps_4q": 12.55,
            "eps_4q_growth_year": 78.01,
            "roe": 17.56,
            "roe_4q": 47.34,
            "gross_profit": 1616769,
            "gross_margin": 45.93,
            "gross_margin_4q_avg": 47.11,
            "net_income": 1152290,
            "net_income_4q": null,
            "revenue": 3520254,
            "revenue_4q": null,
            "common_shares": 2174281,
            "book_valuer_per_share": 32.82,
            "book_valuer_per_share_4q_avg": 26.51,
            "equity": 7136215,
            "current_ratio": 316.42,
            "debt_ratio": 57.68,
            "inventory_turnover_ratio": 0.11,
            "account_receivable_turnover_ratio": 276.65,
            "reinvestment_rate": 0.02,
            "research_to_sale_ratio": null,
            "price_fair": 281.93,
            "eps_avg_yearly": 8.06,
            "eps_latest_yearly": 21.2,
            "eps_growth_yearly": 196.57
        }
    },
    "months": {
        "2001-06": {
            "month": "2001-06",
            "price": "12.16",
            "revenue": 133931
        },
        "2001-07": {
            "month": "2001-07",
            "price": "11.65",
            "revenue": 120211
        },
        "2001-08": {
            "month": "2001-08",
            "price": "11.56",
            "revenue": 65260
        },
        "2001-09": {
            "month": "2001-09",
            "price": "11.51",
            "revenue": 93950
        },
        "2001-10": {
            "month": "2001-10",
            "price": "11.63",
            "revenue": 115319
        },
        "2001-11": {
            "month": "2001-11",
            "price": "11.38",
            "revenue": 112418
        },
        "2001-12": {
            "month": "2001-12",
            "price": "11.63",
            "revenue": 160584
        },
        "2002-01": {
            "month": "2002-01",
            "price": "11.46",
            "revenue": 219057
        },
        "2002-02": {
            "month": "2002-02",
            "price": "11.40",
            "revenue": 62725
        },
        "2002-03": {
            "month": "2002-03",
            "price": "11.39",
            "revenue": 194440
        },
        "2002-04": {
            "month": "2002-04",
            "price": "11.54",
            "revenue": 197742
        },
        "2002-05": {
            "month": "2002-05",
            "price": "12.05",
            "revenue": 83618
        },
        "2002-06": {
            "month": "2002-06",
            "price": "12.16",
            "revenue": 146285
        },
        "2002-07": {
            "month": "2002-07",
            "price": "12.33",
            "revenue": 44165
        },
        "2002-08": {
            "month": "2002-08",
            "price": "12.42",
            "revenue": 66857
        },
        "2002-09": {
            "month": "2002-09",
            "price": "12.37",
            "revenue": 115792
        },
        "2002-10": {
            "month": "2002-10",
            "price": "12.01",
            "revenue": 70469
        },
        "2002-11": {
            "month": "2002-11",
            "price": "11.98",
            "revenue": 67301
        },
        "2002-12": {
            "month": "2002-12",
            "price": "12.28",
            "revenue": 81086
        },
        "2003-01": {
            "month": "2003-01",
            "price": "12.62",
            "revenue": 88535
        },
        "2003-02": {
            "month": "2003-02",
            "price": "12.51",
            "revenue": 19951
        },
        "2003-03": {
            "month": "2003-03",
            "price": "12.26",
            "revenue": 135928
        },
        "2003-04": {
            "month": "2003-04",
            "price": "12.37",
            "revenue": 135167
        },
        "2003-05": {
            "month": "2003-05",
            "price": "12.30",
            "revenue": 140223
        },
        "2003-06": {
            "month": "2003-06",
            "price": "12.88",
            "revenue": 207084
        },
        "2003-07": {
            "month": "2003-07",
            "price": "13.74",
            "revenue": 19493
        },
        "2003-08": {
            "month": "2003-08",
            "price": "13.73",
            "revenue": 198048
        },
        "2003-09": {
            "month": "2003-09",
            "price": "14.20",
            "revenue": 147595
        },
        "2003-10": {
            "month": "2003-10",
            "price": "14.35",
            "revenue": 101963
        },
        "2003-11": {
            "month": "2003-11",
            "price": "15.03",
            "revenue": 81128
        },
        "2003-12": {
            "month": "2003-12",
            "price": "15.35",
            "revenue": 804173
        },
        "2004-01": {
            "month": "2004-01",
            "price": "25.09",
            "revenue": 136669
        },
        "2004-02": {
            "month": "2004-02",
            "price": "28.18",
            "revenue": 226661
        },
        "2004-03": {
            "month": "2004-03",
            "price": "28.74",
            "revenue": 564303
        },
        "2004-04": {
            "month": "2004-04",
            "price": "29.15",
            "revenue": 310114
        },
        "2004-05": {
            "month": "2004-05",
            "price": "31.26",
            "revenue": 182475
        },
        "2004-06": {
            "month": "2004-06",
            "price": "33.60",
            "revenue": 166289
        },
        "2004-07": {
            "month": "2004-07",
            "price": "32.53",
            "revenue": 130028
        },
        "2004-08": {
            "month": "2004-08",
            "price": "32.50",
            "revenue": 527333
        },
        "2004-09": {
            "month": "2004-09",
            "price": "26.26",
            "revenue": 346175
        },
        "2004-10": {
            "month": "2004-10",
            "price": "31.04",
            "revenue": 995597
        },
        "2004-11": {
            "month": "2004-11",
            "price": "35.26",
            "revenue": 257472
        },
        "2004-12": {
            "month": "2004-12",
            "price": "49.04",
            "revenue": 352004
        },
        "2005-01": {
            "month": "2005-01",
            "price": "46.43",
            "revenue": 276322
        },
        "2005-02": {
            "month": "2005-02",
            "price": "51.39",
            "revenue": 249295
        },
        "2005-03": {
            "month": "2005-03",
            "price": "53.03",
            "revenue": 210826
        },
        "2005-04": {
            "month": "2005-04",
            "price": "54.58",
            "revenue": 327791
        },
        "2005-05": {
            "month": "2005-05",
            "price": "43.95",
            "revenue": 319380
        },
        "2005-06": {
            "month": "2005-06",
            "price": "45.41",
            "revenue": 348604
        },
        "2005-07": {
            "month": "2005-07",
            "price": "44.84",
            "revenue": 168925
        },
        "2005-08": {
            "month": "2005-08",
            "price": "43.75",
            "revenue": 218684
        },
        "2005-09": {
            "month": "2005-09",
            "price": "43.50",
            "revenue": 440619
        },
        "2005-10": {
            "month": "2005-10",
            "price": "43.27",
            "revenue": 76965
        },
        "2005-11": {
            "month": "2005-11",
            "price": "42.98",
            "revenue": 181102
        },
        "2005-12": {
            "month": "2005-12",
            "price": "44.14",
            "revenue": 751754
        },
        "2006-01": {
            "month": "2006-01",
            "price": "44.76",
            "revenue": 31721
        },
        "2006-02": {
            "month": "2006-02",
            "price": "45.00",
            "revenue": 158128
        },
        "2006-03": {
            "month": "2006-03",
            "price": "45.21",
            "revenue": 242255
        },
        "2006-04": {
            "month": "2006-04",
            "price": "49.17",
            "revenue": 194594
        },
        "2006-05": {
            "month": "2006-05",
            "price": "52.48",
            "revenue": 268064
        },
        "2006-06": {
            "month": "2006-06",
            "price": "49.37",
            "revenue": 407552
        },
        "2006-07": {
            "month": "2006-07",
            "price": "47.15",
            "revenue": 264310
        },
        "2006-08": {
            "month": "2006-08",
            "price": "42.10",
            "revenue": 227264
        },
        "2006-09": {
            "month": "2006-09",
            "price": "42.27",
            "revenue": 200314
        },
        "2006-10": {
            "month": "2006-10",
            "price": "43.49",
            "revenue": 269632
        },
        "2006-11": {
            "month": "2006-11",
            "price": "47.13",
            "revenue": 484517
        },
        "2006-12": {
            "month": "2006-12",
            "price": "47.14",
            "revenue": 406845
        },
        "2007-01": {
            "month": "2007-01",
            "price": "46.58",
            "revenue": 158073
        },
        "2007-02": {
            "month": "2007-02",
            "price": "46.71",
            "revenue": 129659
        },
        "2007-03": {
            "month": "2007-03",
            "price": "47.33",
            "revenue": 164888
        },
        "2007-04": {
            "month": "2007-04",
            "price": "51.29",
            "revenue": 227377
        },
        "2007-05": {
            "month": "2007-05",
            "price": "51.58",
            "revenue": 314612
        },
        "2007-06": {
            "month": "2007-06",
            "price": "52.74",
            "revenue": 533203
        },
        "2007-07": {
            "month": "2007-07",
            "price": "52.94",
            "revenue": 502038
        },
        "2007-08": {
            "month": "2007-08",
            "price": "45.02",
            "revenue": 209624
        },
        "2007-09": {
            "month": "2007-09",
            "price": "46.86",
            "revenue": 276024
        },
        "2007-10": {
            "month": "2007-10",
            "price": "47.18",
            "revenue": 576426
        },
        "2007-11": {
            "month": "2007-11",
            "price": "47.49",
            "revenue": 279739
        },
        "2007-12": {
            "month": "2007-12",
            "price": "46.31",
            "revenue": 262598
        },
        "2008-01": {
            "month": "2008-01",
            "price": "50.73",
            "revenue": 264153
        },
        "2008-02": {
            "month": "2008-02",
            "price": "56.23",
            "revenue": 199994
        },
        "2008-03": {
            "month": "2008-03",
            "price": "61.60",
            "revenue": 464492
        },
        "2008-04": {
            "month": "2008-04",
            "price": "80.38",
            "revenue": 514180
        },
        "2008-05": {
            "month": "2008-05",
            "price": "85.52",
            "revenue": 522730
        },
        "2008-06": {
            "month": "2008-06",
            "price": "74.35",
            "revenue": 227262
        },
        "2008-07": {
            "month": "2008-07",
            "price": "49.78",
            "revenue": 274303
        },
        "2008-08": {
            "month": "2008-08",
            "price": "50.13",
            "revenue": 183452
        },
        "2008-09": {
            "month": "2008-09",
            "price": "43.51",
            "revenue": 176549
        },
        "2008-10": {
            "month": "2008-10",
            "price": "33.22",
            "revenue": 156162
        },
        "2008-11": {
            "month": "2008-11",
            "price": "33.21",
            "revenue": 83778
        },
        "2008-12": {
            "month": "2008-12",
            "price": "32.79",
            "revenue": 338742
        },
        "2009-01": {
            "month": "2009-01",
            "price": "32.33",
            "revenue": 156819
        },
        "2009-02": {
            "month": "2009-02",
            "price": "32.31",
            "revenue": 131996
        },
        "2009-03": {
            "month": "2009-03",
            "price": "35.02",
            "revenue": 222998
        },
        "2009-04": {
            "month": "2009-04",
            "price": "42.07",
            "revenue": 143063
        },
        "2009-05": {
            "month": "2009-05",
            "price": "52.90",
            "revenue": 182577
        },
        "2009-06": {
            "month": "2009-06",
            "price": "55.18",
            "revenue": 288043
        },
        "2009-07": {
            "month": "2009-07",
            "price": "58.85",
            "revenue": 335189
        },
        "2009-08": {
            "month": "2009-08",
            "price": "53.54",
            "revenue": 276831
        },
        "2009-09": {
            "month": "2009-09",
            "price": "40.55",
            "revenue": 151911
        },
        "2009-10": {
            "month": "2009-10",
            "price": "39.57",
            "revenue": 153326
        },
        "2009-11": {
            "month": "2009-11",
            "price": "36.17",
            "revenue": 285298
        },
        "2009-12": {
            "month": "2009-12",
            "price": "37.33",
            "revenue": 273923
        },
        "2010-01": {
            "month": "2010-01",
            "price": "42.78",
            "revenue": 159542
        },
        "2010-02": {
            "month": "2010-02",
            "price": "38.79",
            "revenue": 118266
        },
        "2010-03": {
            "month": "2010-03",
            "price": "40.31",
            "revenue": 182809
        },
        "2010-04": {
            "month": "2010-04",
            "price": "40.90",
            "revenue": 154252
        },
        "2010-05": {
            "month": "2010-05",
            "price": "35.42",
            "revenue": 536584
        },
        "2010-06": {
            "month": "2010-06",
            "price": "34.74",
            "revenue": 239827
        },
        "2010-07": {
            "month": "2010-07",
            "price": "34.56",
            "revenue": 222626
        },
        "2010-08": {
            "month": "2010-08",
            "price": "32.22",
            "revenue": 48970
        },
        "2010-09": {
            "month": "2010-09",
            "price": "30.73",
            "revenue": 143379
        },
        "2010-10": {
            "month": "2010-10",
            "price": "29.99",
            "revenue": 403945
        },
        "2010-11": {
            "month": "2010-11",
            "price": "29.60",
            "revenue": 239935
        },
        "2010-12": {
            "month": "2010-12",
            "price": "32.32",
            "revenue": 260994
        },
        "2011-01": {
            "month": "2011-01",
            "price": "32.51",
            "revenue": 263515
        },
        "2011-02": {
            "month": "2011-02",
            "price": "31.42",
            "revenue": 161608
        },
        "2011-03": {
            "month": "2011-03",
            "price": "28.89",
            "revenue": 204314
        },
        "2011-04": {
            "month": "2011-04",
            "price": "29.52",
            "revenue": 270673
        },
        "2011-05": {
            "month": "2011-05",
            "price": "31.13",
            "revenue": 145428
        },
        "2011-06": {
            "month": "2011-06",
            "price": "33.32",
            "revenue": 150846
        },
        "2011-07": {
            "month": "2011-07",
            "price": "34.56",
            "revenue": 123405
        },
        "2011-08": {
            "month": "2011-08",
            "price": "31.68",
            "revenue": 122044
        },
        "2011-09": {
            "month": "2011-09",
            "price": "29.10",
            "revenue": 58832
        },
        "2011-10": {
            "month": "2011-10",
            "price": "28.80",
            "revenue": 64461
        },
        "2011-11": {
            "month": "2011-11",
            "price": "28.79",
            "revenue": 44457
        },
        "2011-12": {
            "month": "2011-12",
            "price": "28.08",
            "revenue": 29662
        },
        "2012-01": {
            "month": "2012-01",
            "price": "27.55",
            "revenue": 778
        },
        "2012-02": {
            "month": "2012-02",
            "price": "31.64",
            "revenue": 450
        },
        "2012-03": {
            "month": "2012-03",
            "price": "42.48",
            "revenue": 10976
        },
        "2012-04": {
            "month": "2012-04",
            "price": "39.63",
            "revenue": 71603
        },
        "2012-05": {
            "month": "2012-05",
            "price": "41.30",
            "revenue": 87097
        },
        "2012-06": {
            "month": "2012-06",
            "price": "41.36",
            "revenue": 2674520
        },
        "2012-07": {
            "month": "2012-07",
            "price": "42.15",
            "revenue": 132030
        },
        "2012-08": {
            "month": "2012-08",
            "price": "44.50",
            "revenue": 127970
        },
        "2012-09": {
            "month": "2012-09",
            "price": "51.70",
            "revenue": 259607
        },
        "2012-10": {
            "month": "2012-10",
            "price": "49.20",
            "revenue": 145688
        },
        "2012-11": {
            "month": "2012-11",
            "price": "51.00",
            "revenue": 175546
        },
        "2012-12": {
            "month": "2012-12",
            "price": "50.96",
            "revenue": 461635
        },
        "2013-01": {
            "month": "2013-01",
            "price": "55.41",
            "revenue": 206800
        },
        "2013-02": {
            "month": "2013-02",
            "price": "57.71",
            "revenue": 94404
        },
        "2013-03": {
            "month": "2013-03",
            "price": "63.92",
            "revenue": 418319
        },
        "2013-04": {
            "month": "2013-04",
            "price": "74.86",
            "revenue": 158925
        },
        "2013-05": {
            "month": "2013-05",
            "price": "83.57",
            "revenue": 512092
        },
        "2013-06": {
            "month": "2013-06",
            "price": "80.62",
            "revenue": 753373
        },
        "2013-07": {
            "month": "2013-07",
            "price": "73.94",
            "revenue": 389006
        },
        "2013-08": {
            "month": "2013-08",
            "price": "72.17",
            "revenue": 379441
        },
        "2013-09": {
            "month": "2013-09",
            "price": "68.43",
            "revenue": 436743
        },
        "2013-10": {
            "month": "2013-10",
            "price": "71.97",
            "revenue": 456294
        },
        "2013-11": {
            "month": "2013-11",
            "price": "71.50",
            "revenue": 116841
        },
        "2013-12": {
            "month": "2013-12",
            "price": "70.90",
            "revenue": 853713
        },
        "2014-01": {
            "month": "2014-01",
            "price": "71.52",
            "revenue": 284204
        },
        "2014-02": {
            "month": "2014-02",
            "price": "72.44",
            "revenue": 397817
        },
        "2014-03": {
            "month": "2014-03",
            "price": "73.32",
            "revenue": 203147
        },
        "2014-04": {
            "month": "2014-04",
            "price": "77.53",
            "revenue": 232820
        },
        "2014-05": {
            "month": "2014-05",
            "price": "77.43",
            "revenue": 602709
        },
        "2014-06": {
            "month": "2014-06",
            "price": "77.58",
            "revenue": 510207
        },
        "2014-07": {
            "month": "2014-07",
            "price": "75.22",
            "revenue": 496932
        },
        "2014-08": {
            "month": "2014-08",
            "price": "66.70",
            "revenue": 193057
        },
        "2014-09": {
            "month": "2014-09",
            "price": "63.56",
            "revenue": 542526
        },
        "2014-10": {
            "month": "2014-10",
            "price": "63.52",
            "revenue": 125350
        },
        "2014-11": {
            "month": "2014-11",
            "price": "63.34",
            "revenue": 155256
        },
        "2014-12": {
            "month": "2014-12",
            "price": "64.68",
            "revenue": 263102
        },
        "2015-01": {
            "month": "2015-01",
            "price": "63.96",
            "revenue": 160005
        },
        "2015-02": {
            "month": "2015-02",
            "price": "63.30",
            "revenue": 196070
        },
        "2015-03": {
            "month": "2015-03",
            "price": "63.74",
            "revenue": 100638
        },
        "2015-04": {
            "month": "2015-04",
            "price": "62.73",
            "revenue": 82318
        },
        "2015-05": {
            "month": "2015-05",
            "price": "60.61",
            "revenue": 136660
        },
        "2015-06": {
            "month": "2015-06",
            "price": "55.81",
            "revenue": 325298
        },
        "2015-07": {
            "month": "2015-07",
            "price": "50.87",
            "revenue": 198254
        },
        "2015-08": {
            "month": "2015-08",
            "price": "36.63",
            "revenue": 45779
        },
        "2015-09": {
            "month": "2015-09",
            "price": "31.59",
            "revenue": 175594
        },
        "2015-10": {
            "month": "2015-10",
            "price": "30.69",
            "revenue": 92497
        },
        "2015-11": {
            "month": "2015-11",
            "price": "29.31",
            "revenue": 79359
        },
        "2015-12": {
            "month": "2015-12",
            "price": "28.43",
            "revenue": 404158
        },
        "2016-01": {
            "month": "2016-01",
            "price": "26.62",
            "revenue": 24287
        },
        "2016-02": {
            "month": "2016-02",
            "price": "26.17",
            "revenue": 37275
        },
        "2016-03": {
            "month": "2016-03",
            "price": "29.13",
            "revenue": 128309
        },
        "2016-04": {
            "month": "2016-04",
            "price": "28.30",
            "revenue": 87786
        },
        "2016-05": {
            "month": "2016-05",
            "price": "26.96",
            "revenue": 226353
        },
        "2016-06": {
            "month": "2016-06",
            "price": "28.24",
            "revenue": 265413
        },
        "2016-07": {
            "month": "2016-07",
            "price": "27.95",
            "revenue": 232512
        },
        "2016-08": {
            "month": "2016-08",
            "price": "25.94",
            "revenue": 140458
        },
        "2016-09": {
            "month": "2016-09",
            "price": "25.71",
            "revenue": 185315
        },
        "2016-10": {
            "month": "2016-10",
            "price": "25.03",
            "revenue": 111464
        },
        "2016-11": {
            "month": "2016-11",
            "price": "22.79",
            "revenue": 69751
        },
        "2016-12": {
            "month": "2016-12",
            "price": "23.01",
            "revenue": 513691
        },
        "2017-01": {
            "month": "2017-01",
            "price": "23.74",
            "revenue": 57456
        },
        "2017-02": {
            "month": "2017-02",
            "price": "24.75",
            "revenue": 184187
        },
        "2017-03": {
            "month": "2017-03",
            "price": "27.11",
            "revenue": 328909
        },
        "2017-04": {
            "month": "2017-04",
            "price": "28.88",
            "revenue": 237571
        },
        "2017-05": {
            "month": "2017-05",
            "price": "28.55",
            "revenue": 268114
        },
        "2017-06": {
            "month": "2017-06",
            "price": "28.43",
            "revenue": 439913
        },
        "2017-07": {
            "month": "2017-07",
            "price": "28.92",
            "revenue": 188206
        },
        "2017-08": {
            "month": "2017-08",
            "price": "28.10",
            "revenue": 285182
        },
        "2017-09": {
            "month": "2017-09",
            "price": "31.12",
            "revenue": 285148
        },
        "2017-10": {
            "month": "2017-10",
            "price": "31.90",
            "revenue": 96174
        },
        "2017-11": {
            "month": "2017-11",
            "price": "32.39",
            "revenue": 303861
        },
        "2017-12": {
            "month": "2017-12",
            "price": "31.32",
            "revenue": 335934
        },
        "2018-01": {
            "month": "2018-01",
            "price": "31.95",
            "revenue": 102368
        },
        "2018-02": {
            "month": "2018-02",
            "price": "31.16",
            "revenue": 106383
        },
        "2018-03": {
            "month": "2018-03",
            "price": "32.17",
            "revenue": 595326
        },
        "2018-04": {
            "month": "2018-04",
            "price": "33.72",
            "revenue": 84576
        },
        "2018-05": {
            "month": "2018-05",
            "price": "32.95",
            "revenue": 378992
        },
        "2018-06": {
            "month": "2018-06",
            "price": "33.17",
            "revenue": 422221
        },
        "2018-07": {
            "month": "2018-07",
            "price": "32.04",
            "revenue": 153845
        },
        "2018-08": {
            "month": "2018-08",
            "price": "32.16",
            "revenue": 127873
        },
        "2018-09": {
            "month": "2018-09",
            "price": "31.35",
            "revenue": 399760
        },
        "2018-10": {
            "month": "2018-10",
            "price": "30.70",
            "revenue": 192886
        },
        "2018-11": {
            "month": "2018-11",
            "price": "30.48",
            "revenue": 222985
        },
        "2018-12": {
            "month": "2018-12",
            "price": "31.61",
            "revenue": 398322
        },
        "2019-01": {
            "month": "2019-01",
            "price": "31.73",
            "revenue": 179102
        },
        "2019-02": {
            "month": "2019-02",
            "price": "32.49",
            "revenue": 107070
        },
        "2019-03": {
            "month": "2019-03",
            "price": "34.09",
            "revenue": 213051
        },
        "2019-04": {
            "month": "2019-04",
            "price": "34.90",
            "revenue": 117532
        },
        "2019-05": {
            "month": "2019-05",
            "price": "34.28",
            "revenue": 153632
        },
        "2019-06": {
            "month": "2019-06",
            "price": "34.09",
            "revenue": 160766
        },
        "2019-07": {
            "month": "2019-07",
            "price": "33.58",
            "revenue": 213982
        },
        "2019-08": {
            "month": "2019-08",
            "price": "33.48",
            "revenue": 49336
        },
        "2019-09": {
            "month": "2019-09",
            "price": "31.91",
            "revenue": 182224
        },
        "2019-10": {
            "month": "2019-10",
            "price": "32.77",
            "revenue": 295927
        },
        "2019-11": {
            "month": "2019-11",
            "price": "33.12",
            "revenue": 175663
        },
        "2019-12": {
            "month": "2019-12",
            "price": "33.10",
            "revenue": 490609
        },
        "2020-01": {
            "month": "2020-01",
            "price": "33.46",
            "revenue": 77785
        },
        "2020-02": {
            "month": "2020-02",
            "price": "33.44",
            "revenue": 72298
        },
        "2020-03": {
            "month": "2020-03",
            "price": "29.71",
            "revenue": 152390
        },
        "2020-04": {
            "month": "2020-04",
            "price": "29.72",
            "revenue": 160981
        },
        "2020-05": {
            "month": "2020-05",
            "price": "31.64",
            "revenue": 120561
        },
        "2020-06": {
            "month": "2020-06",
            "price": "33.09",
            "revenue": 341962
        },
        "2020-07": {
            "month": "2020-07",
            "price": "33.51",
            "revenue": 253354
        },
        "2020-08": {
            "month": "2020-08",
            "price": "36.57",
            "revenue": 246812
        },
        "2020-09": {
            "month": "2020-09",
            "price": "38.87",
            "revenue": 434482
        },
        "2020-10": {
            "month": "2020-10",
            "price": "38.53",
            "revenue": 302686
        },
        "2020-11": {
            "month": "2020-11",
            "price": "39.47",
            "revenue": 281353
        },
        "2020-12": {
            "month": "2020-12",
            "price": "42.15",
            "revenue": 640944
        },
        "2021-01": {
            "month": "2021-01",
            "price": "41.48",
            "revenue": 134693
        },
        "2021-02": {
            "month": "2021-02",
            "price": "40.71",
            "revenue": 378095
        },
        "2021-03": {
            "month": "2021-03",
            "price": "47.01",
            "revenue": 384123
        },
        "2021-04": {
            "month": "2021-04",
            "price": "49.50",
            "revenue": 558305
        },
        "2021-05": {
            "month": "2021-05",
            "price": "48.81",
            "revenue": 372898
        },
        "2021-06": {
            "month": "2021-06",
            "price": "48.93",
            "revenue": 692197
        },
        "2021-07": {
            "month": "2021-07",
            "price": "50.01",
            "revenue": 378705
        },
        "2021-08": {
            "month": "2021-08",
            "price": "53.46",
            "revenue": 220254
        },
        "2021-09": {
            "month": "2021-09",
            "price": "56.04",
            "revenue": 447618
        },
        "2021-10": {
            "month": "2021-10",
            "price": "59.52",
            "revenue": 437390
        },
        "2021-11": {
            "month": "2021-11",
            "price": "62.81",
            "revenue": 749204
        },
        "2021-12": {
            "month": "2021-12",
            "price": "63.74",
            "revenue": 1283806
        },
        "2022-01": {
            "month": "2022-01",
            "price": "66.17",
            "revenue": 211247
        },
        "2022-02": {
            "month": "2022-02",
            "price": "70.23",
            "revenue": 333384
        },
        "2022-03": {
            "month": "2022-03",
            "price": "75.87",
            "revenue": 601435
        },
        "2022-04": {
            "month": "2022-04",
            "price": "72.19",
            "revenue": 180955
        },
        "2022-05": {
            "month": "2022-05",
            "price": "66.98",
            "revenue": 195987
        },
        "2022-06": {
            "month": "2022-06",
            "price": "68.60",
            "revenue": 95626
        },
        "2022-07": {
            "month": "2022-07",
            "price": "57.00",
            "revenue": 69067
        },
        "2022-08": {
            "month": "2022-08",
            "price": "62.17",
            "revenue": 389315
        },
        "2022-09": {
            "month": "2022-09",
            "price": "63.10",
            "revenue": 1166758
        },
        "2022-10": {
            "month": "2022-10",
            "price": "62.73",
            "revenue": 289122
        },
        "2022-11": {
            "month": "2022-11",
            "price": "58.60",
            "revenue": 330518
        },
        "2022-12": {
            "month": "2022-12",
            "price": "57.55",
            "revenue": 269382
        },
        "2023-01": {
            "month": "2023-01",
            "price": "53.41",
            "revenue": 79058
        },
        "2023-02": {
            "month": "2023-02",
            "price": "56.31",
            "revenue": 177272
        },
        "2023-03": {
            "month": "2023-03",
            "price": "60.67",
            "revenue": 506120
        },
        "2023-04": {
            "month": "2023-04",
            "price": "63.62",
            "revenue": 426130
        },
        "2023-05": {
            "month": "2023-05",
            "price": "65.44",
            "revenue": 708826
        },
        "2023-06": {
            "month": "2023-06",
            "price": "71.06",
            "revenue": 667998
        },
        "2023-07": {
            "month": "2023-07",
            "price": "72.36",
            "revenue": 497028
        },
        "2023-08": {
            "month": "2023-08",
            "price": "72.46",
            "revenue": 579393
        },
        "2023-09": {
            "month": "2023-09",
            "price": "74.66",
            "revenue": 1064997
        },
        "2023-10": {
            "month": "2023-10",
            "price": "78.14",
            "revenue": 1066968
        },
        "2023-11": {
            "month": "2023-11",
            "price": "88.75",
            "revenue": 1335771
        },
        "2023-12": {
            "month": "2023-12",
            "price": "91.57",
            "revenue": 1117515
        }
    }
}
