{
    "summary": {
        "stock_name": "德昌",
        "stock_id": "5511",
        "category": "建材營造",
        "main_business": "建築及土木工程",
        "website_url": "http://www.tccon.com.tw",
        "ceo": "陳豐中",
        "pe_ratio": 7,
        "report_year_from": 2001,
        "report_year_to": 2023,
        "age": 22,
        "eps_negative_percentage": 0,
        "eps_growth_avg": {
            "last_all": 24.49,
            "last_2y": 0.79,
            "last_4y": 18.8,
            "last_8y": 6.64,
            "last_12y": 14.2,
            "last_16y": 16.04,
            "last_20y": 24.49,
            "at_2006_last_3y": 52.92,
            "at_2007_last_3y": 56.85,
            "at_2008_last_3y": 25.98,
            "at_2009_last_3y": 22.03,
            "at_2010_last_3y": 21.96,
            "at_2011_last_3y": 35.57,
            "at_2012_last_3y": 44.34,
            "at_2013_last_3y": 31.22,
            "at_2014_last_3y": 9.32,
            "at_2015_last_3y": -20.27,
            "at_2016_last_3y": -11.28,
            "at_2017_last_3y": -8.57,
            "at_2018_last_3y": 17.66,
            "at_2019_last_3y": 32.05,
            "at_2020_last_3y": 17.27,
            "at_2021_last_3y": 19.78,
            "at_2022_last_3y": 1.69,
            "at_2023_last_3y": 1.69,
            "at_2006_last_all": 62.33,
            "at_2007_last_all": 53.73,
            "at_2008_last_all": 42.71,
            "at_2009_last_all": 41.2,
            "at_2010_last_all": 44.39,
            "at_2011_last_all": 46.47,
            "at_2012_last_all": 43.3,
            "at_2013_last_all": 37.87,
            "at_2014_last_all": 33.6,
            "at_2015_last_all": 27.4,
            "at_2016_last_all": 28.74,
            "at_2017_last_all": 26.26,
            "at_2018_last_all": 29.85,
            "at_2019_last_all": 28.43,
            "at_2020_last_all": 26.33,
            "at_2021_last_all": 24.96,
            "at_2022_last_all": 24.49,
            "at_2023_last_all": 24.49
        },
        "latest_eps": 9.34,
        "latest_price": 66.8,
        "latest_roe": 20.71,
        "latest_gross_margin": 19.67,
        "latest_equity": 5477766,
        "latest_revenue": 2651273,
        "latest_gross_profit": 521628,
        "latest_net_income": 352663,
        "latest_debt_ratio": 53.32,
        "latest_current_ratio": 219.67,
        "latest_account_receivable_turnover_ratio": 4.43,
        "latest_inventory_turnover_ratio": 2.75,
        "latest_reinvestment_rate": 22.41,
        "latest_research_to_sale_ratio": null
    },
    "eps_dividends": {
        "1997": {
            "cash": 0,
            "stock": 6.15,
            "eps": 0
        },
        "1998": {
            "cash": 0,
            "stock": 5.5,
            "eps": 0
        },
        "1999": {
            "cash": 0.5,
            "stock": 1.5,
            "eps": 0
        },
        "2000": {
            "cash": 0.5,
            "stock": 0.5,
            "eps": 0
        },
        "2001": {
            "cash": 0.5,
            "stock": 0,
            "eps": 0.1
        },
        "2002": {
            "cash": 0.3,
            "stock": 0,
            "eps": 0.2
        },
        "2003": {
            "cash": 0.3,
            "stock": 0,
            "eps": 0.19
        },
        "2004": {
            "cash": 0.2,
            "stock": 0,
            "eps": 0.71
        },
        "2005": {
            "cash": 0.5,
            "stock": 0,
            "eps": 1.04
        },
        "2006": {
            "cash": 1,
            "stock": 0,
            "eps": 1.77
        },
        "2007": {
            "cash": 1.5,
            "stock": 0,
            "eps": 1.96
        },
        "2008": {
            "cash": 1.5,
            "stock": 0,
            "eps": 1.5
        },
        "2009": {
            "cash": 1,
            "stock": 0,
            "eps": 1.96
        },
        "2010": {
            "cash": 1.2,
            "stock": 0,
            "eps": 3.33
        },
        "2011": {
            "cash": 0.4,
            "stock": 1.6,
            "eps": 5.5
        },
        "2012": {
            "cash": 0.6,
            "stock": 2.4,
            "eps": 6.14
        },
        "2013": {
            "cash": 1.3,
            "stock": 2.2,
            "eps": 4.8
        },
        "2014": {
            "cash": 2.5,
            "stock": 0.5,
            "eps": 3.95
        },
        "2015": {
            "cash": 2.65,
            "stock": 0,
            "eps": 1.85
        },
        "2016": {
            "cash": 0.6,
            "stock": 0,
            "eps": 2.73
        },
        "2017": {
            "cash": 0.5,
            "stock": 0,
            "eps": 2.43
        },
        "2018": {
            "cash": 1.2,
            "stock": 0,
            "eps": 4.55
        },
        "2019": {
            "cash": 2.1,
            "stock": 0,
            "eps": 4.75
        },
        "2020": {
            "cash": 2.2,
            "stock": 0,
            "eps": 4.2
        },
        "2021": {
            "cash": 2,
            "stock": 0,
            "eps": 4.16
        },
        "2022": {
            "cash": 2,
            "stock": 0,
            "eps": 4.78
        },
        "2023": {
            "cash": 2.4,
            "stock": 0,
            "eps": 6.52
        }
    },
    "dividends": {
        "1997-05-05": {
            "cash": 0,
            "stock": 6.15
        },
        "1998-04-20": {
            "cash": 0,
            "stock": 5.5
        },
        "1999-05-21": {
            "cash": 0.5,
            "stock": 1.5
        },
        "2000-06-09": {
            "cash": 0.5,
            "stock": 0.5
        },
        "2001-06-08": {
            "cash": 0.5,
            "stock": 0
        },
        "2002-06-07": {
            "cash": 0.3,
            "stock": 0
        },
        "2003-06-06": {
            "cash": 0.3,
            "stock": 0
        },
        "2004-03-19": {
            "cash": 0.2,
            "stock": 0
        },
        "2005-03-18": {
            "cash": 0.5,
            "stock": 0
        },
        "2006-03-20": {
            "cash": 1,
            "stock": 0
        },
        "2007-03-23": {
            "cash": 1.5,
            "stock": 0
        },
        "2008-03-21": {
            "cash": 1.5,
            "stock": 0
        },
        "2009-03-27": {
            "cash": 1,
            "stock": 0
        },
        "2010-04-27": {
            "cash": 1.2,
            "stock": 0
        },
        "2011-04-27": {
            "cash": 0.4,
            "stock": 1.6
        },
        "2012-06-06": {
            "cash": 0.6,
            "stock": 2.4
        },
        "2013-06-14": {
            "cash": 1.3,
            "stock": 2.2
        },
        "2014-08-29": {
            "cash": 2.5,
            "stock": 0.5
        },
        "2015-07-29": {
            "cash": 2.65,
            "stock": 0
        },
        "2016-07-29": {
            "cash": 0.6,
            "stock": 0
        },
        "2017-07-21": {
            "cash": 0.5,
            "stock": 0
        },
        "2018-07-23": {
            "cash": 1.2,
            "stock": 0
        },
        "2019-08-02": {
            "cash": 2.1,
            "stock": 0
        },
        "2020-07-31": {
            "cash": 2.2,
            "stock": 0
        },
        "2021-07-30": {
            "cash": 2,
            "stock": 0
        },
        "2022-07-29": {
            "cash": 2,
            "stock": 0
        },
        "2023-07-28": {
            "cash": 2.4,
            "stock": 0
        }
    },
    "prices": {
        "200101": "5.38",
        "200102": "5.66",
        "200103": "5.36",
        "200104": "7.74",
        "200105": "5.23",
        "200106": "5.36",
        "200107": "5.12",
        "200108": "4.70",
        "200109": "4.22",
        "200110": "3.76",
        "200111": "3.65",
        "200112": "3.88",
        "200201": "3.97",
        "200202": "3.52",
        "200203": "4.06",
        "200204": "5.46",
        "200205": "4.92",
        "200206": "4.86",
        "200207": "4.60",
        "200208": "4.45",
        "200209": "4.01",
        "200210": "3.86",
        "200211": "3.96",
        "200212": "4.30",
        "200301": "5.06",
        "200302": "4.97",
        "200303": "4.49",
        "200304": "4.51",
        "200305": "4.41",
        "200306": "4.64",
        "200307": "5.33",
        "200308": "5.92",
        "200309": "5.66",
        "200310": "5.80",
        "200311": "5.44",
        "200312": "5.31",
        "200401": "6.51",
        "200402": "8.28",
        "200403": "7.65",
        "200404": "7.24",
        "200405": "6.93",
        "200406": "6.52",
        "200407": "6.07",
        "200408": "5.75",
        "200409": "6.04",
        "200410": "5.96",
        "200411": "6.08",
        "200412": "6.61",
        "200501": "6.99",
        "200502": "6.95",
        "200503": "6.62",
        "200504": "6.66",
        "200505": "7.20",
        "200506": "10.00",
        "200507": "9.99",
        "200508": "9.02",
        "200509": "9.67",
        "200510": "8.45",
        "200511": "8.27",
        "200512": "8.94",
        "200601": "8.47",
        "200602": "8.46",
        "200603": "8.59",
        "200604": "9.04",
        "200605": "9.84",
        "200606": "9.15",
        "200607": "8.15",
        "200608": "8.04",
        "200609": "8.58",
        "200610": "9.90",
        "200611": "11.66",
        "200612": "12.34",
        "200701": "10.98",
        "200702": "10.68",
        "200703": "11.67",
        "200704": "13.62",
        "200705": "13.95",
        "200706": "14.72",
        "200707": "17.68",
        "200708": "16.34",
        "200709": "16.36",
        "200710": "15.86",
        "200711": "15.72",
        "200712": "14.53",
        "200801": "14.52",
        "200802": "15.22",
        "200803": "16.00",
        "200804": "17.90",
        "200805": "17.58",
        "200806": "16.59",
        "200807": "13.48",
        "200808": "13.80",
        "200809": "12.23",
        "200810": "11.19",
        "200811": "11.16",
        "200812": "11.20",
        "200901": "11.05",
        "200902": "11.58",
        "200903": "12.37",
        "200904": "13.88",
        "200905": "16.00",
        "200906": "15.76",
        "200907": "15.34",
        "200908": "14.45",
        "200909": "14.19",
        "200910": "14.61",
        "200911": "14.80",
        "200912": "15.32",
        "201001": "16.20",
        "201002": "16.08",
        "201003": "16.45",
        "201004": "16.69",
        "201005": "16.31",
        "201006": "16.30",
        "201007": "15.70",
        "201008": "15.92",
        "201009": "16.86",
        "201010": "24.76",
        "201011": "24.21",
        "201012": "26.20",
        "201101": "27.59",
        "201102": "25.04",
        "201103": "23.57",
        "201104": "25.18",
        "201105": "24.39",
        "201106": "23.79",
        "201107": "24.24",
        "201108": "19.53",
        "201109": "20.76",
        "201110": "21.72",
        "201111": "24.61",
        "201112": "23.41",
        "201201": "24.16",
        "201202": "29.06",
        "201203": "33.02",
        "201204": "29.12",
        "201205": "28.70",
        "201206": "28.59",
        "201207": "28.33",
        "201208": "28.60",
        "201209": "31.86",
        "201210": "30.44",
        "201211": "31.27",
        "201212": "30.95",
        "201301": "30.92",
        "201302": "30.98",
        "201303": "32.35",
        "201304": "34.17",
        "201305": "33.92",
        "201306": "32.71",
        "201307": "31.16",
        "201308": "27.49",
        "201309": "26.92",
        "201310": "26.90",
        "201311": "26.49",
        "201312": "26.96",
        "201401": "27.09",
        "201402": "26.99",
        "201403": "28.54",
        "201404": "30.84",
        "201405": "30.97",
        "201406": "31.22",
        "201407": "30.19",
        "201408": "27.03",
        "201409": "26.50",
        "201410": "25.45",
        "201411": "25.44",
        "201412": "26.14",
        "201501": "26.44",
        "201502": "27.21",
        "201503": "27.50",
        "201504": "28.17",
        "201505": "27.73",
        "201506": "27.03",
        "201507": "24.77",
        "201508": "23.85",
        "201509": "24.28",
        "201510": "25.07",
        "201511": "24.73",
        "201512": "24.35",
        "201601": "23.77",
        "201602": "24.22",
        "201603": "25.00",
        "201604": "23.48",
        "201605": "22.90",
        "201606": "22.79",
        "201607": "23.15",
        "201608": "23.67",
        "201609": "24.05",
        "201610": "22.90",
        "201611": "21.76",
        "201612": "23.18",
        "201701": "23.41",
        "201702": "23.03",
        "201703": "24.00",
        "201704": "22.59",
        "201705": "20.29",
        "201706": "19.86",
        "201707": "19.64",
        "201708": "19.47",
        "201709": "20.72",
        "201710": "20.32",
        "201711": "19.96",
        "201712": "19.93",
        "201801": "20.13",
        "201802": "20.08",
        "201803": "20.18",
        "201804": "20.32",
        "201805": "20.13",
        "201806": "20.24",
        "201807": "19.36",
        "201808": "19.88",
        "201809": "21.14",
        "201810": "20.10",
        "201811": "22.74",
        "201812": "24.08",
        "201901": "26.59",
        "201902": "27.37",
        "201903": "29.25",
        "201904": "28.79",
        "201905": "28.93",
        "201906": "29.71",
        "201907": "29.65",
        "201908": "27.45",
        "201909": "27.68",
        "201910": "28.90",
        "201911": "30.37",
        "201912": "30.68",
        "202001": "30.57",
        "202002": "29.88",
        "202003": "28.00",
        "202004": "28.42",
        "202005": "29.26",
        "202006": "30.31",
        "202007": "29.43",
        "202008": "29.22",
        "202009": "30.38",
        "202010": "29.42",
        "202011": "30.05",
        "202012": "30.66",
        "202101": "30.33",
        "202102": "30.15",
        "202103": "30.74",
        "202104": "31.89",
        "202105": "30.61",
        "202106": "30.65",
        "202107": "29.55",
        "202108": "29.12",
        "202109": "29.53",
        "202110": "29.05",
        "202111": "29.56",
        "202112": "29.66",
        "202201": "29.92",
        "202202": "30.50",
        "202203": "30.83",
        "202204": "30.74",
        "202205": "30.36",
        "202206": "30.50",
        "202207": "29.20",
        "202208": "29.51",
        "202209": "30.03",
        "202210": "29.67",
        "202211": "29.98",
        "202212": "30.24",
        "202301": "30.17",
        "202302": "30.90",
        "202303": "31.91",
        "202304": "34.91",
        "202305": "48.92",
        "202306": "68.36",
        "202307": "75.16",
        "202308": "76.33",
        "202309": "71.71",
        "202310": "68.42"
    },
    "quarters": {
        "20011": {
            "year_quarter": 20011,
            "year": 2001,
            "quarter": 1,
            "eps": -0.14,
            "eps_growth_year": null,
            "eps_4q": 0.78,
            "eps_4q_growth_year": 43.21,
            "roe": -0.97,
            "roe_4q": -0.97,
            "gross_profit": 14817,
            "gross_margin": 2.9,
            "gross_margin_4q_avg": 2.9,
            "net_income": -11447,
            "net_income_4q": null,
            "revenue": 510893,
            "revenue_4q": null,
            "common_shares": 823085,
            "book_valuer_per_share": 14.2,
            "book_valuer_per_share_4q_avg": 14.2,
            "equity": 1169023,
            "current_ratio": 196.49,
            "debt_ratio": 43.67,
            "inventory_turnover_ratio": 1.02,
            "account_receivable_turnover_ratio": null,
            "reinvestment_rate": null,
            "research_to_sale_ratio": null,
            "price_fair": 0,
            "eps_avg_yearly": 0,
            "eps_latest_yearly": 0,
            "eps_growth_yearly": 0
        },
        "20012": {
            "year_quarter": 20012,
            "year": 2001,
            "quarter": 2,
            "eps": -0.12,
            "eps_growth_year": -154.55,
            "eps_4q": 0.44,
            "eps_4q_growth_year": -23.25,
            "roe": -0.9,
            "roe_4q": -1.87,
            "gross_profit": 7628,
            "gross_margin": 0.82,
            "gross_margin_4q_avg": 1.86,
            "net_income": -10252,
            "net_income_4q": null,
            "revenue": 927376,
            "revenue_4q": null,
            "common_shares": 823085,
            "book_valuer_per_share": 13.56,
            "book_valuer_per_share_4q_avg": 13.88,
            "equity": 1116054,
            "current_ratio": 161.87,
            "debt_ratio": 54.42,
            "inventory_turnover_ratio": 1.96,
            "account_receivable_turnover_ratio": null,
            "reinvestment_rate": null,
            "research_to_sale_ratio": null,
            "price_fair": 0,
            "eps_avg_yearly": 0,
            "eps_latest_yearly": 0,
            "eps_growth_yearly": 0
        },
        "20013": {
            "year_quarter": 20013,
            "year": 2001,
            "quarter": 3,
            "eps": 0.28,
            "eps_growth_year": -12.5,
            "eps_4q": 0.42,
            "eps_4q_growth_year": -28.89,
            "roe": 2.02,
            "roe_4q": 0.15000000000000013,
            "gross_profit": 114609,
            "gross_margin": 7.31,
            "gross_margin_4q_avg": 3.68,
            "net_income": 22819,
            "net_income_4q": null,
            "revenue": 1568130,
            "revenue_4q": null,
            "common_shares": 823085,
            "book_valuer_per_share": 13.84,
            "book_valuer_per_share_4q_avg": 13.87,
            "equity": 1138872,
            "current_ratio": 165.63,
            "debt_ratio": 53.59,
            "inventory_turnover_ratio": 3.15,
            "account_receivable_turnover_ratio": null,
            "reinvestment_rate": null,
            "research_to_sale_ratio": null,
            "price_fair": 0,
            "eps_avg_yearly": 0,
            "eps_latest_yearly": 0,
            "eps_growth_yearly": 0
        },
        "20014": {
            "year_quarter": 20014,
            "year": 2001,
            "quarter": 4,
            "eps": 0.08,
            "eps_growth_year": -80,
            "eps_4q": 0.09,
            "eps_4q_growth_year": -82.14,
            "roe": 0.57,
            "roe_4q": 0.72,
            "gross_profit": 48073,
            "gross_margin": 5.47,
            "gross_margin_4q_avg": 4.13,
            "net_income": 6488,
            "net_income_4q": null,
            "revenue": 879094,
            "revenue_4q": null,
            "common_shares": 823085,
            "book_valuer_per_share": 13.92,
            "book_valuer_per_share_4q_avg": 13.88,
            "equity": 1145361,
            "current_ratio": 156.58,
            "debt_ratio": 57.28,
            "inventory_turnover_ratio": 1.73,
            "account_receivable_turnover_ratio": null,
            "reinvestment_rate": null,
            "research_to_sale_ratio": null,
            "price_fair": 0,
            "eps_avg_yearly": 0,
            "eps_latest_yearly": 0,
            "eps_growth_yearly": 0
        },
        "20021": {
            "year_quarter": 20021,
            "year": 2002,
            "quarter": 1,
            "eps": 0.1,
            "eps_growth_year": null,
            "eps_4q": 0.33,
            "eps_4q_growth_year": -58.19,
            "roe": 0.74,
            "roe_4q": 2.43,
            "gross_profit": 37598,
            "gross_margin": 6.83,
            "gross_margin_4q_avg": 5.11,
            "net_income": 8456,
            "net_income_4q": null,
            "revenue": 550341,
            "revenue_4q": null,
            "common_shares": 823085,
            "book_valuer_per_share": 14.02,
            "book_valuer_per_share_4q_avg": 13.84,
            "equity": 1153817,
            "current_ratio": 163.49,
            "debt_ratio": 54.6,
            "inventory_turnover_ratio": 0.93,
            "account_receivable_turnover_ratio": null,
            "reinvestment_rate": null,
            "research_to_sale_ratio": null,
            "price_fair": 14,
            "eps_avg_yearly": 0.4,
            "eps_latest_yearly": 0.4,
            "eps_growth_yearly": 100
        },
        "20022": {
            "year_quarter": 20022,
            "year": 2002,
            "quarter": 2,
            "eps": 0.05,
            "eps_growth_year": null,
            "eps_4q": 0.48,
            "eps_4q_growth_year": 9.59,
            "roe": 0.38,
            "roe_4q": 3.71,
            "gross_profit": 32110,
            "gross_margin": 4.03,
            "gross_margin_4q_avg": 5.91,
            "net_income": 4371,
            "net_income_4q": null,
            "revenue": 796636,
            "revenue_4q": null,
            "common_shares": 823085,
            "book_valuer_per_share": 13.77,
            "book_valuer_per_share_4q_avg": 13.89,
            "equity": 1133221,
            "current_ratio": 160.32,
            "debt_ratio": 55.62,
            "inventory_turnover_ratio": 1.17,
            "account_receivable_turnover_ratio": null,
            "reinvestment_rate": null,
            "research_to_sale_ratio": null,
            "price_fair": 0.9,
            "eps_avg_yearly": 0.3,
            "eps_latest_yearly": 0.2,
            "eps_growth_yearly": -50
        },
        "20023": {
            "year_quarter": 20023,
            "year": 2002,
            "quarter": 3,
            "eps": 0.14,
            "eps_growth_year": -50,
            "eps_4q": 0.37,
            "eps_4q_growth_year": -10.87,
            "roe": 1.02,
            "roe_4q": 2.7099999999999995,
            "gross_profit": 38714,
            "gross_margin": 5.02,
            "gross_margin_4q_avg": 5.34,
            "net_income": 11566,
            "net_income_4q": null,
            "revenue": 771244,
            "revenue_4q": null,
            "common_shares": 823085,
            "book_valuer_per_share": 13.91,
            "book_valuer_per_share_4q_avg": 13.91,
            "equity": 1144787,
            "current_ratio": 164.78,
            "debt_ratio": 54.03,
            "inventory_turnover_ratio": 1.01,
            "account_receivable_turnover_ratio": null,
            "reinvestment_rate": null,
            "research_to_sale_ratio": null,
            "price_fair": 13.53,
            "eps_avg_yearly": 0.39,
            "eps_latest_yearly": 0.56,
            "eps_growth_yearly": 206.67
        },
        "20024": {
            "year_quarter": 20024,
            "year": 2002,
            "quarter": 4,
            "eps": -0.09,
            "eps_growth_year": -212.5,
            "eps_4q": 0.2,
            "eps_4q_growth_year": 113.2,
            "roe": -0.67,
            "roe_4q": 1.47,
            "gross_profit": 55845,
            "gross_margin": 4.55,
            "gross_margin_4q_avg": 5.11,
            "net_income": -7673,
            "net_income_4q": null,
            "revenue": 1226403,
            "revenue_4q": null,
            "common_shares": 823085,
            "book_valuer_per_share": 13.82,
            "book_valuer_per_share_4q_avg": 13.88,
            "equity": 1137114,
            "current_ratio": 150.47,
            "debt_ratio": 59.09,
            "inventory_turnover_ratio": 1.92,
            "account_receivable_turnover_ratio": null,
            "reinvestment_rate": -32.96,
            "research_to_sale_ratio": null,
            "price_fair": 13.53,
            "eps_avg_yearly": 0.39,
            "eps_latest_yearly": 0.56,
            "eps_growth_yearly": 206.67
        },
        "20031": {
            "year_quarter": 20031,
            "year": 2003,
            "quarter": 1,
            "eps": 0.01,
            "eps_growth_year": -90,
            "eps_4q": 0.1,
            "eps_4q_growth_year": -68.61,
            "roe": 0.08,
            "roe_4q": 0.8099999999999999,
            "gross_profit": 22287,
            "gross_margin": 2.61,
            "gross_margin_4q_avg": 4.05,
            "net_income": 897,
            "net_income_4q": null,
            "revenue": 852995,
            "revenue_4q": null,
            "common_shares": 823085,
            "book_valuer_per_share": 13.83,
            "book_valuer_per_share_4q_avg": 13.83,
            "equity": 1138011,
            "current_ratio": 161.08,
            "debt_ratio": 54.95,
            "inventory_turnover_ratio": 1.86,
            "account_receivable_turnover_ratio": null,
            "reinvestment_rate": -44.69,
            "research_to_sale_ratio": null,
            "price_fair": 13.53,
            "eps_avg_yearly": 0.39,
            "eps_latest_yearly": 0.56,
            "eps_growth_yearly": 206.67
        },
        "20032": {
            "year_quarter": 20032,
            "year": 2003,
            "quarter": 2,
            "eps": 0.05,
            "eps_growth_year": 0,
            "eps_4q": 0.11,
            "eps_4q_growth_year": -77.28,
            "roe": 0.36,
            "roe_4q": 0.79,
            "gross_profit": 24607,
            "gross_margin": 2.99,
            "gross_margin_4q_avg": 3.79,
            "net_income": 4024,
            "net_income_4q": null,
            "revenue": 823612,
            "revenue_4q": null,
            "common_shares": 823085,
            "book_valuer_per_share": 13.57,
            "book_valuer_per_share_4q_avg": 13.78,
            "equity": 1116742,
            "current_ratio": 157.42,
            "debt_ratio": 56.58,
            "inventory_turnover_ratio": 1.68,
            "account_receivable_turnover_ratio": null,
            "reinvestment_rate": -57.74,
            "research_to_sale_ratio": null,
            "price_fair": 11.9,
            "eps_avg_yearly": 0.34,
            "eps_latest_yearly": 0.2,
            "eps_growth_yearly": 555
        },
        "20033": {
            "year_quarter": 20033,
            "year": 2003,
            "quarter": 3,
            "eps": -0.41,
            "eps_growth_year": -392.86,
            "eps_4q": -0.44,
            "eps_4q_growth_year": -217.43,
            "roe": -3.03,
            "roe_4q": -3.26,
            "gross_profit": -24866,
            "gross_margin": -2.93,
            "gross_margin_4q_avg": 1.81,
            "net_income": -33377,
            "net_income_4q": null,
            "revenue": 849626,
            "revenue_4q": null,
            "common_shares": 823085,
            "book_valuer_per_share": 13.16,
            "book_valuer_per_share_4q_avg": 13.6,
            "equity": 1083364,
            "current_ratio": 153.49,
            "debt_ratio": 58.24,
            "inventory_turnover_ratio": 1.66,
            "account_receivable_turnover_ratio": null,
            "reinvestment_rate": -102.43,
            "research_to_sale_ratio": null,
            "price_fair": 11.9,
            "eps_avg_yearly": 0.34,
            "eps_latest_yearly": 0.2,
            "eps_growth_yearly": 555
        },
        "20034": {
            "year_quarter": 20034,
            "year": 2003,
            "quarter": 4,
            "eps": 0.54,
            "eps_growth_year": null,
            "eps_4q": 0.19,
            "eps_4q_growth_year": -3.09,
            "roe": 4.02,
            "roe_4q": 1.4299999999999997,
            "gross_profit": 87229,
            "gross_margin": 9.55,
            "gross_margin_4q_avg": 3.06,
            "net_income": 44388,
            "net_income_4q": null,
            "revenue": 913419,
            "revenue_4q": null,
            "common_shares": 823085,
            "book_valuer_per_share": 13.7,
            "book_valuer_per_share_4q_avg": 13.57,
            "equity": 1127669,
            "current_ratio": 155.57,
            "debt_ratio": 57.92,
            "inventory_turnover_ratio": 1.87,
            "account_receivable_turnover_ratio": null,
            "reinvestment_rate": -90.9,
            "research_to_sale_ratio": null,
            "price_fair": 11.9,
            "eps_avg_yearly": 0.34,
            "eps_latest_yearly": 0.2,
            "eps_growth_yearly": 555
        },
        "20041": {
            "year_quarter": 20041,
            "year": 2004,
            "quarter": 1,
            "eps": -0.06,
            "eps_growth_year": -700,
            "eps_4q": 0.11,
            "eps_4q_growth_year": 10.4,
            "roe": -0.46,
            "roe_4q": 0.8899999999999998,
            "gross_profit": 22367,
            "gross_margin": 3.17,
            "gross_margin_4q_avg": 3.2,
            "net_income": -5222,
            "net_income_4q": null,
            "revenue": 704884,
            "revenue_4q": null,
            "common_shares": 823085,
            "book_valuer_per_share": 13.64,
            "book_valuer_per_share_4q_avg": 13.52,
            "equity": 1122447,
            "current_ratio": 159.34,
            "debt_ratio": 56.54,
            "inventory_turnover_ratio": 1.95,
            "account_receivable_turnover_ratio": null,
            "reinvestment_rate": -69.63,
            "research_to_sale_ratio": null,
            "price_fair": 11.9,
            "eps_avg_yearly": 0.34,
            "eps_latest_yearly": 0.2,
            "eps_growth_yearly": 555
        },
        "20042": {
            "year_quarter": 20042,
            "year": 2004,
            "quarter": 2,
            "eps": 0.16,
            "eps_growth_year": 220,
            "eps_4q": 0.23,
            "eps_4q_growth_year": 110.09,
            "roe": 1.18,
            "roe_4q": 1.7099999999999995,
            "gross_profit": 40599,
            "gross_margin": 5.14,
            "gross_margin_4q_avg": 3.73,
            "net_income": 13216,
            "net_income_4q": null,
            "revenue": 790239,
            "revenue_4q": null,
            "common_shares": 823085,
            "book_valuer_per_share": 13.59,
            "book_valuer_per_share_4q_avg": 13.52,
            "equity": 1118628,
            "current_ratio": 159.77,
            "debt_ratio": 55.97,
            "inventory_turnover_ratio": 1.74,
            "account_receivable_turnover_ratio": null,
            "reinvestment_rate": -49.1,
            "research_to_sale_ratio": null,
            "price_fair": 11.9,
            "eps_avg_yearly": 0.34,
            "eps_latest_yearly": 0.2,
            "eps_growth_yearly": 555
        },
        "20043": {
            "year_quarter": 20043,
            "year": 2004,
            "quarter": 3,
            "eps": 0.26,
            "eps_growth_year": null,
            "eps_4q": 0.91,
            "eps_4q_growth_year": null,
            "roe": 1.87,
            "roe_4q": 6.609999999999999,
            "gross_profit": 46808,
            "gross_margin": 6.28,
            "gross_margin_4q_avg": 6.04,
            "net_income": 21063,
            "net_income_4q": null,
            "revenue": 745303,
            "revenue_4q": null,
            "common_shares": 823085,
            "book_valuer_per_share": 13.85,
            "book_valuer_per_share_4q_avg": 13.7,
            "equity": 1139691,
            "current_ratio": 166.36,
            "debt_ratio": 52.4,
            "inventory_turnover_ratio": 1.42,
            "account_receivable_turnover_ratio": null,
            "reinvestment_rate": -44.81,
            "research_to_sale_ratio": null,
            "price_fair": 16.8,
            "eps_avg_yearly": 0.48,
            "eps_latest_yearly": 1.04,
            "eps_growth_yearly": 494
        },
        "20044": {
            "year_quarter": 20044,
            "year": 2004,
            "quarter": 4,
            "eps": 0.35,
            "eps_growth_year": -35.19,
            "eps_4q": 0.7,
            "eps_4q_growth_year": 261.9,
            "roe": 2.51,
            "roe_4q": 5.1,
            "gross_profit": 28205,
            "gross_margin": 2.77,
            "gross_margin_4q_avg": 4.34,
            "net_income": 28939,
            "net_income_4q": null,
            "revenue": 1018631,
            "revenue_4q": null,
            "common_shares": 823085,
            "book_valuer_per_share": 14.2,
            "book_valuer_per_share_4q_avg": 13.82,
            "equity": 1168713,
            "current_ratio": 163.22,
            "debt_ratio": 52.28,
            "inventory_turnover_ratio": 2.41,
            "account_receivable_turnover_ratio": null,
            "reinvestment_rate": -38.79,
            "research_to_sale_ratio": null,
            "price_fair": 22.17,
            "eps_avg_yearly": 0.63,
            "eps_latest_yearly": 1.4,
            "eps_growth_yearly": 434.74
        },
        "20051": {
            "year_quarter": 20051,
            "year": 2005,
            "quarter": 1,
            "eps": 0.39,
            "eps_growth_year": null,
            "eps_4q": 1.16,
            "eps_4q_growth_year": 930.46,
            "roe": 2.7,
            "roe_4q": 8.26,
            "gross_profit": 53489,
            "gross_margin": 6.69,
            "gross_margin_4q_avg": 5.22,
            "net_income": 31943,
            "net_income_4q": null,
            "revenue": 799813,
            "revenue_4q": null,
            "common_shares": 823085,
            "book_valuer_per_share": 14.59,
            "book_valuer_per_share_4q_avg": 14.06,
            "equity": 1200656,
            "current_ratio": 170.57,
            "debt_ratio": 50.19,
            "inventory_turnover_ratio": 1.68,
            "account_receivable_turnover_ratio": null,
            "reinvestment_rate": -16.83,
            "research_to_sale_ratio": null,
            "price_fair": 26.8,
            "eps_avg_yearly": 0.77,
            "eps_latest_yearly": 1.56,
            "eps_growth_yearly": 379.17
        },
        "20052": {
            "year_quarter": 20052,
            "year": 2005,
            "quarter": 2,
            "eps": 0.37,
            "eps_growth_year": 131.25,
            "eps_4q": 1.37,
            "eps_4q_growth_year": 495,
            "roe": 2.54,
            "roe_4q": 9.620000000000001,
            "gross_profit": 59125,
            "gross_margin": 7.06,
            "gross_margin_4q_avg": 5.7,
            "net_income": 30350,
            "net_income_4q": null,
            "revenue": 837174,
            "revenue_4q": null,
            "common_shares": 823085,
            "book_valuer_per_share": 14.43,
            "book_valuer_per_share_4q_avg": 14.27,
            "equity": 1187764,
            "current_ratio": 173.36,
            "debt_ratio": 48.82,
            "inventory_turnover_ratio": 1.47,
            "account_receivable_turnover_ratio": null,
            "reinvestment_rate": -8.86,
            "research_to_sale_ratio": null,
            "price_fair": 29.93,
            "eps_avg_yearly": 0.86,
            "eps_latest_yearly": 1.48,
            "eps_growth_yearly": 329.21
        },
        "20053": {
            "year_quarter": 20053,
            "year": 2005,
            "quarter": 3,
            "eps": 0.11,
            "eps_growth_year": -57.69,
            "eps_4q": 1.19,
            "eps_4q_growth_year": 31.75,
            "roe": 0.78,
            "roe_4q": 8.530000000000001,
            "gross_profit": 24237,
            "gross_margin": 4.28,
            "gross_margin_4q_avg": 5.2,
            "net_income": 9254,
            "net_income_4q": null,
            "revenue": 566171,
            "revenue_4q": null,
            "common_shares": 823085,
            "book_valuer_per_share": 14.54,
            "book_valuer_per_share_4q_avg": 14.44,
            "equity": 1197018,
            "current_ratio": 169.12,
            "debt_ratio": 49.06,
            "inventory_turnover_ratio": 1.16,
            "account_receivable_turnover_ratio": null,
            "reinvestment_rate": 19.17,
            "research_to_sale_ratio": null,
            "price_fair": 28.31,
            "eps_avg_yearly": 0.81,
            "eps_latest_yearly": 0.44,
            "eps_growth_yearly": 261.4
        },
        "20054": {
            "year_quarter": 20054,
            "year": 2005,
            "quarter": 4,
            "eps": 0.17,
            "eps_growth_year": -51.43,
            "eps_4q": 1.03,
            "eps_4q_growth_year": 46.42,
            "roe": 1.18,
            "roe_4q": 7.2,
            "gross_profit": 43170,
            "gross_margin": 4.14,
            "gross_margin_4q_avg": 5.54,
            "net_income": 14192,
            "net_income_4q": null,
            "revenue": 1042121,
            "revenue_4q": null,
            "common_shares": 823085,
            "book_valuer_per_share": 14.72,
            "book_valuer_per_share_4q_avg": 14.57,
            "equity": 1211210,
            "current_ratio": 177.07,
            "debt_ratio": 49.05,
            "inventory_turnover_ratio": 2.2,
            "account_receivable_turnover_ratio": null,
            "reinvestment_rate": 16,
            "research_to_sale_ratio": null,
            "price_fair": 27.86,
            "eps_avg_yearly": 0.8,
            "eps_latest_yearly": 0.68,
            "eps_growth_yearly": 257.08
        },
        "20061": {
            "year_quarter": 20061,
            "year": 2006,
            "quarter": 1,
            "eps": 0.17,
            "eps_growth_year": -56.41,
            "eps_4q": 0.81,
            "eps_4q_growth_year": -30.15,
            "roe": 1.17,
            "roe_4q": 5.67,
            "gross_profit": 29214,
            "gross_margin": 4.69,
            "gross_margin_4q_avg": 5.04,
            "net_income": 14255,
            "net_income_4q": null,
            "revenue": 622743,
            "revenue_4q": null,
            "common_shares": 823085,
            "book_valuer_per_share": 14.89,
            "book_valuer_per_share_4q_avg": 14.65,
            "equity": 1225465,
            "current_ratio": 209.4,
            "debt_ratio": 37.64,
            "inventory_turnover_ratio": 1.25,
            "account_receivable_turnover_ratio": null,
            "reinvestment_rate": 17.54,
            "research_to_sale_ratio": null,
            "price_fair": 28.84,
            "eps_avg_yearly": 0.82,
            "eps_latest_yearly": 0.68,
            "eps_growth_yearly": 247.08
        },
        "20062": {
            "year_quarter": 20062,
            "year": 2006,
            "quarter": 2,
            "eps": 0.83,
            "eps_growth_year": 124.32,
            "eps_4q": 1.29,
            "eps_4q_growth_year": -6.08,
            "roe": 5.64,
            "roe_4q": 8.77,
            "gross_profit": 109935,
            "gross_margin": 13.5,
            "gross_margin_4q_avg": 6.65,
            "net_income": 68649,
            "net_income_4q": null,
            "revenue": 814386,
            "revenue_4q": null,
            "common_shares": 823085,
            "book_valuer_per_share": 14.69,
            "book_valuer_per_share_4q_avg": 14.71,
            "equity": 1208719,
            "current_ratio": 166.85,
            "debt_ratio": 49.19,
            "inventory_turnover_ratio": 1.24,
            "account_receivable_turnover_ratio": null,
            "reinvestment_rate": 15.45,
            "research_to_sale_ratio": null,
            "price_fair": 39.76,
            "eps_avg_yearly": 1.14,
            "eps_latest_yearly": 3.32,
            "eps_growth_yearly": 422.37
        },
        "20063": {
            "year_quarter": 20063,
            "year": 2006,
            "quarter": 3,
            "eps": 0.3,
            "eps_growth_year": 172.73,
            "eps_4q": 1.5,
            "eps_4q_growth_year": 25.44,
            "roe": 1.99,
            "roe_4q": 9.98,
            "gross_profit": 47801,
            "gross_margin": 8.03,
            "gross_margin_4q_avg": 7.59,
            "net_income": 24307,
            "net_income_4q": null,
            "revenue": 595547,
            "revenue_4q": null,
            "common_shares": 823085,
            "book_valuer_per_share": 14.98,
            "book_valuer_per_share_4q_avg": 14.82,
            "equity": 1233025,
            "current_ratio": 183.39,
            "debt_ratio": 45.38,
            "inventory_turnover_ratio": 0.74,
            "account_receivable_turnover_ratio": null,
            "reinvestment_rate": -4.97,
            "research_to_sale_ratio": null,
            "price_fair": 42,
            "eps_avg_yearly": 1.2,
            "eps_latest_yearly": 1.2,
            "eps_growth_yearly": 324.83
        },
        "20064": {
            "year_quarter": 20064,
            "year": 2006,
            "quarter": 4,
            "eps": 0.47,
            "eps_growth_year": 176.47,
            "eps_4q": 1.78,
            "eps_4q_growth_year": 73.58,
            "roe": 3.07,
            "roe_4q": 11.87,
            "gross_profit": 118854,
            "gross_margin": 16.22,
            "gross_margin_4q_avg": 10.61,
            "net_income": 38385,
            "net_income_4q": null,
            "revenue": 732662,
            "revenue_4q": null,
            "common_shares": 823085,
            "book_valuer_per_share": 15.45,
            "book_valuer_per_share_4q_avg": 15,
            "equity": 1271411,
            "current_ratio": 180.1,
            "debt_ratio": 50,
            "inventory_turnover_ratio": 0.98,
            "account_receivable_turnover_ratio": null,
            "reinvestment_rate": -0.81,
            "research_to_sale_ratio": null,
            "price_fair": 44.16,
            "eps_avg_yearly": 1.26,
            "eps_latest_yearly": 1.88,
            "eps_growth_yearly": 315.9
        },
        "20071": {
            "year_quarter": 20071,
            "year": 2007,
            "quarter": 1,
            "eps": 0.44,
            "eps_growth_year": 158.82,
            "eps_4q": 2.05,
            "eps_4q_growth_year": 152.89,
            "roe": 2.78,
            "roe_4q": 13.48,
            "gross_profit": 67274,
            "gross_margin": 11.15,
            "gross_margin_4q_avg": 12.23,
            "net_income": 35842,
            "net_income_4q": null,
            "revenue": 603495,
            "revenue_4q": null,
            "common_shares": 823085,
            "book_valuer_per_share": 15.88,
            "book_valuer_per_share_4q_avg": 15.25,
            "equity": 1307253,
            "current_ratio": 193.23,
            "debt_ratio": 44.36,
            "inventory_turnover_ratio": 0.96,
            "account_receivable_turnover_ratio": null,
            "reinvestment_rate": -1.55,
            "research_to_sale_ratio": null,
            "price_fair": 45.62,
            "eps_avg_yearly": 1.3,
            "eps_latest_yearly": 1.76,
            "eps_growth_yearly": 287.45
        },
        "20072": {
            "year_quarter": 20072,
            "year": 2007,
            "quarter": 2,
            "eps": 0.43,
            "eps_growth_year": -48.19,
            "eps_4q": 1.62,
            "eps_4q_growth_year": 26.14,
            "roe": 2.82,
            "roe_4q": 10.66,
            "gross_profit": 80045,
            "gross_margin": 7.47,
            "gross_margin_4q_avg": 10.72,
            "net_income": 35546,
            "net_income_4q": null,
            "revenue": 1071185,
            "revenue_4q": null,
            "common_shares": 823085,
            "book_valuer_per_share": 14.75,
            "book_valuer_per_share_4q_avg": 15.27,
            "equity": 1213704,
            "current_ratio": 149.66,
            "debt_ratio": 60.33,
            "inventory_turnover_ratio": 1.42,
            "account_receivable_turnover_ratio": null,
            "reinvestment_rate": -10.94,
            "research_to_sale_ratio": null,
            "price_fair": 50.05,
            "eps_avg_yearly": 1.43,
            "eps_latest_yearly": 1.72,
            "eps_growth_yearly": 153.36
        },
        "20073": {
            "year_quarter": 20073,
            "year": 2007,
            "quarter": 3,
            "eps": 0.51,
            "eps_growth_year": 70,
            "eps_4q": 1.86,
            "eps_4q_growth_year": 23.84,
            "roe": 3.37,
            "roe_4q": 12.04,
            "gross_profit": 86676,
            "gross_margin": 10.32,
            "gross_margin_4q_avg": 11.29,
            "net_income": 41607,
            "net_income_4q": null,
            "revenue": 839820,
            "revenue_4q": null,
            "common_shares": 823085,
            "book_valuer_per_share": 15.25,
            "book_valuer_per_share_4q_avg": 15.33,
            "equity": 1255311,
            "current_ratio": 149.67,
            "debt_ratio": 60.6,
            "inventory_turnover_ratio": 1.03,
            "account_receivable_turnover_ratio": null,
            "reinvestment_rate": -8.72,
            "research_to_sale_ratio": null,
            "price_fair": 51.69,
            "eps_avg_yearly": 1.48,
            "eps_latest_yearly": 2.04,
            "eps_growth_yearly": 147.29
        },
        "20074": {
            "year_quarter": 20074,
            "year": 2007,
            "quarter": 4,
            "eps": 0.58,
            "eps_growth_year": 23.4,
            "eps_4q": 1.95,
            "eps_4q_growth_year": 9.61,
            "roe": 3.74,
            "roe_4q": 12.709999999999999,
            "gross_profit": 76471,
            "gross_margin": 5.95,
            "gross_margin_4q_avg": 8.72,
            "net_income": 47698,
            "net_income_4q": null,
            "revenue": 1286027,
            "revenue_4q": null,
            "common_shares": 823085,
            "book_valuer_per_share": 15.77,
            "book_valuer_per_share_4q_avg": 15.41,
            "equity": 1297789,
            "current_ratio": 155.91,
            "debt_ratio": 59.79,
            "inventory_turnover_ratio": 1.87,
            "account_receivable_turnover_ratio": null,
            "reinvestment_rate": -4.55,
            "research_to_sale_ratio": null,
            "price_fair": 53.8,
            "eps_avg_yearly": 1.54,
            "eps_latest_yearly": 2.32,
            "eps_growth_yearly": 140.69
        },
        "20081": {
            "year_quarter": 20081,
            "year": 2008,
            "quarter": 1,
            "eps": 0.31,
            "eps_growth_year": -29.55,
            "eps_4q": 1.83,
            "eps_4q_growth_year": -10.74,
            "roe": 1.93,
            "roe_4q": 11.86,
            "gross_profit": 51608,
            "gross_margin": 6.63,
            "gross_margin_4q_avg": 7.59,
            "net_income": 25431,
            "net_income_4q": null,
            "revenue": 777885,
            "revenue_4q": null,
            "common_shares": 823085,
            "book_valuer_per_share": 16.18,
            "book_valuer_per_share_4q_avg": 15.49,
            "equity": 1332102,
            "current_ratio": 160.67,
            "debt_ratio": 57.76,
            "inventory_turnover_ratio": 1.07,
            "account_receivable_turnover_ratio": null,
            "reinvestment_rate": -3.89,
            "research_to_sale_ratio": null,
            "price_fair": 53.11,
            "eps_avg_yearly": 1.52,
            "eps_latest_yearly": 1.24,
            "eps_growth_yearly": 118.9
        },
        "20082": {
            "year_quarter": 20082,
            "year": 2008,
            "quarter": 2,
            "eps": 0.52,
            "eps_growth_year": 20.93,
            "eps_4q": 1.92,
            "eps_4q_growth_year": 18.57,
            "roe": 3.31,
            "roe_4q": 12.350000000000001,
            "gross_profit": 111062,
            "gross_margin": 9.09,
            "gross_margin_4q_avg": 8,
            "net_income": 42522,
            "net_income_4q": null,
            "revenue": 1221197,
            "revenue_4q": null,
            "common_shares": 823085,
            "book_valuer_per_share": 15.05,
            "book_valuer_per_share_4q_avg": 15.56,
            "equity": 1238746,
            "current_ratio": 149.6,
            "debt_ratio": 62.19,
            "inventory_turnover_ratio": 1.4,
            "account_receivable_turnover_ratio": null,
            "reinvestment_rate": -6.44,
            "research_to_sale_ratio": null,
            "price_fair": 54.34,
            "eps_avg_yearly": 1.55,
            "eps_latest_yearly": 2.08,
            "eps_growth_yearly": 128.4
        },
        "20083": {
            "year_quarter": 20083,
            "year": 2008,
            "quarter": 3,
            "eps": 0.41,
            "eps_growth_year": -19.61,
            "eps_4q": 1.82,
            "eps_4q_growth_year": -1.75,
            "roe": 2.67,
            "roe_4q": 11.65,
            "gross_profit": 71278,
            "gross_margin": 7.32,
            "gross_margin_4q_avg": 7.25,
            "net_income": 33554,
            "net_income_4q": null,
            "revenue": 974213,
            "revenue_4q": null,
            "common_shares": 823085,
            "book_valuer_per_share": 15.44,
            "book_valuer_per_share_4q_avg": 15.61,
            "equity": 1271080,
            "current_ratio": 154.58,
            "debt_ratio": 64.97,
            "inventory_turnover_ratio": 0.91,
            "account_receivable_turnover_ratio": null,
            "reinvestment_rate": -6.5,
            "research_to_sale_ratio": null,
            "price_fair": 55.65,
            "eps_avg_yearly": 1.59,
            "eps_latest_yearly": 1.64,
            "eps_growth_yearly": 107.49
        },
        "20084": {
            "year_quarter": 20084,
            "year": 2008,
            "quarter": 4,
            "eps": 0.26,
            "eps_growth_year": -55.17,
            "eps_4q": 1.51,
            "eps_4q_growth_year": -22.81,
            "roe": 1.65,
            "roe_4q": 9.56,
            "gross_profit": 69778,
            "gross_margin": 5.77,
            "gross_margin_4q_avg": 7.2,
            "net_income": 21143,
            "net_income_4q": null,
            "revenue": 1208419,
            "revenue_4q": null,
            "common_shares": 823085,
            "book_valuer_per_share": 15.68,
            "book_valuer_per_share_4q_avg": 15.59,
            "equity": 1290345,
            "current_ratio": 151.5,
            "debt_ratio": 66.41,
            "inventory_turnover_ratio": 0.96,
            "account_receivable_turnover_ratio": 2.67,
            "reinvestment_rate": -8.55,
            "research_to_sale_ratio": null,
            "price_fair": 54.86,
            "eps_avg_yearly": 1.57,
            "eps_latest_yearly": 1.04,
            "eps_growth_yearly": 89.69
        },
        "20091": {
            "year_quarter": 20091,
            "year": 2009,
            "quarter": 1,
            "eps": 0.34,
            "eps_growth_year": 9.68,
            "eps_4q": 1.51,
            "eps_4q_growth_year": -17.6,
            "roe": 2.17,
            "roe_4q": 9.8,
            "gross_profit": 68416,
            "gross_margin": 6.33,
            "gross_margin_4q_avg": 7.13,
            "net_income": 28265,
            "net_income_4q": null,
            "revenue": 1080670,
            "revenue_4q": null,
            "common_shares": 823085,
            "book_valuer_per_share": 15.96,
            "book_valuer_per_share_4q_avg": 15.53,
            "equity": 1313355,
            "current_ratio": 156.84,
            "debt_ratio": 64.27,
            "inventory_turnover_ratio": 1.15,
            "account_receivable_turnover_ratio": 1.36,
            "reinvestment_rate": -9.31,
            "research_to_sale_ratio": null,
            "price_fair": 54.43,
            "eps_avg_yearly": 1.56,
            "eps_latest_yearly": 1.36,
            "eps_growth_yearly": 94.52
        },
        "20092": {
            "year_quarter": 20092,
            "year": 2009,
            "quarter": 2,
            "eps": 0.46,
            "eps_growth_year": -11.54,
            "eps_4q": 1.48,
            "eps_4q_growth_year": -23.13,
            "roe": 2.89,
            "roe_4q": 9.38,
            "gross_profit": 98845,
            "gross_margin": 7.27,
            "gross_margin_4q_avg": 6.67,
            "net_income": 37480,
            "net_income_4q": null,
            "revenue": 1360237,
            "revenue_4q": null,
            "common_shares": 823085,
            "book_valuer_per_share": 15.6,
            "book_valuer_per_share_4q_avg": 15.67,
            "equity": 1283662,
            "current_ratio": 151.78,
            "debt_ratio": 66.18,
            "inventory_turnover_ratio": 2.3,
            "account_receivable_turnover_ratio": 1.63,
            "reinvestment_rate": -10.63,
            "research_to_sale_ratio": null,
            "price_fair": 55.21,
            "eps_avg_yearly": 1.58,
            "eps_latest_yearly": 1.84,
            "eps_growth_yearly": 104.63
        },
        "20093": {
            "year_quarter": 20093,
            "year": 2009,
            "quarter": 3,
            "eps": 0.38,
            "eps_growth_year": -7.32,
            "eps_4q": 1.44,
            "eps_4q_growth_year": -20.9,
            "roe": 2.4,
            "roe_4q": 9.11,
            "gross_profit": 74022,
            "gross_margin": 6.83,
            "gross_margin_4q_avg": 6.55,
            "net_income": 31086,
            "net_income_4q": null,
            "revenue": 1083772,
            "revenue_4q": null,
            "common_shares": 823085,
            "book_valuer_per_share": 15.91,
            "book_valuer_per_share_4q_avg": 15.79,
            "equity": 1309537,
            "current_ratio": 163.19,
            "debt_ratio": 62.33,
            "inventory_turnover_ratio": 1.86,
            "account_receivable_turnover_ratio": 1.36,
            "reinvestment_rate": -16.93,
            "research_to_sale_ratio": null,
            "price_fair": 57.58,
            "eps_avg_yearly": 1.65,
            "eps_latest_yearly": 1.52,
            "eps_growth_yearly": 117.85
        },
        "20094": {
            "year_quarter": 20094,
            "year": 2009,
            "quarter": 4,
            "eps": 0.78,
            "eps_growth_year": 200,
            "eps_4q": 1.96,
            "eps_4q_growth_year": 29.85,
            "roe": 4.8,
            "roe_4q": 12.26,
            "gross_profit": 153199,
            "gross_margin": 13.64,
            "gross_margin_4q_avg": 8.52,
            "net_income": 64371,
            "net_income_4q": null,
            "revenue": 1123511,
            "revenue_4q": null,
            "common_shares": 823085,
            "book_valuer_per_share": 16.71,
            "book_valuer_per_share_4q_avg": 16.05,
            "equity": 1375150,
            "current_ratio": 169.47,
            "debt_ratio": 61.42,
            "inventory_turnover_ratio": 1.93,
            "account_receivable_turnover_ratio": 2.77,
            "reinvestment_rate": 0.93,
            "research_to_sale_ratio": null,
            "price_fair": 62.91,
            "eps_avg_yearly": 1.8,
            "eps_latest_yearly": 3.12,
            "eps_growth_yearly": 130.53
        },
        "20101": {
            "year_quarter": 20101,
            "year": 2010,
            "quarter": 1,
            "eps": 0.38,
            "eps_growth_year": 11.76,
            "eps_4q": 2,
            "eps_4q_growth_year": 32.29,
            "roe": 2.26,
            "roe_4q": 12.35,
            "gross_profit": 68760,
            "gross_margin": 7.71,
            "gross_margin_4q_avg": 8.86,
            "net_income": 31423,
            "net_income_4q": null,
            "revenue": 891766,
            "revenue_4q": null,
            "common_shares": 823085,
            "book_valuer_per_share": 17.05,
            "book_valuer_per_share_4q_avg": 16.32,
            "equity": 1403541,
            "current_ratio": 154.4,
            "debt_ratio": 66.58,
            "inventory_turnover_ratio": 1.8,
            "account_receivable_turnover_ratio": 1.14,
            "reinvestment_rate": 0.6,
            "research_to_sale_ratio": null,
            "price_fair": 64.75,
            "eps_avg_yearly": 1.85,
            "eps_latest_yearly": 1.52,
            "eps_growth_yearly": 117.71
        },
        "20102": {
            "year_quarter": 20102,
            "year": 2010,
            "quarter": 2,
            "eps": 0.58,
            "eps_growth_year": 26.13,
            "eps_4q": 2.12,
            "eps_4q_growth_year": 43.53,
            "roe": 3.46,
            "roe_4q": 12.92,
            "gross_profit": 63716,
            "gross_margin": 5.22,
            "gross_margin_4q_avg": 8.35,
            "net_income": 47757,
            "net_income_4q": null,
            "revenue": 1219831,
            "revenue_4q": null,
            "common_shares": 823085,
            "book_valuer_per_share": 16.44,
            "book_valuer_per_share_4q_avg": 16.53,
            "equity": 1353152,
            "current_ratio": 144.69,
            "debt_ratio": 70.54,
            "inventory_turnover_ratio": 2.53,
            "account_receivable_turnover_ratio": 1.5,
            "reinvestment_rate": 57.47,
            "research_to_sale_ratio": null,
            "price_fair": 62.56,
            "eps_avg_yearly": 1.79,
            "eps_latest_yearly": 2.32,
            "eps_growth_yearly": 33.81
        },
        "20103": {
            "year_quarter": 20103,
            "year": 2010,
            "quarter": 3,
            "eps": 0.63,
            "eps_growth_year": 64.97,
            "eps_4q": 2.37,
            "eps_4q_growth_year": 64.41,
            "roe": 3.75,
            "roe_4q": 14.27,
            "gross_profit": 75879,
            "gross_margin": 5.9,
            "gross_margin_4q_avg": 8.12,
            "net_income": 51598,
            "net_income_4q": null,
            "revenue": 1287140,
            "revenue_4q": null,
            "common_shares": 823085,
            "book_valuer_per_share": 17.01,
            "book_valuer_per_share_4q_avg": 16.8,
            "equity": 1400161,
            "current_ratio": 153.08,
            "debt_ratio": 67.16,
            "inventory_turnover_ratio": 2.65,
            "account_receivable_turnover_ratio": 1.79,
            "reinvestment_rate": 9.57,
            "research_to_sale_ratio": null,
            "price_fair": 65.45,
            "eps_avg_yearly": 1.87,
            "eps_latest_yearly": 2.52,
            "eps_growth_yearly": 51.92
        },
        "20104": {
            "year_quarter": 20104,
            "year": 2010,
            "quarter": 4,
            "eps": 1.74,
            "eps_growth_year": 123.32,
            "eps_4q": 3.33,
            "eps_4q_growth_year": 70.07,
            "roe": 9.76,
            "roe_4q": 19.229999999999997,
            "gross_profit": 234577,
            "gross_margin": 11.93,
            "gross_margin_4q_avg": 7.69,
            "net_income": 143371,
            "net_income_4q": null,
            "revenue": 1965631,
            "revenue_4q": null,
            "common_shares": 823085,
            "book_valuer_per_share": 18.69,
            "book_valuer_per_share_4q_avg": 17.3,
            "equity": 1538415,
            "current_ratio": 156.64,
            "debt_ratio": 65.69,
            "inventory_turnover_ratio": 3.34,
            "account_receivable_turnover_ratio": 3.06,
            "reinvestment_rate": 7.23,
            "research_to_sale_ratio": null,
            "price_fair": 76.56,
            "eps_avg_yearly": 2.19,
            "eps_latest_yearly": 6.96,
            "eps_growth_yearly": 81.81
        },
        "20111": {
            "year_quarter": 20111,
            "year": 2011,
            "quarter": 1,
            "eps": 0.46,
            "eps_growth_year": 21.05,
            "eps_4q": 3.41,
            "eps_4q_growth_year": 70.82,
            "roe": 2.44,
            "roe_4q": 19.41,
            "gross_profit": 63387,
            "gross_margin": 5.22,
            "gross_margin_4q_avg": 7.07,
            "net_income": 38042,
            "net_income_4q": null,
            "revenue": 1213455,
            "revenue_4q": null,
            "common_shares": 823085,
            "book_valuer_per_share": 19.13,
            "book_valuer_per_share_4q_avg": 17.82,
            "equity": 1574455,
            "current_ratio": 147.99,
            "debt_ratio": 68.96,
            "inventory_turnover_ratio": 1.99,
            "account_receivable_turnover_ratio": 1.36,
            "reinvestment_rate": 9.64,
            "research_to_sale_ratio": null,
            "price_fair": 76.74,
            "eps_avg_yearly": 2.19,
            "eps_latest_yearly": 1.84,
            "eps_growth_yearly": 65.01
        },
        "20112": {
            "year_quarter": 20112,
            "year": 2011,
            "quarter": 2,
            "eps": 1.2,
            "eps_growth_year": 106.34,
            "eps_4q": 3.64,
            "eps_4q_growth_year": 71.45,
            "roe": 7.08,
            "roe_4q": 23.03,
            "gross_profit": 135263,
            "gross_margin": 8.91,
            "gross_margin_4q_avg": 7.99,
            "net_income": 114310,
            "net_income_4q": null,
            "revenue": 1518344,
            "revenue_4q": null,
            "common_shares": 823085,
            "book_valuer_per_share": 20.11,
            "book_valuer_per_share_4q_avg": 18.74,
            "equity": 1655154,
            "current_ratio": 140.85,
            "debt_ratio": 71.7,
            "inventory_turnover_ratio": 2.51,
            "account_receivable_turnover_ratio": 1.33,
            "reinvestment_rate": 13.47,
            "research_to_sale_ratio": null,
            "price_fair": 83.48,
            "eps_avg_yearly": 2.39,
            "eps_latest_yearly": 4.8,
            "eps_growth_yearly": 105.8
        },
        "20113": {
            "year_quarter": 20113,
            "year": 2011,
            "quarter": 3,
            "eps": 1.8,
            "eps_growth_year": 186.62,
            "eps_4q": 4.89,
            "eps_4q_growth_year": 106.42,
            "roe": 9.85,
            "roe_4q": 29.130000000000003,
            "gross_profit": 222635,
            "gross_margin": 12.61,
            "gross_margin_4q_avg": 9.67,
            "net_income": 171551,
            "net_income_4q": null,
            "revenue": 1765998,
            "revenue_4q": null,
            "common_shares": 954778,
            "book_valuer_per_share": 19.14,
            "book_valuer_per_share_4q_avg": 19.27,
            "equity": 1827042,
            "current_ratio": 148.04,
            "debt_ratio": 68.34,
            "inventory_turnover_ratio": 2.94,
            "account_receivable_turnover_ratio": 1.42,
            "reinvestment_rate": 55.02,
            "research_to_sale_ratio": null,
            "price_fair": 94.76,
            "eps_avg_yearly": 2.71,
            "eps_latest_yearly": 7.2,
            "eps_growth_yearly": 113.64
        },
        "20114": {
            "year_quarter": 20114,
            "year": 2011,
            "quarter": 4,
            "eps": 2.04,
            "eps_growth_year": 17.14,
            "eps_4q": 5.43,
            "eps_4q_growth_year": 63.11,
            "roe": 10.13,
            "roe_4q": 29.500000000000004,
            "gross_profit": 286641,
            "gross_margin": 11.63,
            "gross_margin_4q_avg": 9.59,
            "net_income": 194818,
            "net_income_4q": null,
            "revenue": 2464674,
            "revenue_4q": null,
            "common_shares": 954778,
            "book_valuer_per_share": 21.13,
            "book_valuer_per_share_4q_avg": 19.88,
            "equity": 2017843,
            "current_ratio": 161.29,
            "debt_ratio": 63.07,
            "inventory_turnover_ratio": 4.15,
            "account_receivable_turnover_ratio": 1.63,
            "reinvestment_rate": 7.44,
            "research_to_sale_ratio": null,
            "price_fair": 107.54,
            "eps_avg_yearly": 3.07,
            "eps_latest_yearly": 8.16,
            "eps_growth_yearly": 113.55
        },
        "20121": {
            "year_quarter": 20121,
            "year": 2012,
            "quarter": 1,
            "eps": 1.06,
            "eps_growth_year": 130.43,
            "eps_4q": 6.1,
            "eps_4q_growth_year": 78.71,
            "roe": 4.9,
            "roe_4q": 31.96,
            "gross_profit": 153261,
            "gross_margin": 7.14,
            "gross_margin_4q_avg": 10.07,
            "net_income": 101377,
            "net_income_4q": null,
            "revenue": 2146212,
            "revenue_4q": null,
            "common_shares": 954778,
            "book_valuer_per_share": 22.17,
            "book_valuer_per_share_4q_avg": 20.64,
            "equity": 2116921,
            "current_ratio": 153.16,
            "debt_ratio": 65.91,
            "inventory_turnover_ratio": 3.77,
            "account_receivable_turnover_ratio": 1.15,
            "reinvestment_rate": 7.07,
            "research_to_sale_ratio": null,
            "price_fair": 114.1,
            "eps_avg_yearly": 3.26,
            "eps_latest_yearly": 4.24,
            "eps_growth_yearly": 113.17
        },
        "20122": {
            "year_quarter": 20122,
            "year": 2012,
            "quarter": 2,
            "eps": 1.85,
            "eps_growth_year": 54.11,
            "eps_4q": 5.8,
            "eps_4q_growth_year": 59.33,
            "roe": 9.94,
            "roe_4q": 34.82,
            "gross_profit": 324651,
            "gross_margin": 7.81,
            "gross_margin_4q_avg": 9.8,
            "net_income": 218445,
            "net_income_4q": null,
            "revenue": 4156378,
            "revenue_4q": null,
            "common_shares": 954778,
            "book_valuer_per_share": 23.86,
            "book_valuer_per_share_4q_avg": 21.58,
            "equity": 2277732,
            "current_ratio": 156.5,
            "debt_ratio": 64.45,
            "inventory_turnover_ratio": 7.15,
            "account_receivable_turnover_ratio": 1.79,
            "reinvestment_rate": 5.47,
            "research_to_sale_ratio": null,
            "price_fair": 125.74,
            "eps_avg_yearly": 3.59,
            "eps_latest_yearly": 7.4,
            "eps_growth_yearly": 114.87
        },
        "20123": {
            "year_quarter": 20123,
            "year": 2012,
            "quarter": 3,
            "eps": 1.7,
            "eps_growth_year": -5.25,
            "eps_4q": 6.05,
            "eps_4q_growth_year": 23.6,
            "roe": 8.48,
            "roe_4q": 33.45,
            "gross_profit": 259171,
            "gross_margin": 12.24,
            "gross_margin_4q_avg": 9.71,
            "net_income": 201548,
            "net_income_4q": null,
            "revenue": 2117355,
            "revenue_4q": null,
            "common_shares": 1183925,
            "book_valuer_per_share": 20.92,
            "book_valuer_per_share_4q_avg": 22.02,
            "equity": 2477112,
            "current_ratio": 158.84,
            "debt_ratio": 62.97,
            "inventory_turnover_ratio": 3.64,
            "account_receivable_turnover_ratio": 0.99,
            "reinvestment_rate": 41.4,
            "research_to_sale_ratio": null,
            "price_fair": 137.03,
            "eps_avg_yearly": 3.92,
            "eps_latest_yearly": 6.8,
            "eps_growth_yearly": 118.13
        },
        "20124": {
            "year_quarter": 20124,
            "year": 2012,
            "quarter": 4,
            "eps": 1.53,
            "eps_growth_year": -25.16,
            "eps_4q": 5.93,
            "eps_4q_growth_year": 9.17,
            "roe": 7.05,
            "roe_4q": 30.369999999999997,
            "gross_profit": 254115,
            "gross_margin": 13.34,
            "gross_margin_4q_avg": 10.13,
            "net_income": 180803,
            "net_income_4q": null,
            "revenue": 1904954,
            "revenue_4q": null,
            "common_shares": 1183925,
            "book_valuer_per_share": 22.42,
            "book_valuer_per_share_4q_avg": 22.34,
            "equity": 2654118,
            "current_ratio": 157.26,
            "debt_ratio": 63.31,
            "inventory_turnover_ratio": 3.4,
            "account_receivable_turnover_ratio": 0.97,
            "reinvestment_rate": 6.18,
            "research_to_sale_ratio": null,
            "price_fair": 148.14,
            "eps_avg_yearly": 4.23,
            "eps_latest_yearly": 6.12,
            "eps_growth_yearly": 124.78
        },
        "20131": {
            "year_quarter": 20131,
            "year": 2013,
            "quarter": 1,
            "eps": 0.68,
            "eps_growth_year": -35.85,
            "eps_4q": 5.75,
            "eps_4q_growth_year": -5.64,
            "roe": 2.97,
            "roe_4q": 28.439999999999998,
            "gross_profit": 107785,
            "gross_margin": 7.41,
            "gross_margin_4q_avg": 10.2,
            "net_income": 80223,
            "net_income_4q": null,
            "revenue": 1454061,
            "revenue_4q": null,
            "common_shares": 1183925,
            "book_valuer_per_share": 23.2,
            "book_valuer_per_share_4q_avg": 22.6,
            "equity": 2747057,
            "current_ratio": 153.1,
            "debt_ratio": 64.55,
            "inventory_turnover_ratio": 2.75,
            "account_receivable_turnover_ratio": 0.65,
            "reinvestment_rate": 9.27,
            "research_to_sale_ratio": null,
            "price_fair": 151.11,
            "eps_avg_yearly": 4.32,
            "eps_latest_yearly": 2.72,
            "eps_growth_yearly": 103.2
        },
        "20132": {
            "year_quarter": 20132,
            "year": 2013,
            "quarter": 2,
            "eps": 2.03,
            "eps_growth_year": 10.02,
            "eps_4q": 4.87,
            "eps_4q_growth_year": -16.06,
            "roe": 8.61,
            "roe_4q": 27.11,
            "gross_profit": 327071,
            "gross_margin": 21.52,
            "gross_margin_4q_avg": 13.63,
            "net_income": 240147,
            "net_income_4q": null,
            "revenue": 1519816,
            "revenue_4q": null,
            "common_shares": 1183925,
            "book_valuer_per_share": 23.93,
            "book_valuer_per_share_4q_avg": 22.62,
            "equity": 2833221,
            "current_ratio": 159.51,
            "debt_ratio": 60.09,
            "inventory_turnover_ratio": 2.42,
            "account_receivable_turnover_ratio": 0.71,
            "reinvestment_rate": 7.9,
            "research_to_sale_ratio": null,
            "price_fair": 164.85,
            "eps_avg_yearly": 4.71,
            "eps_latest_yearly": 8.12,
            "eps_growth_yearly": 144.01
        },
        "20133": {
            "year_quarter": 20133,
            "year": 2013,
            "quarter": 3,
            "eps": 0.8,
            "eps_growth_year": -53.01,
            "eps_4q": 4.27,
            "eps_4q_growth_year": -29.34,
            "roe": 4.02,
            "roe_4q": 22.65,
            "gross_profit": 150181,
            "gross_margin": 15.07,
            "gross_margin_4q_avg": 14.34,
            "net_income": 116261,
            "net_income_4q": null,
            "revenue": 996740,
            "revenue_4q": null,
            "common_shares": 1444388,
            "book_valuer_per_share": 20.48,
            "book_valuer_per_share_4q_avg": 22.51,
            "equity": 2957943,
            "current_ratio": 191.84,
            "debt_ratio": 49.53,
            "inventory_turnover_ratio": 1.71,
            "account_receivable_turnover_ratio": 0.58,
            "reinvestment_rate": 7.87,
            "research_to_sale_ratio": null,
            "price_fair": 168.53,
            "eps_avg_yearly": 4.82,
            "eps_latest_yearly": 3.2,
            "eps_growth_yearly": 133.21
        },
        "20134": {
            "year_quarter": 20134,
            "year": 2013,
            "quarter": 4,
            "eps": 1.29,
            "eps_growth_year": -15.29,
            "eps_4q": 4.32,
            "eps_4q_growth_year": -27.22,
            "roe": 6.12,
            "roe_4q": 21.72,
            "gross_profit": 229659,
            "gross_margin": 17.2,
            "gross_margin_4q_avg": 15.3,
            "net_income": 186862,
            "net_income_4q": null,
            "revenue": 1335402,
            "revenue_4q": null,
            "common_shares": 1444388,
            "book_valuer_per_share": 21.78,
            "book_valuer_per_share_4q_avg": 22.35,
            "equity": 3145601,
            "current_ratio": 156.17,
            "debt_ratio": 61.27,
            "inventory_turnover_ratio": 2.27,
            "account_receivable_turnover_ratio": 0.8,
            "reinvestment_rate": 5.15,
            "research_to_sale_ratio": null,
            "price_fair": 172.99,
            "eps_avg_yearly": 4.94,
            "eps_latest_yearly": 5.16,
            "eps_growth_yearly": 122.2
        },
        "20141": {
            "year_quarter": 20141,
            "year": 2014,
            "quarter": 1,
            "eps": 0.7,
            "eps_growth_year": 2.94,
            "eps_4q": 4.46,
            "eps_4q_growth_year": -22.4,
            "roe": 3.17,
            "roe_4q": 21.919999999999998,
            "gross_profit": 140405,
            "gross_margin": 12.88,
            "gross_margin_4q_avg": 16.67,
            "net_income": 101465,
            "net_income_4q": null,
            "revenue": 1089983,
            "revenue_4q": null,
            "common_shares": 1444388,
            "book_valuer_per_share": 22.5,
            "book_valuer_per_share_4q_avg": 22.17,
            "equity": 3249419,
            "current_ratio": 170.5,
            "debt_ratio": 55.76,
            "inventory_turnover_ratio": 1.77,
            "account_receivable_turnover_ratio": 0.68,
            "reinvestment_rate": 5.26,
            "research_to_sale_ratio": null,
            "price_fair": 175.79,
            "eps_avg_yearly": 5.02,
            "eps_latest_yearly": 2.8,
            "eps_growth_yearly": 123.59
        },
        "20142": {
            "year_quarter": 20142,
            "year": 2014,
            "quarter": 2,
            "eps": 0.86,
            "eps_growth_year": -57.64,
            "eps_4q": 3.48,
            "eps_4q_growth_year": -28.45,
            "roe": 3.94,
            "roe_4q": 17.25,
            "gross_profit": 192320,
            "gross_margin": 17.26,
            "gross_margin_4q_avg": 15.6,
            "net_income": 123382,
            "net_income_4q": null,
            "revenue": 1114323,
            "revenue_4q": null,
            "common_shares": 1444388,
            "book_valuer_per_share": 20.84,
            "book_valuer_per_share_4q_avg": 21.4,
            "equity": 3009765,
            "current_ratio": 175.33,
            "debt_ratio": 53.88,
            "inventory_turnover_ratio": 1.56,
            "account_receivable_turnover_ratio": 1.06,
            "reinvestment_rate": -9.81,
            "research_to_sale_ratio": null,
            "price_fair": 178.24,
            "eps_avg_yearly": 5.09,
            "eps_latest_yearly": 3.44,
            "eps_growth_yearly": 116.15
        },
        "20143": {
            "year_quarter": 20143,
            "year": 2014,
            "quarter": 3,
            "eps": 0.67,
            "eps_growth_year": -16.25,
            "eps_4q": 3.39,
            "eps_4q_growth_year": -20.73,
            "roe": 3.33,
            "roe_4q": 16.56,
            "gross_profit": 133689,
            "gross_margin": 12.01,
            "gross_margin_4q_avg": 14.84,
            "net_income": 102183,
            "net_income_4q": null,
            "revenue": 1113363,
            "revenue_4q": null,
            "common_shares": 1516607,
            "book_valuer_per_share": 20.54,
            "book_valuer_per_share_4q_avg": 21.42,
            "equity": 3129915,
            "current_ratio": 194.49,
            "debt_ratio": 48.4,
            "inventory_turnover_ratio": 1.64,
            "account_receivable_turnover_ratio": 1.35,
            "reinvestment_rate": 4.79,
            "research_to_sale_ratio": null,
            "price_fair": 178.59,
            "eps_avg_yearly": 5.1,
            "eps_latest_yearly": 2.68,
            "eps_growth_yearly": 108.47
        },
        "20144": {
            "year_quarter": 20144,
            "year": 2014,
            "quarter": 4,
            "eps": 1.72,
            "eps_growth_year": 32.97,
            "eps_4q": 3.88,
            "eps_4q_growth_year": -10.19,
            "roe": 7.99,
            "roe_4q": 18.43,
            "gross_profit": 389174,
            "gross_margin": 21.39,
            "gross_margin_4q_avg": 15.89,
            "net_income": 260900,
            "net_income_4q": null,
            "revenue": 1819790,
            "revenue_4q": null,
            "common_shares": 1516607,
            "book_valuer_per_share": 22.4,
            "book_valuer_per_share_4q_avg": 21.57,
            "equity": 3396815,
            "current_ratio": 203.24,
            "debt_ratio": 46.24,
            "inventory_turnover_ratio": 2.35,
            "account_receivable_turnover_ratio": 1.84,
            "reinvestment_rate": 5.5,
            "research_to_sale_ratio": null,
            "price_fair": 178.41,
            "eps_avg_yearly": 5.1,
            "eps_latest_yearly": 6.88,
            "eps_growth_yearly": 103.6
        },
        "20151": {
            "year_quarter": 20151,
            "year": 2015,
            "quarter": 1,
            "eps": 0.55,
            "eps_growth_year": -21.43,
            "eps_4q": 3.76,
            "eps_4q_growth_year": -15.85,
            "roe": 2.42,
            "roe_4q": 17.68,
            "gross_profit": 135333,
            "gross_margin": 14.9,
            "gross_margin_4q_avg": 16.39,
            "net_income": 83205,
            "net_income_4q": null,
            "revenue": 908225,
            "revenue_4q": null,
            "common_shares": 1516607,
            "book_valuer_per_share": 22.93,
            "book_valuer_per_share_4q_avg": 21.68,
            "equity": 3477872,
            "current_ratio": 206.1,
            "debt_ratio": 45.64,
            "inventory_turnover_ratio": 1.22,
            "account_receivable_turnover_ratio": 0.87,
            "reinvestment_rate": 5.34,
            "research_to_sale_ratio": null,
            "price_fair": 179.2,
            "eps_avg_yearly": 5.12,
            "eps_latest_yearly": 2.2,
            "eps_growth_yearly": 104.98
        },
        "20152": {
            "year_quarter": 20152,
            "year": 2015,
            "quarter": 2,
            "eps": 0.55,
            "eps_growth_year": -36.05,
            "eps_4q": 3.5,
            "eps_4q_growth_year": 0.48,
            "roe": 2.54,
            "roe_4q": 16.28,
            "gross_profit": 163601,
            "gross_margin": 15.91,
            "gross_margin_4q_avg": 16.05,
            "net_income": 84194,
            "net_income_4q": null,
            "revenue": 1028165,
            "revenue_4q": null,
            "common_shares": 1516607,
            "book_valuer_per_share": 20.82,
            "book_valuer_per_share_4q_avg": 21.67,
            "equity": 3157464,
            "current_ratio": 186.76,
            "debt_ratio": 51.6,
            "inventory_turnover_ratio": 1.11,
            "account_receivable_turnover_ratio": 1,
            "reinvestment_rate": 5.21,
            "research_to_sale_ratio": null,
            "price_fair": 173.51,
            "eps_avg_yearly": 4.96,
            "eps_latest_yearly": 2.2,
            "eps_growth_yearly": 64.77
        },
        "20153": {
            "year_quarter": 20153,
            "year": 2015,
            "quarter": 3,
            "eps": 0.34,
            "eps_growth_year": -49.25,
            "eps_4q": 3.16,
            "eps_4q_growth_year": -6.79,
            "roe": 1.59,
            "roe_4q": 14.54,
            "gross_profit": 64389,
            "gross_margin": 7.86,
            "gross_margin_4q_avg": 15.02,
            "net_income": 50685,
            "net_income_4q": null,
            "revenue": 819649,
            "revenue_4q": null,
            "common_shares": 1516607,
            "book_valuer_per_share": 21.24,
            "book_valuer_per_share_4q_avg": 21.85,
            "equity": 3220652,
            "current_ratio": 185,
            "debt_ratio": 51.49,
            "inventory_turnover_ratio": 0.84,
            "account_receivable_turnover_ratio": 0.67,
            "reinvestment_rate": -9.19,
            "research_to_sale_ratio": null,
            "price_fair": 160.74,
            "eps_avg_yearly": 4.59,
            "eps_latest_yearly": 1.36,
            "eps_growth_yearly": 42.72
        },
        "20154": {
            "year_quarter": 20154,
            "year": 2015,
            "quarter": 4,
            "eps": 0.41,
            "eps_growth_year": -76.15,
            "eps_4q": 1.85,
            "eps_4q_growth_year": -52.32,
            "roe": 1.91,
            "roe_4q": 8.46,
            "gross_profit": 94410,
            "gross_margin": 8.14,
            "gross_margin_4q_avg": 11.7,
            "net_income": 62236,
            "net_income_4q": null,
            "revenue": 1159579,
            "revenue_4q": null,
            "common_shares": 1516607,
            "book_valuer_per_share": 21.63,
            "book_valuer_per_share_4q_avg": 21.66,
            "equity": 3281067,
            "current_ratio": 190.61,
            "debt_ratio": 49.95,
            "inventory_turnover_ratio": 1.2,
            "account_receivable_turnover_ratio": 0.88,
            "reinvestment_rate": 9,
            "research_to_sale_ratio": null,
            "price_fair": 146.48,
            "eps_avg_yearly": 4.19,
            "eps_latest_yearly": 1.64,
            "eps_growth_yearly": 44.54
        },
        "20161": {
            "year_quarter": 20161,
            "year": 2016,
            "quarter": 1,
            "eps": 0.4,
            "eps_growth_year": -27.27,
            "eps_4q": 1.7,
            "eps_4q_growth_year": -54.68,
            "roe": 1.84,
            "roe_4q": 7.88,
            "gross_profit": 72353,
            "gross_margin": 7.87,
            "gross_margin_4q_avg": 9.95,
            "net_income": 61035,
            "net_income_4q": null,
            "revenue": 919723,
            "revenue_4q": null,
            "common_shares": 1516607,
            "book_valuer_per_share": 22.01,
            "book_valuer_per_share_4q_avg": 21.43,
            "equity": 3337912,
            "current_ratio": 198.32,
            "debt_ratio": 47.97,
            "inventory_turnover_ratio": 0.95,
            "account_receivable_turnover_ratio": 0.78,
            "reinvestment_rate": 9.02,
            "research_to_sale_ratio": null,
            "price_fair": 140.7,
            "eps_avg_yearly": 4.02,
            "eps_latest_yearly": 1.6,
            "eps_growth_yearly": 55.94
        },
        "20162": {
            "year_quarter": 20162,
            "year": 2016,
            "quarter": 2,
            "eps": 0.24,
            "eps_growth_year": -56.36,
            "eps_4q": 1.38,
            "eps_4q_growth_year": -60.48,
            "roe": 1.08,
            "roe_4q": 6.42,
            "gross_profit": 91578,
            "gross_margin": 7.56,
            "gross_margin_4q_avg": 7.86,
            "net_income": 35682,
            "net_income_4q": null,
            "revenue": 1211189,
            "revenue_4q": null,
            "common_shares": 1516607,
            "book_valuer_per_share": 21.65,
            "book_valuer_per_share_4q_avg": 21.63,
            "equity": 3289642,
            "current_ratio": 199.52,
            "debt_ratio": 47.56,
            "inventory_turnover_ratio": 1.26,
            "account_receivable_turnover_ratio": 1.05,
            "reinvestment_rate": 10.16,
            "research_to_sale_ratio": null,
            "price_fair": 126.61,
            "eps_avg_yearly": 3.62,
            "eps_latest_yearly": 0.96,
            "eps_growth_yearly": 27.3
        },
        "20163": {
            "year_quarter": 20163,
            "year": 2016,
            "quarter": 3,
            "eps": 0.31,
            "eps_growth_year": -8.82,
            "eps_4q": 1.53,
            "eps_4q_growth_year": -51.57,
            "roe": 1.39,
            "roe_4q": 6.22,
            "gross_profit": 86087,
            "gross_margin": 6.78,
            "gross_margin_4q_avg": 7.59,
            "net_income": 44713,
            "net_income_4q": null,
            "revenue": 1268789,
            "revenue_4q": null,
            "common_shares": 1334614,
            "book_valuer_per_share": 23.53,
            "book_valuer_per_share_4q_avg": 22.21,
            "equity": 3146328,
            "current_ratio": 198.84,
            "debt_ratio": 48.05,
            "inventory_turnover_ratio": 1.33,
            "account_receivable_turnover_ratio": 0.96,
            "reinvestment_rate": -19.13,
            "research_to_sale_ratio": null,
            "price_fair": 114.45,
            "eps_avg_yearly": 3.27,
            "eps_latest_yearly": 1.24,
            "eps_growth_yearly": 36.62
        },
        "20164": {
            "year_quarter": 20164,
            "year": 2016,
            "quarter": 4,
            "eps": 1.78,
            "eps_growth_year": 334.22,
            "eps_4q": 2.85,
            "eps_4q_growth_year": 53.93,
            "roe": 7.27,
            "roe_4q": 11.58,
            "gross_profit": 363774,
            "gross_margin": 18.92,
            "gross_margin_4q_avg": 10.28,
            "net_income": 237704,
            "net_income_4q": null,
            "revenue": 1923001,
            "revenue_4q": null,
            "common_shares": 1334614,
            "book_valuer_per_share": 25.35,
            "book_valuer_per_share_4q_avg": 23.14,
            "equity": 3389343,
            "current_ratio": 203.08,
            "debt_ratio": 47.41,
            "inventory_turnover_ratio": 1.78,
            "account_receivable_turnover_ratio": 1.24,
            "reinvestment_rate": 9.9,
            "research_to_sale_ratio": null,
            "price_fair": 116.64,
            "eps_avg_yearly": 3.33,
            "eps_latest_yearly": 7.12,
            "eps_growth_yearly": 157.67
        },
        "20171": {
            "year_quarter": 20171,
            "year": 2017,
            "quarter": 1,
            "eps": 0.32,
            "eps_growth_year": -20,
            "eps_4q": 2.7,
            "eps_4q_growth_year": 58.88,
            "roe": 1.24,
            "roe_4q": 10.98,
            "gross_profit": 70117,
            "gross_margin": 7.73,
            "gross_margin_4q_avg": 10.25,
            "net_income": 42076,
            "net_income_4q": null,
            "revenue": 906652,
            "revenue_4q": null,
            "common_shares": 1334614,
            "book_valuer_per_share": 25.58,
            "book_valuer_per_share_4q_avg": 24.03,
            "equity": 3418807,
            "current_ratio": 233.99,
            "debt_ratio": 41.42,
            "inventory_turnover_ratio": 0.98,
            "account_receivable_turnover_ratio": 0.63,
            "reinvestment_rate": 6.8,
            "research_to_sale_ratio": null,
            "price_fair": 113.49,
            "eps_avg_yearly": 3.24,
            "eps_latest_yearly": 1.28,
            "eps_growth_yearly": 151.05
        },
        "20172": {
            "year_quarter": 20172,
            "year": 2017,
            "quarter": 2,
            "eps": 0.4,
            "eps_growth_year": 66.67,
            "eps_4q": 2.84,
            "eps_4q_growth_year": 105.12,
            "roe": 1.55,
            "roe_4q": 11.45,
            "gross_profit": 82712,
            "gross_margin": 9.8,
            "gross_margin_4q_avg": 10.81,
            "net_income": 53022,
            "net_income_4q": null,
            "revenue": 843765,
            "revenue_4q": null,
            "common_shares": 1334614,
            "book_valuer_per_share": 25.48,
            "book_valuer_per_share_4q_avg": 24.99,
            "equity": 3405735,
            "current_ratio": 303.31,
            "debt_ratio": 54.1,
            "inventory_turnover_ratio": 0.89,
            "account_receivable_turnover_ratio": 0.72,
            "reinvestment_rate": 8.25,
            "research_to_sale_ratio": null,
            "price_fair": 99.23,
            "eps_avg_yearly": 2.84,
            "eps_latest_yearly": 1.6,
            "eps_growth_yearly": 107.67
        },
        "20173": {
            "year_quarter": 20173,
            "year": 2017,
            "quarter": 3,
            "eps": 0.32,
            "eps_growth_year": 3.23,
            "eps_4q": 3.29,
            "eps_4q_growth_year": 115.25,
            "roe": 1.21,
            "roe_4q": 11.27,
            "gross_profit": 83670,
            "gross_margin": 8.91,
            "gross_margin_4q_avg": 11.34,
            "net_income": 40147,
            "net_income_4q": null,
            "revenue": 939097,
            "revenue_4q": null,
            "common_shares": 1134422,
            "book_valuer_per_share": 28.56,
            "book_valuer_per_share_4q_avg": 26.24,
            "equity": 3244654,
            "current_ratio": 276.68,
            "debt_ratio": 56.76,
            "inventory_turnover_ratio": 0.99,
            "account_receivable_turnover_ratio": 0.81,
            "reinvestment_rate": 8.25,
            "research_to_sale_ratio": null,
            "price_fair": 95.03,
            "eps_avg_yearly": 2.72,
            "eps_latest_yearly": 1.28,
            "eps_growth_yearly": 117.82
        },
        "20174": {
            "year_quarter": 20174,
            "year": 2017,
            "quarter": 4,
            "eps": 1.39,
            "eps_growth_year": -22.07,
            "eps_4q": 2.58,
            "eps_4q_growth_year": -9.15,
            "roe": 4.74,
            "roe_4q": 8.74,
            "gross_profit": 128584,
            "gross_margin": 9.71,
            "gross_margin_4q_avg": 9.04,
            "net_income": 157354,
            "net_income_4q": null,
            "revenue": 1324276,
            "revenue_4q": null,
            "common_shares": 1134422,
            "book_valuer_per_share": 29.91,
            "book_valuer_per_share_4q_avg": 27.38,
            "equity": 3397356,
            "current_ratio": 294.43,
            "debt_ratio": 59.31,
            "inventory_turnover_ratio": 1.4,
            "account_receivable_turnover_ratio": 1.18,
            "reinvestment_rate": 6.34,
            "research_to_sale_ratio": null,
            "price_fair": 95.9,
            "eps_avg_yearly": 2.74,
            "eps_latest_yearly": 5.56,
            "eps_growth_yearly": 186.1
        },
        "20181": {
            "year_quarter": 20181,
            "year": 2018,
            "quarter": 1,
            "eps": 0.43,
            "eps_growth_year": 34.38,
            "eps_4q": 2.64,
            "eps_4q_growth_year": -2.26,
            "roe": 1.41,
            "roe_4q": 8.91,
            "gross_profit": 85199,
            "gross_margin": 12.1,
            "gross_margin_4q_avg": 10.13,
            "net_income": 48517,
            "net_income_4q": null,
            "revenue": 704165,
            "revenue_4q": null,
            "common_shares": 1134400,
            "book_valuer_per_share": 30.64,
            "book_valuer_per_share_4q_avg": 28.65,
            "equity": 3480103,
            "current_ratio": 330.84,
            "debt_ratio": 57.35,
            "inventory_turnover_ratio": 0.74,
            "account_receivable_turnover_ratio": 0.64,
            "reinvestment_rate": -7.63,
            "research_to_sale_ratio": null,
            "price_fair": 93.54,
            "eps_avg_yearly": 2.67,
            "eps_latest_yearly": 1.72,
            "eps_growth_yearly": 180.27
        },
        "20182": {
            "year_quarter": 20182,
            "year": 2018,
            "quarter": 2,
            "eps": 0.66,
            "eps_growth_year": 65,
            "eps_4q": 2.83,
            "eps_4q_growth_year": -0.14,
            "roe": 2.12,
            "roe_4q": 9.48,
            "gross_profit": 141875,
            "gross_margin": 12.38,
            "gross_margin_4q_avg": 10.78,
            "net_income": 74216,
            "net_income_4q": null,
            "revenue": 1146375,
            "revenue_4q": null,
            "common_shares": 1134400,
            "book_valuer_per_share": 30.16,
            "book_valuer_per_share_4q_avg": 29.82,
            "equity": 3530193,
            "current_ratio": 255.08,
            "debt_ratio": 62.69,
            "inventory_turnover_ratio": 1.2,
            "account_receivable_turnover_ratio": 1.38,
            "reinvestment_rate": -8.16,
            "research_to_sale_ratio": null,
            "price_fair": 91.79,
            "eps_avg_yearly": 2.62,
            "eps_latest_yearly": 2.64,
            "eps_growth_yearly": 187.93
        },
        "20183": {
            "year_quarter": 20183,
            "year": 2018,
            "quarter": 3,
            "eps": 2.08,
            "eps_growth_year": 550,
            "eps_4q": 4.56,
            "eps_4q_growth_year": 38.46,
            "roe": 6.42,
            "roe_4q": 14.69,
            "gross_profit": 369854,
            "gross_margin": 24.01,
            "gross_margin_4q_avg": 14.55,
            "net_income": 233975,
            "net_income_4q": null,
            "revenue": 1540365,
            "revenue_4q": null,
            "common_shares": 1134400,
            "book_valuer_per_share": 32.25,
            "book_valuer_per_share_4q_avg": 30.74,
            "equity": 3764449,
            "current_ratio": 250.06,
            "debt_ratio": 60.96,
            "inventory_turnover_ratio": 1.39,
            "account_receivable_turnover_ratio": 2.34,
            "reinvestment_rate": -7.3,
            "research_to_sale_ratio": null,
            "price_fair": 104.13,
            "eps_avg_yearly": 2.98,
            "eps_latest_yearly": 8.32,
            "eps_growth_yearly": 247.24
        },
        "20184": {
            "year_quarter": 20184,
            "year": 2018,
            "quarter": 4,
            "eps": 1.38,
            "eps_growth_year": -0.8,
            "eps_4q": 4.55,
            "eps_4q_growth_year": 75.94,
            "roe": 4.03,
            "roe_4q": 13.98,
            "gross_profit": 310988,
            "gross_margin": 15.55,
            "gross_margin_4q_avg": 16.01,
            "net_income": 154509,
            "net_income_4q": null,
            "revenue": 1999365,
            "revenue_4q": null,
            "common_shares": 1134400,
            "book_valuer_per_share": 33.58,
            "book_valuer_per_share_4q_avg": 31.66,
            "equity": 3909633,
            "current_ratio": 240.83,
            "debt_ratio": 56.86,
            "inventory_turnover_ratio": 1.99,
            "account_receivable_turnover_ratio": 2.43,
            "reinvestment_rate": -6.61,
            "research_to_sale_ratio": null,
            "price_fair": 101.15,
            "eps_avg_yearly": 2.89,
            "eps_latest_yearly": 5.52,
            "eps_growth_yearly": 199.64
        },
        "20191": {
            "year_quarter": 20191,
            "year": 2019,
            "quarter": 1,
            "eps": 1.18,
            "eps_growth_year": 174.42,
            "eps_4q": 5.29,
            "eps_4q_growth_year": 100.29,
            "roe": 3.29,
            "roe_4q": 15.86,
            "gross_profit": 205797,
            "gross_margin": 14.12,
            "gross_margin_4q_avg": 16.52,
            "net_income": 130759,
            "net_income_4q": null,
            "revenue": 1457382,
            "revenue_4q": null,
            "common_shares": 1134400,
            "book_valuer_per_share": 34.76,
            "book_valuer_per_share_4q_avg": 32.69,
            "equity": 4040913,
            "current_ratio": 247.3,
            "debt_ratio": 56.09,
            "inventory_turnover_ratio": 1.47,
            "account_receivable_turnover_ratio": 2.16,
            "reinvestment_rate": -5.31,
            "research_to_sale_ratio": null,
            "price_fair": 106.66,
            "eps_avg_yearly": 3.05,
            "eps_latest_yearly": 4.72,
            "eps_growth_yearly": 213.03
        },
        "20192": {
            "year_quarter": 20192,
            "year": 2019,
            "quarter": 2,
            "eps": 1.11,
            "eps_growth_year": 68.18,
            "eps_4q": 5.74,
            "eps_4q_growth_year": 102.87,
            "roe": 3.04,
            "roe_4q": 16.78,
            "gross_profit": 211545,
            "gross_margin": 14.77,
            "gross_margin_4q_avg": 17.11,
            "net_income": 120910,
            "net_income_4q": null,
            "revenue": 1432437,
            "revenue_4q": null,
            "common_shares": 1134400,
            "book_valuer_per_share": 33.77,
            "book_valuer_per_share_4q_avg": 33.59,
            "equity": 3924788,
            "current_ratio": 239.91,
            "debt_ratio": 51,
            "inventory_turnover_ratio": 1.42,
            "account_receivable_turnover_ratio": 3.28,
            "reinvestment_rate": -0.79,
            "research_to_sale_ratio": null,
            "price_fair": 111.56,
            "eps_avg_yearly": 3.19,
            "eps_latest_yearly": 4.44,
            "eps_growth_yearly": 211.54
        },
        "20193": {
            "year_quarter": 20193,
            "year": 2019,
            "quarter": 3,
            "eps": 1.4,
            "eps_growth_year": -32.69,
            "eps_4q": 5.06,
            "eps_4q_growth_year": 10.96,
            "roe": 3.88,
            "roe_4q": 14.240000000000002,
            "gross_profit": 221698,
            "gross_margin": 19.39,
            "gross_margin_4q_avg": 15.96,
            "net_income": 155344,
            "net_income_4q": null,
            "revenue": 1143448,
            "revenue_4q": null,
            "common_shares": 1134400,
            "book_valuer_per_share": 35.18,
            "book_valuer_per_share_4q_avg": 34.32,
            "equity": 4081210,
            "current_ratio": 202.2,
            "debt_ratio": 46.05,
            "inventory_turnover_ratio": 1.09,
            "account_receivable_turnover_ratio": 2.98,
            "reinvestment_rate": -4.04,
            "research_to_sale_ratio": null,
            "price_fair": 120.84,
            "eps_avg_yearly": 3.45,
            "eps_latest_yearly": 5.6,
            "eps_growth_yearly": 227.62
        },
        "20194": {
            "year_quarter": 20194,
            "year": 2019,
            "quarter": 4,
            "eps": 1.06,
            "eps_growth_year": -23.28,
            "eps_4q": 4.74,
            "eps_4q_growth_year": 4.18,
            "roe": 2.78,
            "roe_4q": 12.989999999999998,
            "gross_profit": 247722,
            "gross_margin": 16.67,
            "gross_margin_4q_avg": 16.24,
            "net_income": 114930,
            "net_income_4q": null,
            "revenue": 1486262,
            "revenue_4q": null,
            "common_shares": 1134400,
            "book_valuer_per_share": 36.26,
            "book_valuer_per_share_4q_avg": 34.99,
            "equity": 4198252,
            "current_ratio": 183.67,
            "debt_ratio": 50.33,
            "inventory_turnover_ratio": 1.51,
            "account_receivable_turnover_ratio": 6.15,
            "reinvestment_rate": -2.18,
            "research_to_sale_ratio": null,
            "price_fair": 126.53,
            "eps_avg_yearly": 3.62,
            "eps_latest_yearly": 4.24,
            "eps_growth_yearly": 216.4
        },
        "20201": {
            "year_quarter": 20201,
            "year": 2020,
            "quarter": 1,
            "eps": 0.62,
            "eps_growth_year": -47.46,
            "eps_4q": 4.18,
            "eps_4q_growth_year": -21,
            "roe": 1.64,
            "roe_4q": 11.34,
            "gross_profit": 133025,
            "gross_margin": 11.51,
            "gross_margin_4q_avg": 15.59,
            "net_income": 69263,
            "net_income_4q": null,
            "revenue": 1156156,
            "revenue_4q": null,
            "common_shares": 1134400,
            "book_valuer_per_share": 36.77,
            "book_valuer_per_share_4q_avg": 35.5,
            "equity": 4255525,
            "current_ratio": 187.92,
            "debt_ratio": 49.45,
            "inventory_turnover_ratio": 1.34,
            "account_receivable_turnover_ratio": 7.37,
            "reinvestment_rate": -2.11,
            "research_to_sale_ratio": null,
            "price_fair": 128.45,
            "eps_avg_yearly": 3.67,
            "eps_latest_yearly": 2.48,
            "eps_growth_yearly": 206.64
        },
        "20202": {
            "year_quarter": 20202,
            "year": 2020,
            "quarter": 2,
            "eps": 1.05,
            "eps_growth_year": -5.41,
            "eps_4q": 4.12,
            "eps_4q_growth_year": -28.22,
            "roe": 2.78,
            "roe_4q": 11.079999999999998,
            "gross_profit": 132201,
            "gross_margin": 9.64,
            "gross_margin_4q_avg": 14.3,
            "net_income": 116929,
            "net_income_4q": null,
            "revenue": 1371169,
            "revenue_4q": null,
            "common_shares": 1134400,
            "book_valuer_per_share": 35.69,
            "book_valuer_per_share_4q_avg": 35.98,
            "equity": 4163268,
            "current_ratio": 178.95,
            "debt_ratio": 51.01,
            "inventory_turnover_ratio": 1.76,
            "account_receivable_turnover_ratio": 4.16,
            "reinvestment_rate": -2.53,
            "research_to_sale_ratio": null,
            "price_fair": 135.54,
            "eps_avg_yearly": 3.87,
            "eps_latest_yearly": 4.2,
            "eps_growth_yearly": 233.97
        },
        "20203": {
            "year_quarter": 20203,
            "year": 2020,
            "quarter": 3,
            "eps": 0.82,
            "eps_growth_year": -41.43,
            "eps_4q": 3.55,
            "eps_4q_growth_year": -29.84,
            "roe": 2.14,
            "roe_4q": 9.34,
            "gross_profit": 152581,
            "gross_margin": 12.6,
            "gross_margin_4q_avg": 12.61,
            "net_income": 90202,
            "net_income_4q": null,
            "revenue": 1211319,
            "revenue_4q": null,
            "common_shares": 1134400,
            "book_valuer_per_share": 36.46,
            "book_valuer_per_share_4q_avg": 36.3,
            "equity": 4247426,
            "current_ratio": 175.51,
            "debt_ratio": 52.7,
            "inventory_turnover_ratio": 1.5,
            "account_receivable_turnover_ratio": 2.16,
            "reinvestment_rate": -0.01,
            "research_to_sale_ratio": null,
            "price_fair": 140,
            "eps_avg_yearly": 4,
            "eps_latest_yearly": 3.28,
            "eps_growth_yearly": 221.21
        },
        "20204": {
            "year_quarter": 20204,
            "year": 2020,
            "quarter": 4,
            "eps": 1.71,
            "eps_growth_year": 61.97,
            "eps_4q": 4.2,
            "eps_4q_growth_year": -11.27,
            "roe": 4.34,
            "roe_4q": 10.9,
            "gross_profit": 332557,
            "gross_margin": 20.1,
            "gross_margin_4q_avg": 13.46,
            "net_income": 188889,
            "net_income_4q": null,
            "revenue": 1654206,
            "revenue_4q": null,
            "common_shares": 1134400,
            "book_valuer_per_share": 38.35,
            "book_valuer_per_share_4q_avg": 36.82,
            "equity": 4456575,
            "current_ratio": 173.45,
            "debt_ratio": 55.38,
            "inventory_turnover_ratio": 1.87,
            "account_receivable_turnover_ratio": 3.6,
            "reinvestment_rate": 3.7,
            "research_to_sale_ratio": null,
            "price_fair": 139.39,
            "eps_avg_yearly": 3.98,
            "eps_latest_yearly": 6.84,
            "eps_growth_yearly": 129.79
        },
        "20211": {
            "year_quarter": 20211,
            "year": 2021,
            "quarter": 1,
            "eps": 0.52,
            "eps_growth_year": -16.13,
            "eps_4q": 4.1,
            "eps_4q_growth_year": -1.88,
            "roe": 1.24,
            "roe_4q": 10.5,
            "gross_profit": 114474,
            "gross_margin": 10.32,
            "gross_margin_4q_avg": 13.17,
            "net_income": 55720,
            "net_income_4q": null,
            "revenue": 1109487,
            "revenue_4q": null,
            "common_shares": 1134400,
            "book_valuer_per_share": 38.86,
            "book_valuer_per_share_4q_avg": 37.34,
            "equity": 4511477,
            "current_ratio": 168.35,
            "debt_ratio": 55.56,
            "inventory_turnover_ratio": 1.38,
            "account_receivable_turnover_ratio": 2.66,
            "reinvestment_rate": 3.91,
            "research_to_sale_ratio": null,
            "price_fair": 141.14,
            "eps_avg_yearly": 4.03,
            "eps_latest_yearly": 2.08,
            "eps_growth_yearly": 132.9
        },
        "20212": {
            "year_quarter": 20212,
            "year": 2021,
            "quarter": 2,
            "eps": 0.6,
            "eps_growth_year": -42.86,
            "eps_4q": 3.65,
            "eps_4q_growth_year": -11.47,
            "roe": 1.45,
            "roe_4q": 9.17,
            "gross_profit": 144552,
            "gross_margin": 9.51,
            "gross_margin_4q_avg": 13.13,
            "net_income": 64219,
            "net_income_4q": null,
            "revenue": 1519321,
            "revenue_4q": null,
            "common_shares": 1134400,
            "book_valuer_per_share": 37.41,
            "book_valuer_per_share_4q_avg": 37.77,
            "equity": 4343946,
            "current_ratio": 165.38,
            "debt_ratio": 56.49,
            "inventory_turnover_ratio": 1.88,
            "account_receivable_turnover_ratio": 3.05,
            "reinvestment_rate": 3.58,
            "research_to_sale_ratio": null,
            "price_fair": 142.89,
            "eps_avg_yearly": 4.08,
            "eps_latest_yearly": 2.4,
            "eps_growth_yearly": 130.5
        },
        "20213": {
            "year_quarter": 20213,
            "year": 2021,
            "quarter": 3,
            "eps": 1.42,
            "eps_growth_year": 73.17,
            "eps_4q": 4.24,
            "eps_4q_growth_year": 19.59,
            "roe": 3.63,
            "roe_4q": 10.66,
            "gross_profit": 282390,
            "gross_margin": 19.58,
            "gross_margin_4q_avg": 14.88,
            "net_income": 160457,
            "net_income_4q": null,
            "revenue": 1442481,
            "revenue_4q": null,
            "common_shares": 1134400,
            "book_valuer_per_share": 38.86,
            "book_valuer_per_share_4q_avg": 38.37,
            "equity": 4507288,
            "current_ratio": 161.36,
            "debt_ratio": 58.69,
            "inventory_turnover_ratio": 1.58,
            "account_receivable_turnover_ratio": 3.78,
            "reinvestment_rate": 3.22,
            "research_to_sale_ratio": null,
            "price_fair": 152.51,
            "eps_avg_yearly": 4.36,
            "eps_latest_yearly": 5.68,
            "eps_growth_yearly": 169.66
        },
        "20214": {
            "year_quarter": 20214,
            "year": 2021,
            "quarter": 4,
            "eps": 1.62,
            "eps_growth_year": -5.57,
            "eps_4q": 4.15,
            "eps_4q_growth_year": -1.3,
            "roe": 3.87,
            "roe_4q": 10.19,
            "gross_profit": 301265,
            "gross_margin": 14.45,
            "gross_margin_4q_avg": 13.47,
            "net_income": 177841,
            "net_income_4q": null,
            "revenue": 2085543,
            "revenue_4q": null,
            "common_shares": 1134400,
            "book_valuer_per_share": 40.44,
            "book_valuer_per_share_4q_avg": 38.89,
            "equity": 4680755,
            "current_ratio": 171.02,
            "debt_ratio": 62.14,
            "inventory_turnover_ratio": 2.5,
            "account_receivable_turnover_ratio": 4.92,
            "reinvestment_rate": 2.86,
            "research_to_sale_ratio": null,
            "price_fair": 154.53,
            "eps_avg_yearly": 4.42,
            "eps_latest_yearly": 6.48,
            "eps_growth_yearly": 89.59
        },
        "20221": {
            "year_quarter": 20221,
            "year": 2022,
            "quarter": 1,
            "eps": 1.18,
            "eps_growth_year": 126.92,
            "eps_4q": 4.81,
            "eps_4q_growth_year": 17.24,
            "roe": 2.78,
            "roe_4q": 11.73,
            "gross_profit": 227844,
            "gross_margin": 11.8,
            "gross_margin_4q_avg": 13.84,
            "net_income": 132061,
            "net_income_4q": null,
            "revenue": 1931311,
            "revenue_4q": null,
            "common_shares": 1134400,
            "book_valuer_per_share": 41.64,
            "book_valuer_per_share_4q_avg": 39.59,
            "equity": 4815549,
            "current_ratio": 181.4,
            "debt_ratio": 58.27,
            "inventory_turnover_ratio": 2.92,
            "account_receivable_turnover_ratio": 4.06,
            "reinvestment_rate": 12.49,
            "research_to_sale_ratio": null,
            "price_fair": 161.09,
            "eps_avg_yearly": 4.6,
            "eps_latest_yearly": 4.72,
            "eps_growth_yearly": 100.07
        },
        "20222": {
            "year_quarter": 20222,
            "year": 2022,
            "quarter": 2,
            "eps": 0.78,
            "eps_growth_year": 30,
            "eps_4q": 5,
            "eps_4q_growth_year": 36.86,
            "roe": 1.86,
            "roe_4q": 12.14,
            "gross_profit": 218924,
            "gross_margin": 10.8,
            "gross_margin_4q_avg": 14.16,
            "net_income": 88533,
            "net_income_4q": null,
            "revenue": 2027132,
            "revenue_4q": null,
            "common_shares": 1134400,
            "book_valuer_per_share": 40.49,
            "book_valuer_per_share_4q_avg": 40.36,
            "equity": 4684951,
            "current_ratio": 172.83,
            "debt_ratio": 60.15,
            "inventory_turnover_ratio": 3.8,
            "account_receivable_turnover_ratio": 4.63,
            "reinvestment_rate": 14.24,
            "research_to_sale_ratio": null,
            "price_fair": 162.14,
            "eps_avg_yearly": 4.63,
            "eps_latest_yearly": 3.12,
            "eps_growth_yearly": 78.22
        },
        "20223": {
            "year_quarter": 20223,
            "year": 2022,
            "quarter": 3,
            "eps": 0.97,
            "eps_growth_year": -31.69,
            "eps_4q": 4.55,
            "eps_4q_growth_year": 7.1,
            "roe": 2.35,
            "roe_4q": 10.86,
            "gross_profit": 248315,
            "gross_margin": 12.28,
            "gross_margin_4q_avg": 12.33,
            "net_income": 111539,
            "net_income_4q": null,
            "revenue": 2022754,
            "revenue_4q": null,
            "common_shares": 1134400,
            "book_valuer_per_share": 41.59,
            "book_valuer_per_share_4q_avg": 41.04,
            "equity": 4811117,
            "current_ratio": 194.31,
            "debt_ratio": 59.71,
            "inventory_turnover_ratio": 2.9,
            "account_receivable_turnover_ratio": 3.47,
            "reinvestment_rate": 17.62,
            "research_to_sale_ratio": null,
            "price_fair": 152.43,
            "eps_avg_yearly": 4.36,
            "eps_latest_yearly": 3.88,
            "eps_growth_yearly": 30.52
        },
        "20224": {
            "year_quarter": 20224,
            "year": 2022,
            "quarter": 4,
            "eps": 1.85,
            "eps_growth_year": 14.46,
            "eps_4q": 4.78,
            "eps_4q_growth_year": 15.19,
            "roe": 4.3,
            "roe_4q": 11.29,
            "gross_profit": 459102,
            "gross_margin": 18.34,
            "gross_margin_4q_avg": 13.31,
            "net_income": 211303,
            "net_income_4q": null,
            "revenue": 2502761,
            "revenue_4q": null,
            "common_shares": 1134400,
            "book_valuer_per_share": 43.37,
            "book_valuer_per_share_4q_avg": 41.77,
            "equity": 5014574,
            "current_ratio": 185.2,
            "debt_ratio": 61.24,
            "inventory_turnover_ratio": 2.68,
            "account_receivable_turnover_ratio": 4.6,
            "reinvestment_rate": 23.5,
            "research_to_sale_ratio": null,
            "price_fair": 156.54,
            "eps_avg_yearly": 4.47,
            "eps_latest_yearly": 7.4,
            "eps_growth_yearly": 61.61
        },
        "20231": {
            "year_quarter": 20231,
            "year": 2023,
            "quarter": 1,
            "eps": 3.35,
            "eps_growth_year": 183.9,
            "eps_4q": 6.95,
            "eps_4q_growth_year": 44.5,
            "roe": 7.24,
            "roe_4q": 15.749999999999998,
            "gross_profit": 499881,
            "gross_margin": 21.96,
            "gross_margin_4q_avg": 15.85,
            "net_income": 376829,
            "net_income_4q": null,
            "revenue": 2276405,
            "revenue_4q": null,
            "common_shares": 1134400,
            "book_valuer_per_share": 46.73,
            "book_valuer_per_share_4q_avg": 43.05,
            "equity": 5391942,
            "current_ratio": 225.55,
            "debt_ratio": 52.13,
            "inventory_turnover_ratio": 2.29,
            "account_receivable_turnover_ratio": 4.94,
            "reinvestment_rate": 24.55,
            "research_to_sale_ratio": null,
            "price_fair": 175.53,
            "eps_avg_yearly": 5.02,
            "eps_latest_yearly": 13.4,
            "eps_growth_yearly": 85.51
        },
        "20232": {
            "year_quarter": 20232,
            "year": 2023,
            "quarter": 2,
            "eps": 3.17,
            "eps_growth_year": 306.41,
            "eps_4q": 9.34,
            "eps_4q_growth_year": 86.89,
            "roe": 6.49,
            "roe_4q": 20.380000000000003,
            "gross_profit": 521628,
            "gross_margin": 19.67,
            "gross_margin_4q_avg": 18.06,
            "net_income": 352663,
            "net_income_4q": null,
            "revenue": 2651273,
            "revenue_4q": null,
            "common_shares": 1134400,
            "book_valuer_per_share": 47.54,
            "book_valuer_per_share_4q_avg": 44.81,
            "equity": 5477766,
            "current_ratio": 219.67,
            "debt_ratio": 53.32,
            "inventory_turnover_ratio": 2.75,
            "account_receivable_turnover_ratio": 4.43,
            "reinvestment_rate": 22.41,
            "research_to_sale_ratio": null,
            "price_fair": 193.55,
            "eps_avg_yearly": 5.53,
            "eps_latest_yearly": 12.68,
            "eps_growth_yearly": 85.65
        }
    },
    "months": {
        "2001-06": {
            "month": "2001-06",
            "price": "5.36",
            "revenue": 487061
        },
        "2001-07": {
            "month": "2001-07",
            "price": "5.12",
            "revenue": 517674
        },
        "2001-08": {
            "month": "2001-08",
            "price": "4.70",
            "revenue": 606293
        },
        "2001-09": {
            "month": "2001-09",
            "price": "4.22",
            "revenue": 485707
        },
        "2001-10": {
            "month": "2001-10",
            "price": "3.76",
            "revenue": 199484
        },
        "2001-11": {
            "month": "2001-11",
            "price": "3.65",
            "revenue": 222227
        },
        "2001-12": {
            "month": "2001-12",
            "price": "3.88",
            "revenue": 454927
        },
        "2002-01": {
            "month": "2002-01",
            "price": "3.97",
            "revenue": 164388
        },
        "2002-02": {
            "month": "2002-02",
            "price": "3.52",
            "revenue": 204144
        },
        "2002-03": {
            "month": "2002-03",
            "price": "4.06",
            "revenue": 181809
        },
        "2002-04": {
            "month": "2002-04",
            "price": "5.46",
            "revenue": 212931
        },
        "2002-05": {
            "month": "2002-05",
            "price": "4.92",
            "revenue": 199744
        },
        "2002-06": {
            "month": "2002-06",
            "price": "4.86",
            "revenue": 383961
        },
        "2002-07": {
            "month": "2002-07",
            "price": "4.60",
            "revenue": 185222
        },
        "2002-08": {
            "month": "2002-08",
            "price": "4.45",
            "revenue": 339168
        },
        "2002-09": {
            "month": "2002-09",
            "price": "4.01",
            "revenue": 243547
        },
        "2002-10": {
            "month": "2002-10",
            "price": "3.86",
            "revenue": 219474
        },
        "2002-11": {
            "month": "2002-11",
            "price": "3.96",
            "revenue": 378497
        },
        "2002-12": {
            "month": "2002-12",
            "price": "4.30",
            "revenue": 624723
        },
        "2003-01": {
            "month": "2003-01",
            "price": "5.06",
            "revenue": 226418
        },
        "2003-02": {
            "month": "2003-02",
            "price": "4.97",
            "revenue": 209635
        },
        "2003-03": {
            "month": "2003-03",
            "price": "4.49",
            "revenue": 416942
        },
        "2003-04": {
            "month": "2003-04",
            "price": "4.51",
            "revenue": 225586
        },
        "2003-05": {
            "month": "2003-05",
            "price": "4.41",
            "revenue": 276987
        },
        "2003-06": {
            "month": "2003-06",
            "price": "4.64",
            "revenue": 321013
        },
        "2003-07": {
            "month": "2003-07",
            "price": "5.33",
            "revenue": 303869
        },
        "2003-08": {
            "month": "2003-08",
            "price": "5.92",
            "revenue": 332968
        },
        "2003-09": {
            "month": "2003-09",
            "price": "5.66",
            "revenue": 212815
        },
        "2003-10": {
            "month": "2003-10",
            "price": "5.80",
            "revenue": 247213
        },
        "2003-11": {
            "month": "2003-11",
            "price": "5.44",
            "revenue": 248073
        },
        "2003-12": {
            "month": "2003-12",
            "price": "5.31",
            "revenue": 416879
        },
        "2004-01": {
            "month": "2004-01",
            "price": "6.51",
            "revenue": 192686
        },
        "2004-02": {
            "month": "2004-02",
            "price": "8.28",
            "revenue": 244070
        },
        "2004-03": {
            "month": "2004-03",
            "price": "7.65",
            "revenue": 268127
        },
        "2004-04": {
            "month": "2004-04",
            "price": "7.24",
            "revenue": 169662
        },
        "2004-05": {
            "month": "2004-05",
            "price": "6.93",
            "revenue": 232251
        },
        "2004-06": {
            "month": "2004-06",
            "price": "6.52",
            "revenue": 388326
        },
        "2004-07": {
            "month": "2004-07",
            "price": "6.07",
            "revenue": 134039
        },
        "2004-08": {
            "month": "2004-08",
            "price": "5.75",
            "revenue": 158248
        },
        "2004-09": {
            "month": "2004-09",
            "price": "6.04",
            "revenue": 453016
        },
        "2004-10": {
            "month": "2004-10",
            "price": "5.96",
            "revenue": 142848
        },
        "2004-11": {
            "month": "2004-11",
            "price": "6.08",
            "revenue": 394871
        },
        "2004-12": {
            "month": "2004-12",
            "price": "6.61",
            "revenue": 472739
        },
        "2005-01": {
            "month": "2005-01",
            "price": "6.99",
            "revenue": 307288
        },
        "2005-02": {
            "month": "2005-02",
            "price": "6.95",
            "revenue": 225937
        },
        "2005-03": {
            "month": "2005-03",
            "price": "6.62",
            "revenue": 266588
        },
        "2005-04": {
            "month": "2005-04",
            "price": "6.66",
            "revenue": 260446
        },
        "2005-05": {
            "month": "2005-05",
            "price": "7.20",
            "revenue": 264162
        },
        "2005-06": {
            "month": "2005-06",
            "price": "10.00",
            "revenue": 312566
        },
        "2005-07": {
            "month": "2005-07",
            "price": "9.99",
            "revenue": 187773
        },
        "2005-08": {
            "month": "2005-08",
            "price": "9.02",
            "revenue": 131754
        },
        "2005-09": {
            "month": "2005-09",
            "price": "9.67",
            "revenue": 246644
        },
        "2005-10": {
            "month": "2005-10",
            "price": "8.45",
            "revenue": 372911
        },
        "2005-11": {
            "month": "2005-11",
            "price": "8.27",
            "revenue": 261011
        },
        "2005-12": {
            "month": "2005-12",
            "price": "8.94",
            "revenue": 402577
        },
        "2006-01": {
            "month": "2006-01",
            "price": "8.47",
            "revenue": 268114
        },
        "2006-02": {
            "month": "2006-02",
            "price": "8.46",
            "revenue": 105897
        },
        "2006-03": {
            "month": "2006-03",
            "price": "8.59",
            "revenue": 248732
        },
        "2006-04": {
            "month": "2006-04",
            "price": "9.04",
            "revenue": 210143
        },
        "2006-05": {
            "month": "2006-05",
            "price": "9.84",
            "revenue": 177569
        },
        "2006-06": {
            "month": "2006-06",
            "price": "9.15",
            "revenue": 376163
        },
        "2006-07": {
            "month": "2006-07",
            "price": "8.15",
            "revenue": 187902
        },
        "2006-08": {
            "month": "2006-08",
            "price": "8.04",
            "revenue": 232964
        },
        "2006-09": {
            "month": "2006-09",
            "price": "8.58",
            "revenue": 225192
        },
        "2006-10": {
            "month": "2006-10",
            "price": "9.90",
            "revenue": 229449
        },
        "2006-11": {
            "month": "2006-11",
            "price": "11.66",
            "revenue": 224618
        },
        "2006-12": {
            "month": "2006-12",
            "price": "12.34",
            "revenue": 254220
        },
        "2007-01": {
            "month": "2007-01",
            "price": "10.98",
            "revenue": 231922
        },
        "2007-02": {
            "month": "2007-02",
            "price": "10.68",
            "revenue": 171725
        },
        "2007-03": {
            "month": "2007-03",
            "price": "11.67",
            "revenue": 194848
        },
        "2007-04": {
            "month": "2007-04",
            "price": "13.62",
            "revenue": 182580
        },
        "2007-05": {
            "month": "2007-05",
            "price": "13.95",
            "revenue": 242235
        },
        "2007-06": {
            "month": "2007-06",
            "price": "14.72",
            "revenue": 573980
        },
        "2007-07": {
            "month": "2007-07",
            "price": "17.68",
            "revenue": 320409
        },
        "2007-08": {
            "month": "2007-08",
            "price": "16.34",
            "revenue": 225805
        },
        "2007-09": {
            "month": "2007-09",
            "price": "16.36",
            "revenue": 289168
        },
        "2007-10": {
            "month": "2007-10",
            "price": "15.86",
            "revenue": 432968
        },
        "2007-11": {
            "month": "2007-11",
            "price": "15.72",
            "revenue": 363492
        },
        "2007-12": {
            "month": "2007-12",
            "price": "14.53",
            "revenue": 520292
        },
        "2008-01": {
            "month": "2008-01",
            "price": "14.52",
            "revenue": 240640
        },
        "2008-02": {
            "month": "2008-02",
            "price": "15.22",
            "revenue": 258942
        },
        "2008-03": {
            "month": "2008-03",
            "price": "16.00",
            "revenue": 267144
        },
        "2008-04": {
            "month": "2008-04",
            "price": "17.90",
            "revenue": 300342
        },
        "2008-05": {
            "month": "2008-05",
            "price": "17.58",
            "revenue": 279804
        },
        "2008-06": {
            "month": "2008-06",
            "price": "16.59",
            "revenue": 599529
        },
        "2008-07": {
            "month": "2008-07",
            "price": "13.48",
            "revenue": 218321
        },
        "2008-08": {
            "month": "2008-08",
            "price": "13.80",
            "revenue": 265846
        },
        "2008-09": {
            "month": "2008-09",
            "price": "12.23",
            "revenue": 480634
        },
        "2008-10": {
            "month": "2008-10",
            "price": "11.19",
            "revenue": 297145
        },
        "2008-11": {
            "month": "2008-11",
            "price": "11.16",
            "revenue": 347917
        },
        "2008-12": {
            "month": "2008-12",
            "price": "11.20",
            "revenue": 505766
        },
        "2009-01": {
            "month": "2009-01",
            "price": "11.05",
            "revenue": 409888
        },
        "2009-02": {
            "month": "2009-02",
            "price": "11.58",
            "revenue": 294871
        },
        "2009-03": {
            "month": "2009-03",
            "price": "12.37",
            "revenue": 347565
        },
        "2009-04": {
            "month": "2009-04",
            "price": "13.88",
            "revenue": 374637
        },
        "2009-05": {
            "month": "2009-05",
            "price": "16.00",
            "revenue": 492176
        },
        "2009-06": {
            "month": "2009-06",
            "price": "15.76",
            "revenue": 468550
        },
        "2009-07": {
            "month": "2009-07",
            "price": "15.34",
            "revenue": 237877
        },
        "2009-08": {
            "month": "2009-08",
            "price": "14.45",
            "revenue": 166809
        },
        "2009-09": {
            "month": "2009-09",
            "price": "14.19",
            "revenue": 680042
        },
        "2009-10": {
            "month": "2009-10",
            "price": "14.61",
            "revenue": 255672
        },
        "2009-11": {
            "month": "2009-11",
            "price": "14.80",
            "revenue": 305276
        },
        "2009-12": {
            "month": "2009-12",
            "price": "15.32",
            "revenue": 526499
        },
        "2010-01": {
            "month": "2010-01",
            "price": "16.20",
            "revenue": 392636
        },
        "2010-02": {
            "month": "2010-02",
            "price": "16.08",
            "revenue": 215442
        },
        "2010-03": {
            "month": "2010-03",
            "price": "16.45",
            "revenue": 268933
        },
        "2010-04": {
            "month": "2010-04",
            "price": "16.69",
            "revenue": 268781
        },
        "2010-05": {
            "month": "2010-05",
            "price": "16.31",
            "revenue": 409188
        },
        "2010-06": {
            "month": "2010-06",
            "price": "16.30",
            "revenue": 478681
        },
        "2010-07": {
            "month": "2010-07",
            "price": "15.70",
            "revenue": 459040
        },
        "2010-08": {
            "month": "2010-08",
            "price": "15.92",
            "revenue": 423798
        },
        "2010-09": {
            "month": "2010-09",
            "price": "16.86",
            "revenue": 398311
        },
        "2010-10": {
            "month": "2010-10",
            "price": "24.76",
            "revenue": 537876
        },
        "2010-11": {
            "month": "2010-11",
            "price": "24.21",
            "revenue": 491054
        },
        "2010-12": {
            "month": "2010-12",
            "price": "26.20",
            "revenue": 861147
        },
        "2011-01": {
            "month": "2011-01",
            "price": "27.59",
            "revenue": 553878
        },
        "2011-02": {
            "month": "2011-02",
            "price": "25.04",
            "revenue": 308500
        },
        "2011-03": {
            "month": "2011-03",
            "price": "23.57",
            "revenue": 319557
        },
        "2011-04": {
            "month": "2011-04",
            "price": "25.18",
            "revenue": 447198
        },
        "2011-05": {
            "month": "2011-05",
            "price": "24.39",
            "revenue": 479430
        },
        "2011-06": {
            "month": "2011-06",
            "price": "23.79",
            "revenue": 473806
        },
        "2011-07": {
            "month": "2011-07",
            "price": "24.24",
            "revenue": 595550
        },
        "2011-08": {
            "month": "2011-08",
            "price": "19.53",
            "revenue": 454379
        },
        "2011-09": {
            "month": "2011-09",
            "price": "20.76",
            "revenue": 682399
        },
        "2011-10": {
            "month": "2011-10",
            "price": "21.72",
            "revenue": 512832
        },
        "2011-11": {
            "month": "2011-11",
            "price": "24.61",
            "revenue": 586717
        },
        "2011-12": {
            "month": "2011-12",
            "price": "23.41",
            "revenue": 1270903
        },
        "2012-01": {
            "month": "2012-01",
            "price": "24.16",
            "revenue": 702394
        },
        "2012-02": {
            "month": "2012-02",
            "price": "29.06",
            "revenue": 637636
        },
        "2012-03": {
            "month": "2012-03",
            "price": "33.02",
            "revenue": 758981
        },
        "2012-04": {
            "month": "2012-04",
            "price": "29.12",
            "revenue": 898627
        },
        "2012-05": {
            "month": "2012-05",
            "price": "28.70",
            "revenue": 609646
        },
        "2012-06": {
            "month": "2012-06",
            "price": "28.59",
            "revenue": 2531988
        },
        "2012-07": {
            "month": "2012-07",
            "price": "28.33",
            "revenue": 840399
        },
        "2012-08": {
            "month": "2012-08",
            "price": "28.60",
            "revenue": 647755
        },
        "2012-09": {
            "month": "2012-09",
            "price": "31.86",
            "revenue": 600171
        },
        "2012-10": {
            "month": "2012-10",
            "price": "30.44",
            "revenue": 723475
        },
        "2012-11": {
            "month": "2012-11",
            "price": "31.27",
            "revenue": 426922
        },
        "2012-12": {
            "month": "2012-12",
            "price": "30.95",
            "revenue": 648844
        },
        "2013-01": {
            "month": "2013-01",
            "price": "30.92",
            "revenue": 487857
        },
        "2013-02": {
            "month": "2013-02",
            "price": "30.98",
            "revenue": 383629
        },
        "2013-03": {
            "month": "2013-03",
            "price": "32.35",
            "revenue": 582576
        },
        "2013-04": {
            "month": "2013-04",
            "price": "34.17",
            "revenue": 424999
        },
        "2013-05": {
            "month": "2013-05",
            "price": "33.92",
            "revenue": 530991
        },
        "2013-06": {
            "month": "2013-06",
            "price": "32.71",
            "revenue": 563826
        },
        "2013-07": {
            "month": "2013-07",
            "price": "31.16",
            "revenue": 393971
        },
        "2013-08": {
            "month": "2013-08",
            "price": "27.49",
            "revenue": 300756
        },
        "2013-09": {
            "month": "2013-09",
            "price": "26.92",
            "revenue": 302013
        },
        "2013-10": {
            "month": "2013-10",
            "price": "26.90",
            "revenue": 280777
        },
        "2013-11": {
            "month": "2013-11",
            "price": "26.49",
            "revenue": 424078
        },
        "2013-12": {
            "month": "2013-12",
            "price": "26.96",
            "revenue": 662665
        },
        "2014-01": {
            "month": "2014-01",
            "price": "27.09",
            "revenue": 312132
        },
        "2014-02": {
            "month": "2014-02",
            "price": "26.99",
            "revenue": 337478
        },
        "2014-03": {
            "month": "2014-03",
            "price": "28.54",
            "revenue": 440373
        },
        "2014-04": {
            "month": "2014-04",
            "price": "30.84",
            "revenue": 344453
        },
        "2014-05": {
            "month": "2014-05",
            "price": "30.97",
            "revenue": 402549
        },
        "2014-06": {
            "month": "2014-06",
            "price": "31.22",
            "revenue": 367320
        },
        "2014-07": {
            "month": "2014-07",
            "price": "30.19",
            "revenue": 395422
        },
        "2014-08": {
            "month": "2014-08",
            "price": "27.03",
            "revenue": 355588
        },
        "2014-09": {
            "month": "2014-09",
            "price": "26.50",
            "revenue": 362354
        },
        "2014-10": {
            "month": "2014-10",
            "price": "25.45",
            "revenue": 413458
        },
        "2014-11": {
            "month": "2014-11",
            "price": "25.44",
            "revenue": 295779
        },
        "2014-12": {
            "month": "2014-12",
            "price": "26.14",
            "revenue": 1096418
        },
        "2015-01": {
            "month": "2015-01",
            "price": "26.44",
            "revenue": 337589
        },
        "2015-02": {
            "month": "2015-02",
            "price": "27.21",
            "revenue": 224736
        },
        "2015-03": {
            "month": "2015-03",
            "price": "27.50",
            "revenue": 345900
        },
        "2015-04": {
            "month": "2015-04",
            "price": "28.17",
            "revenue": 268623
        },
        "2015-05": {
            "month": "2015-05",
            "price": "27.73",
            "revenue": 328129
        },
        "2015-06": {
            "month": "2015-06",
            "price": "27.03",
            "revenue": 431413
        },
        "2015-07": {
            "month": "2015-07",
            "price": "24.77",
            "revenue": 300065
        },
        "2015-08": {
            "month": "2015-08",
            "price": "23.85",
            "revenue": 251263
        },
        "2015-09": {
            "month": "2015-09",
            "price": "24.28",
            "revenue": 268321
        },
        "2015-10": {
            "month": "2015-10",
            "price": "25.07",
            "revenue": 295278
        },
        "2015-11": {
            "month": "2015-11",
            "price": "24.73",
            "revenue": 344928
        },
        "2015-12": {
            "month": "2015-12",
            "price": "24.35",
            "revenue": 516549
        },
        "2016-01": {
            "month": "2016-01",
            "price": "23.77",
            "revenue": 369918
        },
        "2016-02": {
            "month": "2016-02",
            "price": "24.22",
            "revenue": 226281
        },
        "2016-03": {
            "month": "2016-03",
            "price": "25.00",
            "revenue": 323475
        },
        "2016-04": {
            "month": "2016-04",
            "price": "23.48",
            "revenue": 502722
        },
        "2016-05": {
            "month": "2016-05",
            "price": "22.90",
            "revenue": 341930
        },
        "2016-06": {
            "month": "2016-06",
            "price": "22.79",
            "revenue": 366586
        },
        "2016-07": {
            "month": "2016-07",
            "price": "23.15",
            "revenue": 420143
        },
        "2016-08": {
            "month": "2016-08",
            "price": "23.67",
            "revenue": 400559
        },
        "2016-09": {
            "month": "2016-09",
            "price": "24.05",
            "revenue": 449685
        },
        "2016-10": {
            "month": "2016-10",
            "price": "22.90",
            "revenue": 552870
        },
        "2016-11": {
            "month": "2016-11",
            "price": "21.76",
            "revenue": 789203
        },
        "2016-12": {
            "month": "2016-12",
            "price": "23.18",
            "revenue": 556694
        },
        "2017-01": {
            "month": "2017-01",
            "price": "23.41",
            "revenue": 306282
        },
        "2017-02": {
            "month": "2017-02",
            "price": "23.03",
            "revenue": 274962
        },
        "2017-03": {
            "month": "2017-03",
            "price": "24.00",
            "revenue": 325408
        },
        "2017-04": {
            "month": "2017-04",
            "price": "22.59",
            "revenue": 296679
        },
        "2017-05": {
            "month": "2017-05",
            "price": "20.29",
            "revenue": 273296
        },
        "2017-06": {
            "month": "2017-06",
            "price": "19.86",
            "revenue": 273790
        },
        "2017-07": {
            "month": "2017-07",
            "price": "19.64",
            "revenue": 322822
        },
        "2017-08": {
            "month": "2017-08",
            "price": "19.47",
            "revenue": 306986
        },
        "2017-09": {
            "month": "2017-09",
            "price": "20.72",
            "revenue": 309289
        },
        "2017-10": {
            "month": "2017-10",
            "price": "20.32",
            "revenue": 363977
        },
        "2017-11": {
            "month": "2017-11",
            "price": "19.96",
            "revenue": 386021
        },
        "2017-12": {
            "month": "2017-12",
            "price": "19.93",
            "revenue": 575751
        },
        "2018-01": {
            "month": "2018-01",
            "price": "20.13",
            "revenue": 235791
        },
        "2018-02": {
            "month": "2018-02",
            "price": "20.08",
            "revenue": 205243
        },
        "2018-03": {
            "month": "2018-03",
            "price": "20.18",
            "revenue": 263132
        },
        "2018-04": {
            "month": "2018-04",
            "price": "20.32",
            "revenue": 306190
        },
        "2018-05": {
            "month": "2018-05",
            "price": "20.13",
            "revenue": 315056
        },
        "2018-06": {
            "month": "2018-06",
            "price": "20.24",
            "revenue": 525129
        },
        "2018-07": {
            "month": "2018-07",
            "price": "19.36",
            "revenue": 522481
        },
        "2018-08": {
            "month": "2018-08",
            "price": "19.88",
            "revenue": 384172
        },
        "2018-09": {
            "month": "2018-09",
            "price": "21.14",
            "revenue": 633712
        },
        "2018-10": {
            "month": "2018-10",
            "price": "20.10",
            "revenue": 531396
        },
        "2018-11": {
            "month": "2018-11",
            "price": "22.74",
            "revenue": 586404
        },
        "2018-12": {
            "month": "2018-12",
            "price": "24.08",
            "revenue": 881541
        },
        "2019-01": {
            "month": "2019-01",
            "price": "26.59",
            "revenue": 398927
        },
        "2019-02": {
            "month": "2019-02",
            "price": "27.37",
            "revenue": 480408
        },
        "2019-03": {
            "month": "2019-03",
            "price": "29.25",
            "revenue": 578048
        },
        "2019-04": {
            "month": "2019-04",
            "price": "28.79",
            "revenue": 479412
        },
        "2019-05": {
            "month": "2019-05",
            "price": "28.93",
            "revenue": 486399
        },
        "2019-06": {
            "month": "2019-06",
            "price": "29.71",
            "revenue": 466626
        },
        "2019-07": {
            "month": "2019-07",
            "price": "29.65",
            "revenue": 338336
        },
        "2019-08": {
            "month": "2019-08",
            "price": "27.45",
            "revenue": 460378
        },
        "2019-09": {
            "month": "2019-09",
            "price": "27.68",
            "revenue": 344733
        },
        "2019-10": {
            "month": "2019-10",
            "price": "28.90",
            "revenue": 316399
        },
        "2019-11": {
            "month": "2019-11",
            "price": "30.37",
            "revenue": 415319
        },
        "2019-12": {
            "month": "2019-12",
            "price": "30.68",
            "revenue": 751882
        },
        "2020-01": {
            "month": "2020-01",
            "price": "30.57",
            "revenue": 263117
        },
        "2020-02": {
            "month": "2020-02",
            "price": "29.88",
            "revenue": 340404
        },
        "2020-03": {
            "month": "2020-03",
            "price": "28.00",
            "revenue": 552636
        },
        "2020-04": {
            "month": "2020-04",
            "price": "28.42",
            "revenue": 404226
        },
        "2020-05": {
            "month": "2020-05",
            "price": "29.26",
            "revenue": 553781
        },
        "2020-06": {
            "month": "2020-06",
            "price": "30.31",
            "revenue": 413161
        },
        "2020-07": {
            "month": "2020-07",
            "price": "29.43",
            "revenue": 394045
        },
        "2020-08": {
            "month": "2020-08",
            "price": "29.22",
            "revenue": 380427
        },
        "2020-09": {
            "month": "2020-09",
            "price": "30.38",
            "revenue": 436849
        },
        "2020-10": {
            "month": "2020-10",
            "price": "29.42",
            "revenue": 382443
        },
        "2020-11": {
            "month": "2020-11",
            "price": "30.05",
            "revenue": 402823
        },
        "2020-12": {
            "month": "2020-12",
            "price": "30.66",
            "revenue": 866203
        },
        "2021-01": {
            "month": "2021-01",
            "price": "30.33",
            "revenue": 339140
        },
        "2021-02": {
            "month": "2021-02",
            "price": "30.15",
            "revenue": 267128
        },
        "2021-03": {
            "month": "2021-03",
            "price": "30.74",
            "revenue": 503219
        },
        "2021-04": {
            "month": "2021-04",
            "price": "31.89",
            "revenue": 429391
        },
        "2021-05": {
            "month": "2021-05",
            "price": "30.61",
            "revenue": 549827
        },
        "2021-06": {
            "month": "2021-06",
            "price": "30.65",
            "revenue": 540103
        },
        "2021-07": {
            "month": "2021-07",
            "price": "29.55",
            "revenue": 481828
        },
        "2021-08": {
            "month": "2021-08",
            "price": "29.12",
            "revenue": 377203
        },
        "2021-09": {
            "month": "2021-09",
            "price": "29.53",
            "revenue": 583450
        },
        "2021-10": {
            "month": "2021-10",
            "price": "29.05",
            "revenue": 499050
        },
        "2021-11": {
            "month": "2021-11",
            "price": "29.56",
            "revenue": 488853
        },
        "2021-12": {
            "month": "2021-12",
            "price": "29.66",
            "revenue": 1096554
        },
        "2022-01": {
            "month": "2022-01",
            "price": "29.92",
            "revenue": 506080
        },
        "2022-02": {
            "month": "2022-02",
            "price": "30.50",
            "revenue": 786917
        },
        "2022-03": {
            "month": "2022-03",
            "price": "30.83",
            "revenue": 638314
        },
        "2022-04": {
            "month": "2022-04",
            "price": "30.74",
            "revenue": 548822
        },
        "2022-05": {
            "month": "2022-05",
            "price": "30.36",
            "revenue": 696094
        },
        "2022-06": {
            "month": "2022-06",
            "price": "30.50",
            "revenue": 782216
        },
        "2022-07": {
            "month": "2022-07",
            "price": "29.20",
            "revenue": 723778
        },
        "2022-08": {
            "month": "2022-08",
            "price": "29.51",
            "revenue": 604130
        },
        "2022-09": {
            "month": "2022-09",
            "price": "30.03",
            "revenue": 694846
        },
        "2022-10": {
            "month": "2022-10",
            "price": "29.67",
            "revenue": 544416
        },
        "2022-11": {
            "month": "2022-11",
            "price": "29.98",
            "revenue": 705340
        },
        "2022-12": {
            "month": "2022-12",
            "price": "30.24",
            "revenue": 1235177
        },
        "2023-01": {
            "month": "2023-01",
            "price": "30.17",
            "revenue": 518160
        },
        "2023-02": {
            "month": "2023-02",
            "price": "30.90",
            "revenue": 889765
        },
        "2023-03": {
            "month": "2023-03",
            "price": "31.91",
            "revenue": 868480
        },
        "2023-04": {
            "month": "2023-04",
            "price": "34.91",
            "revenue": 837755
        },
        "2023-05": {
            "month": "2023-05",
            "price": "48.92",
            "revenue": 914152
        },
        "2023-06": {
            "month": "2023-06",
            "price": "68.36",
            "revenue": 899366
        },
        "2023-07": {
            "month": "2023-07",
            "price": "75.16",
            "revenue": 782589
        },
        "2023-08": {
            "month": "2023-08",
            "price": "76.33",
            "revenue": 836469
        },
        "2023-09": {
            "month": "2023-09",
            "price": "71.71",
            "revenue": 873802
        }
    }
}
