{
    "summary": {
        "stock_name": "力麒",
        "stock_id": "5512",
        "category": "建材營造",
        "main_business": "住宅及商業大樓投資興建出租出售",
        "website_url": "http://www.rhd.com.tw",
        "ceo": "郭濟綱",
        "pe_ratio": -991,
        "report_year_from": 2001,
        "report_year_to": 2023,
        "age": 22,
        "eps_negative_percentage": 13,
        "eps_growth_avg": {
            "last_all": 16.18,
            "last_2y": -23.65,
            "last_4y": -12.06,
            "last_8y": 0.37,
            "last_12y": 0.76,
            "last_16y": 6.32,
            "last_20y": 16.18,
            "at_2006_last_3y": 100,
            "at_2007_last_3y": 59.03,
            "at_2008_last_3y": 24.41,
            "at_2009_last_3y": 24.41,
            "at_2010_last_3y": 3.88,
            "at_2011_last_3y": 8.59,
            "at_2012_last_3y": 43.21,
            "at_2013_last_3y": 1.63,
            "at_2014_last_3y": 12.51,
            "at_2015_last_3y": 1.83,
            "at_2016_last_3y": -25.67,
            "at_2017_last_3y": 15.91,
            "at_2018_last_3y": -21.77,
            "at_2019_last_3y": 25.16,
            "at_2020_last_3y": 5.76,
            "at_2021_last_3y": 5.76,
            "at_2022_last_3y": 7.26,
            "at_2023_last_3y": 7.26,
            "at_2006_last_all": 100,
            "at_2007_last_all": 59.03,
            "at_2008_last_all": 39.53,
            "at_2009_last_all": 49.61,
            "at_2010_last_all": 45.07,
            "at_2011_last_all": 33.81,
            "at_2012_last_all": 41.17,
            "at_2013_last_all": 30.42,
            "at_2014_last_all": 33.23,
            "at_2015_last_all": 23.15,
            "at_2016_last_all": 20.6,
            "at_2017_last_all": 26.27,
            "at_2018_last_all": 18.56,
            "at_2019_last_all": 23.65,
            "at_2020_last_all": 17.11,
            "at_2021_last_all": 21.71,
            "at_2022_last_all": 16.18,
            "at_2023_last_all": 16.18
        },
        "latest_eps": -0.01,
        "latest_price": 9.91,
        "latest_roe": -1.5,
        "latest_gross_margin": 11.75,
        "latest_equity": 16978579,
        "latest_revenue": 1465990,
        "latest_gross_profit": 172252,
        "latest_net_income": -39769,
        "latest_debt_ratio": 57.82,
        "latest_current_ratio": 155.38,
        "latest_account_receivable_turnover_ratio": 0.98,
        "latest_inventory_turnover_ratio": 0.09,
        "latest_reinvestment_rate": 131.5,
        "latest_research_to_sale_ratio": 0
    },
    "eps_dividends": {
        "1999": {
            "cash": 0,
            "stock": 6,
            "eps": 0
        },
        "2000": {
            "cash": 2,
            "stock": 2,
            "eps": 0
        },
        "2001": {
            "cash": 0.7,
            "stock": 0,
            "eps": -0.22
        },
        "2002": {
            "cash": 0,
            "stock": 0,
            "eps": -0.36
        },
        "2003": {
            "cash": 0,
            "stock": 0,
            "eps": 0.09
        },
        "2004": {
            "cash": 0,
            "stock": 0,
            "eps": 0.49
        },
        "2005": {
            "cash": 0.5,
            "stock": 0,
            "eps": 1.03
        },
        "2006": {
            "cash": 0.5,
            "stock": 0.5,
            "eps": 2.16
        },
        "2007": {
            "cash": 0.8,
            "stock": 0.8,
            "eps": 0.78
        },
        "2008": {
            "cash": 0.29,
            "stock": 0.69,
            "eps": 0.48
        },
        "2009": {
            "cash": 0,
            "stock": 0.5,
            "eps": 1.96
        },
        "2010": {
            "cash": 0.3,
            "stock": 1,
            "eps": 2.31
        },
        "2011": {
            "cash": 0.5,
            "stock": 0.9,
            "eps": 1.27
        },
        "2012": {
            "cash": 0.2,
            "stock": 0.8,
            "eps": 3
        },
        "2013": {
            "cash": 0.5,
            "stock": 1,
            "eps": 1.01
        },
        "2014": {
            "cash": 0.5,
            "stock": 0,
            "eps": 1.63
        },
        "2015": {
            "cash": 0.8,
            "stock": 0,
            "eps": 0.2
        },
        "2016": {
            "cash": 0.5,
            "stock": 0,
            "eps": 0.18
        },
        "2017": {
            "cash": 0.5,
            "stock": 0,
            "eps": 0.94
        },
        "2018": {
            "cash": 0.7,
            "stock": 0,
            "eps": 0.1
        },
        "2019": {
            "cash": 0.4,
            "stock": 0,
            "eps": 1.13
        },
        "2020": {
            "cash": 0.6,
            "stock": 0,
            "eps": 0.14
        },
        "2021": {
            "cash": 0.33,
            "stock": 0,
            "eps": 0.42
        },
        "2022": {
            "cash": 0.3,
            "stock": 0,
            "eps": 0.07
        },
        "2023": {
            "cash": 0,
            "stock": 0,
            "eps": -0.01
        }
    },
    "dividends": {
        "1999-03-16": {
            "cash": 0,
            "stock": 6
        },
        "2000-04-12": {
            "cash": 2,
            "stock": 2
        },
        "2001-05-25": {
            "cash": 0.7,
            "stock": 0
        },
        "2005-03-23": {
            "cash": 0.5,
            "stock": 0
        },
        "2006-05-05": {
            "cash": 0.5,
            "stock": 0.5
        },
        "2007-04-03": {
            "cash": 0.8,
            "stock": 0.8
        },
        "2008-04-29": {
            "cash": 0.29,
            "stock": 0.69
        },
        "2009-04-01": {
            "cash": 0,
            "stock": 0.5
        },
        "2010-04-26": {
            "cash": 0.3,
            "stock": 1
        },
        "2011-04-22": {
            "cash": 0.5,
            "stock": 0.9
        },
        "2012-06-18": {
            "cash": 0.2,
            "stock": 0.8
        },
        "2013-06-05": {
            "cash": 0.5,
            "stock": 1
        },
        "2014-08-15": {
            "cash": 0.5,
            "stock": 0
        },
        "2015-09-04": {
            "cash": 0.8,
            "stock": 0
        },
        "2016-08-05": {
            "cash": 0.5,
            "stock": 0
        },
        "2017-07-26": {
            "cash": 0.5,
            "stock": 0
        },
        "2018-08-17": {
            "cash": 0.7,
            "stock": 0
        },
        "2019-07-29": {
            "cash": 0.4,
            "stock": 0
        },
        "2020-09-15": {
            "cash": 0.6,
            "stock": 0
        },
        "2021-10-08": {
            "cash": 0.33,
            "stock": 0
        },
        "2022-10-07": {
            "cash": 0.3,
            "stock": 0
        }
    },
    "prices": {
        "200101": "5.65",
        "200102": "6.72",
        "200103": "6.45",
        "200104": "5.65",
        "200105": "4.61",
        "200106": "3.64",
        "200107": "2.67",
        "200108": "2.95",
        "200109": "2.70",
        "200110": "2.10",
        "200111": "1.87",
        "200112": "2.69",
        "200201": "3.93",
        "200202": "3.94",
        "200203": "4.86",
        "200204": "6.67",
        "200205": "7.15",
        "200206": "6.06",
        "200207": "4.97",
        "200208": "3.98",
        "200209": "3.29",
        "200210": "3.04",
        "200211": "3.41",
        "200212": "3.72",
        "200301": "4.62",
        "200302": "5.03",
        "200303": "4.49",
        "200304": "4.68",
        "200305": "4.46",
        "200306": "4.72",
        "200307": "5.88",
        "200308": "6.47",
        "200309": "7.31",
        "200310": "10.58",
        "200311": "9.78",
        "200312": "9.44",
        "200401": "12.24",
        "200402": "13.09",
        "200403": "12.17",
        "200404": "10.86",
        "200405": "10.09",
        "200406": "11.23",
        "200407": "10.34",
        "200408": "10.30",
        "200409": "11.37",
        "200410": "11.56",
        "200411": "10.59",
        "200412": "11.30",
        "200501": "11.00",
        "200502": "10.28",
        "200503": "10.01",
        "200504": "9.89",
        "200505": "10.50",
        "200506": "11.07",
        "200507": "10.32",
        "200508": "10.18",
        "200509": "9.81",
        "200510": "8.34",
        "200511": "7.89",
        "200512": "9.96",
        "200601": "10.61",
        "200602": "10.73",
        "200603": "10.42",
        "200604": "14.09",
        "200605": "24.65",
        "200606": "22.95",
        "200607": "21.69",
        "200608": "17.83",
        "200609": "14.48",
        "200610": "17.88",
        "200611": "22.29",
        "200612": "24.47",
        "200701": "21.60",
        "200702": "23.41",
        "200703": "25.00",
        "200704": "24.37",
        "200705": "22.86",
        "200706": "22.04",
        "200707": "25.49",
        "200708": "20.99",
        "200709": "18.60",
        "200710": "17.51",
        "200711": "15.43",
        "200712": "13.17",
        "200801": "14.72",
        "200802": "18.16",
        "200803": "22.55",
        "200804": "28.52",
        "200805": "28.33",
        "200806": "21.07",
        "200807": "16.95",
        "200808": "12.93",
        "200809": "7.46",
        "200810": "5.25",
        "200811": "5.55",
        "200812": "5.37",
        "200901": "5.07",
        "200902": "4.58",
        "200903": "6.07",
        "200904": "9.98",
        "200905": "12.85",
        "200906": "14.49",
        "200907": "15.84",
        "200908": "13.10",
        "200909": "13.91",
        "200910": "16.97",
        "200911": "15.88",
        "200912": "16.89",
        "201001": "18.26",
        "201002": "15.11",
        "201003": "16.10",
        "201004": "16.07",
        "201005": "14.55",
        "201006": "14.14",
        "201007": "14.72",
        "201008": "15.97",
        "201009": "16.59",
        "201010": "18.54",
        "201011": "18.30",
        "201012": "18.82",
        "201101": "18.37",
        "201102": "17.08",
        "201103": "15.12",
        "201104": "15.41",
        "201105": "16.20",
        "201106": "16.54",
        "201107": "17.70",
        "201108": "15.43",
        "201109": "12.02",
        "201110": "12.10",
        "201111": "11.87",
        "201112": "10.38",
        "201201": "10.63",
        "201202": "12.98",
        "201203": "14.72",
        "201204": "12.80",
        "201205": "11.77",
        "201206": "12.09",
        "201207": "14.09",
        "201208": "14.02",
        "201209": "15.01",
        "201210": "14.16",
        "201211": "14.30",
        "201212": "14.91",
        "201301": "15.72",
        "201302": "15.91",
        "201303": "16.00",
        "201304": "15.66",
        "201305": "15.76",
        "201306": "15.76",
        "201307": "15.76",
        "201308": "14.85",
        "201309": "12.98",
        "201310": "12.80",
        "201311": "13.43",
        "201312": "13.27",
        "201401": "13.12",
        "201402": "13.18",
        "201403": "13.41",
        "201404": "14.59",
        "201405": "14.68",
        "201406": "14.23",
        "201407": "13.43",
        "201408": "13.20",
        "201409": "13.18",
        "201410": "12.90",
        "201411": "13.14",
        "201412": "13.83",
        "201501": "13.58",
        "201502": "13.33",
        "201503": "13.35",
        "201504": "13.30",
        "201505": "12.36",
        "201506": "11.78",
        "201507": "11.51",
        "201508": "9.96",
        "201509": "9.63",
        "201510": "10.32",
        "201511": "9.83",
        "201512": "9.22",
        "201601": "8.85",
        "201602": "9.30",
        "201603": "10.04",
        "201604": "9.40",
        "201605": "9.04",
        "201606": "9.14",
        "201607": "8.84",
        "201608": "9.06",
        "201609": "9.07",
        "201610": "8.76",
        "201611": "8.26",
        "201612": "8.04",
        "201701": "8.00",
        "201702": "8.61",
        "201703": "9.11",
        "201704": "9.32",
        "201705": "9.38",
        "201706": "10.10",
        "201707": "9.71",
        "201708": "9.63",
        "201709": "9.34",
        "201710": "9.39",
        "201711": "9.36",
        "201712": "9.37",
        "201801": "10.14",
        "201802": "9.65",
        "201803": "10.37",
        "201804": "12.48",
        "201805": "10.90",
        "201806": "10.94",
        "201807": "10.27",
        "201808": "10.22",
        "201809": "10.19",
        "201810": "9.26",
        "201811": "9.06",
        "201812": "9.10",
        "201901": "9.00",
        "201902": "9.11",
        "201903": "9.48",
        "201904": "9.28",
        "201905": "8.96",
        "201906": "9.25",
        "201907": "9.28",
        "201908": "9.88",
        "201909": "10.16",
        "201910": "10.75",
        "201911": "10.55",
        "201912": "10.33",
        "202001": "10.34",
        "202002": "9.81",
        "202003": "8.27",
        "202004": "8.77",
        "202005": "9.37",
        "202006": "9.87",
        "202007": "9.76",
        "202008": "9.36",
        "202009": "9.62",
        "202010": "10.11",
        "202011": "10.15",
        "202012": "10.17",
        "202101": "9.83",
        "202102": "9.99",
        "202103": "10.37",
        "202104": "10.73",
        "202105": "10.03",
        "202106": "9.60",
        "202107": "9.50",
        "202108": "9.13",
        "202109": "9.12",
        "202110": "9.02",
        "202111": "9.32",
        "202112": "9.36",
        "202201": "9.33",
        "202202": "9.30",
        "202203": "9.16",
        "202204": "9.34",
        "202205": "8.88",
        "202206": "8.77",
        "202207": "8.56",
        "202208": "8.93",
        "202209": "8.79",
        "202210": "8.43",
        "202211": "8.31",
        "202212": "8.59",
        "202301": "8.58",
        "202302": "9.19",
        "202303": "10.28",
        "202304": "9.84",
        "202305": "9.74"
    },
    "quarters": {
        "20011": {
            "year_quarter": 20011,
            "year": 2001,
            "quarter": 1,
            "eps": 0.04,
            "eps_growth_year": -91.49,
            "eps_4q": 0.02,
            "eps_4q_growth_year": -99.42,
            "roe": 0.21,
            "roe_4q": 0.21,
            "gross_profit": 11890,
            "gross_margin": 15.85,
            "gross_margin_4q_avg": 15.85,
            "net_income": 10248,
            "revenue": 75029,
            "common_shares": 2720000,
            "book_valuer_per_share": 17.63,
            "book_valuer_per_share_4q_avg": 17.63,
            "equity": 4794238,
            "current_ratio": 154.1,
            "debt_ratio": 50.24,
            "inventory_turnover_ratio": 0.01,
            "account_receivable_turnover_ratio": null,
            "reinvestment_rate": null,
            "research_to_sale_ratio": null,
            "price_fair": 0,
            "eps_avg_yearly": 0,
            "eps_latest_yearly": 0,
            "eps_growth_yearly": 0
        },
        "20012": {
            "year_quarter": 20012,
            "year": 2001,
            "quarter": 2,
            "eps": -0.02,
            "eps_growth_year": -106.25,
            "eps_4q": -0.35,
            "eps_4q_growth_year": -111.39,
            "roe": -0.14,
            "roe_4q": 0.06999999999999998,
            "gross_profit": 8689,
            "gross_margin": 10.96,
            "gross_margin_4q_avg": 13.41,
            "net_income": -6667,
            "revenue": 79270,
            "common_shares": 2720000,
            "book_valuer_per_share": 16.88,
            "book_valuer_per_share_4q_avg": 17.26,
            "equity": 4590266,
            "current_ratio": 143.28,
            "debt_ratio": 54.87,
            "inventory_turnover_ratio": 0.01,
            "account_receivable_turnover_ratio": null,
            "reinvestment_rate": null,
            "research_to_sale_ratio": null,
            "price_fair": 0,
            "eps_avg_yearly": 0,
            "eps_latest_yearly": 0,
            "eps_growth_yearly": 0
        },
        "20013": {
            "year_quarter": 20013,
            "year": 2001,
            "quarter": 3,
            "eps": -0.13,
            "eps_growth_year": -208.33,
            "eps_4q": -0.61,
            "eps_4q_growth_year": -135.03,
            "roe": -0.8,
            "roe_4q": -0.7300000000000001,
            "gross_profit": 10302,
            "gross_margin": 10.08,
            "gross_margin_4q_avg": 12.3,
            "net_income": -36450,
            "revenue": 102222,
            "common_shares": 2720000,
            "book_valuer_per_share": 16.74,
            "book_valuer_per_share_4q_avg": 17.08,
            "equity": 4553816,
            "current_ratio": 143.89,
            "debt_ratio": 54.58,
            "inventory_turnover_ratio": 0.01,
            "account_receivable_turnover_ratio": null,
            "reinvestment_rate": null,
            "research_to_sale_ratio": null,
            "price_fair": 0,
            "eps_avg_yearly": 0,
            "eps_latest_yearly": 0,
            "eps_growth_yearly": 0
        },
        "20014": {
            "year_quarter": 20014,
            "year": 2001,
            "quarter": 4,
            "eps": -0.11,
            "eps_growth_year": null,
            "eps_4q": -0.23,
            "eps_4q_growth_year": -160.53,
            "roe": -0.64,
            "roe_4q": -1.37,
            "gross_profit": 1425,
            "gross_margin": 2.24,
            "gross_margin_4q_avg": 9.78,
            "net_income": -29039,
            "revenue": 63659,
            "common_shares": 2720000,
            "book_valuer_per_share": 16.64,
            "book_valuer_per_share_4q_avg": 16.97,
            "equity": 4524777,
            "current_ratio": 141.95,
            "debt_ratio": 56.03,
            "inventory_turnover_ratio": 0.01,
            "account_receivable_turnover_ratio": null,
            "reinvestment_rate": null,
            "research_to_sale_ratio": null,
            "price_fair": 0,
            "eps_avg_yearly": 0,
            "eps_latest_yearly": 0,
            "eps_growth_yearly": 0
        },
        "20021": {
            "year_quarter": 20021,
            "year": 2002,
            "quarter": 1,
            "eps": 0.04,
            "eps_growth_year": 0,
            "eps_4q": -0.26,
            "eps_4q_growth_year": -1427.5,
            "roe": 0.21,
            "roe_4q": -1.37,
            "gross_profit": 2741,
            "gross_margin": 1.46,
            "gross_margin_4q_avg": 6.19,
            "net_income": 9548,
            "revenue": 187119,
            "common_shares": 2720000,
            "book_valuer_per_share": 16.64,
            "book_valuer_per_share_4q_avg": 16.73,
            "equity": 4525013,
            "current_ratio": 140.86,
            "debt_ratio": 56.65,
            "inventory_turnover_ratio": 0.02,
            "account_receivable_turnover_ratio": null,
            "reinvestment_rate": null,
            "research_to_sale_ratio": null,
            "price_fair": 0,
            "eps_avg_yearly": 0,
            "eps_latest_yearly": 0,
            "eps_growth_yearly": 0
        },
        "20022": {
            "year_quarter": 20022,
            "year": 2002,
            "quarter": 2,
            "eps": -0.19,
            "eps_growth_year": null,
            "eps_4q": -0.4,
            "eps_4q_growth_year": null,
            "roe": -1.15,
            "roe_4q": -2.38,
            "gross_profit": -7819,
            "gross_margin": -7.85,
            "gross_margin_4q_avg": 1.48,
            "net_income": -51705,
            "revenue": 99632,
            "common_shares": 2720000,
            "book_valuer_per_share": 16.45,
            "book_valuer_per_share_4q_avg": 16.62,
            "equity": 4473308,
            "current_ratio": 152.36,
            "debt_ratio": 57.01,
            "inventory_turnover_ratio": 0.01,
            "account_receivable_turnover_ratio": null,
            "reinvestment_rate": null,
            "research_to_sale_ratio": null,
            "price_fair": 0,
            "eps_avg_yearly": 0,
            "eps_latest_yearly": 0,
            "eps_growth_yearly": 0
        },
        "20023": {
            "year_quarter": 20023,
            "year": 2002,
            "quarter": 3,
            "eps": -0.11,
            "eps_growth_year": null,
            "eps_4q": -0.37,
            "eps_4q_growth_year": null,
            "roe": -0.68,
            "roe_4q": -2.2600000000000002,
            "gross_profit": -17851,
            "gross_margin": -9.04,
            "gross_margin_4q_avg": -3.3,
            "net_income": -30386,
            "revenue": 197452,
            "common_shares": 2720000,
            "book_valuer_per_share": 16.33,
            "book_valuer_per_share_4q_avg": 16.52,
            "equity": 4442922,
            "current_ratio": 140.94,
            "debt_ratio": 57.58,
            "inventory_turnover_ratio": 0.03,
            "account_receivable_turnover_ratio": null,
            "reinvestment_rate": null,
            "research_to_sale_ratio": null,
            "price_fair": 0,
            "eps_avg_yearly": 0,
            "eps_latest_yearly": 0,
            "eps_growth_yearly": 0
        },
        "20024": {
            "year_quarter": 20024,
            "year": 2002,
            "quarter": 4,
            "eps": -0.1,
            "eps_growth_year": null,
            "eps_4q": -0.37,
            "eps_4q_growth_year": null,
            "roe": -0.6,
            "roe_4q": -2.2199999999999998,
            "gross_profit": 26143,
            "gross_margin": 3.25,
            "gross_margin_4q_avg": -3.05,
            "net_income": -26572,
            "revenue": 805339,
            "common_shares": 2720000,
            "book_valuer_per_share": 16.24,
            "book_valuer_per_share_4q_avg": 16.42,
            "equity": 4416350,
            "current_ratio": 148.6,
            "debt_ratio": 56.92,
            "inventory_turnover_ratio": 0.11,
            "account_receivable_turnover_ratio": null,
            "reinvestment_rate": 67.9,
            "research_to_sale_ratio": null,
            "price_fair": 0,
            "eps_avg_yearly": 0,
            "eps_latest_yearly": 0,
            "eps_growth_yearly": 0
        },
        "20031": {
            "year_quarter": 20031,
            "year": 2003,
            "quarter": 1,
            "eps": -0.16,
            "eps_growth_year": -500,
            "eps_4q": -0.57,
            "eps_4q_growth_year": null,
            "roe": -0.96,
            "roe_4q": -3.39,
            "gross_profit": 30183,
            "gross_margin": 4.73,
            "gross_margin_4q_avg": -2.23,
            "net_income": -42336,
            "revenue": 637756,
            "common_shares": 2720000,
            "book_valuer_per_share": 16.08,
            "book_valuer_per_share_4q_avg": 16.28,
            "equity": 4374014,
            "current_ratio": 132.65,
            "debt_ratio": 55.07,
            "inventory_turnover_ratio": 0.09,
            "account_receivable_turnover_ratio": null,
            "reinvestment_rate": 261.5,
            "research_to_sale_ratio": null,
            "price_fair": 0,
            "eps_avg_yearly": 0,
            "eps_latest_yearly": 0,
            "eps_growth_yearly": 0
        },
        "20032": {
            "year_quarter": 20032,
            "year": 2003,
            "quarter": 2,
            "eps": 0.09,
            "eps_growth_year": null,
            "eps_4q": -0.29,
            "eps_4q_growth_year": null,
            "roe": 0.54,
            "roe_4q": -1.7000000000000002,
            "gross_profit": 86156,
            "gross_margin": 6.08,
            "gross_margin_4q_avg": 1.26,
            "net_income": 23656,
            "revenue": 1415917,
            "common_shares": 2720000,
            "book_valuer_per_share": 16.17,
            "book_valuer_per_share_4q_avg": 16.21,
            "equity": 4397670,
            "current_ratio": 133.45,
            "debt_ratio": 49.3,
            "inventory_turnover_ratio": 0.26,
            "account_receivable_turnover_ratio": null,
            "reinvestment_rate": 241.09,
            "research_to_sale_ratio": null,
            "price_fair": 0,
            "eps_avg_yearly": 0,
            "eps_latest_yearly": 0,
            "eps_growth_yearly": 0
        },
        "20033": {
            "year_quarter": 20033,
            "year": 2003,
            "quarter": 3,
            "eps": 0.1,
            "eps_growth_year": null,
            "eps_4q": -0.07,
            "eps_4q_growth_year": null,
            "roe": 0.62,
            "roe_4q": -0.3999999999999998,
            "gross_profit": 49775,
            "gross_margin": 10.17,
            "gross_margin_4q_avg": 6.06,
            "net_income": 27279,
            "revenue": 489242,
            "common_shares": 2720000,
            "book_valuer_per_share": 16.27,
            "book_valuer_per_share_4q_avg": 16.19,
            "equity": 4424949,
            "current_ratio": 133.48,
            "debt_ratio": 47.84,
            "inventory_turnover_ratio": 0.1,
            "account_receivable_turnover_ratio": null,
            "reinvestment_rate": 729.45,
            "research_to_sale_ratio": null,
            "price_fair": 14,
            "eps_avg_yearly": 0.4,
            "eps_latest_yearly": 0.4,
            "eps_growth_yearly": 44.44
        },
        "20034": {
            "year_quarter": 20034,
            "year": 2003,
            "quarter": 4,
            "eps": 0.06,
            "eps_growth_year": null,
            "eps_4q": 0.09,
            "eps_4q_growth_year": null,
            "roe": 0.39,
            "roe_4q": 0.5900000000000001,
            "gross_profit": 23688,
            "gross_margin": 19.38,
            "gross_margin_4q_avg": 10.09,
            "net_income": 17449,
            "revenue": 122212,
            "common_shares": 2720000,
            "book_valuer_per_share": 16.33,
            "book_valuer_per_share_4q_avg": 16.21,
            "equity": 4441789,
            "current_ratio": 138.82,
            "debt_ratio": 51.21,
            "inventory_turnover_ratio": 0.02,
            "account_receivable_turnover_ratio": null,
            "reinvestment_rate": null,
            "research_to_sale_ratio": null,
            "price_fair": 0.96,
            "eps_avg_yearly": 0.32,
            "eps_latest_yearly": 0.24,
            "eps_growth_yearly": -57.78
        },
        "20041": {
            "year_quarter": 20041,
            "year": 2004,
            "quarter": 1,
            "eps": 0.13,
            "eps_growth_year": null,
            "eps_4q": 0.38,
            "eps_4q_growth_year": null,
            "roe": 0.81,
            "roe_4q": 2.3600000000000003,
            "gross_profit": 69486,
            "gross_margin": 28.7,
            "gross_margin_4q_avg": 16.08,
            "net_income": 36136,
            "revenue": 242142,
            "common_shares": 2720000,
            "book_valuer_per_share": 16.46,
            "book_valuer_per_share_4q_avg": 16.31,
            "equity": 4477925,
            "current_ratio": 145.03,
            "debt_ratio": 53.68,
            "inventory_turnover_ratio": 0.03,
            "account_receivable_turnover_ratio": null,
            "reinvestment_rate": null,
            "research_to_sale_ratio": null,
            "price_fair": 13.53,
            "eps_avg_yearly": 0.39,
            "eps_latest_yearly": 0.52,
            "eps_growth_yearly": 117.04
        },
        "20042": {
            "year_quarter": 20042,
            "year": 2004,
            "quarter": 2,
            "eps": -0.07,
            "eps_growth_year": -177.78,
            "eps_4q": 0.22,
            "eps_4q_growth_year": null,
            "roe": -0.44,
            "roe_4q": 1.38,
            "gross_profit": 68347,
            "gross_margin": 8.6,
            "gross_margin_4q_avg": 16.71,
            "net_income": -19789,
            "revenue": 794481,
            "common_shares": 2720000,
            "book_valuer_per_share": 16.39,
            "book_valuer_per_share_4q_avg": 16.36,
            "equity": 4458480,
            "current_ratio": 132.28,
            "debt_ratio": 54.13,
            "inventory_turnover_ratio": 0.13,
            "account_receivable_turnover_ratio": null,
            "reinvestment_rate": null,
            "research_to_sale_ratio": null,
            "price_fair": 13.53,
            "eps_avg_yearly": 0.39,
            "eps_latest_yearly": 0.52,
            "eps_growth_yearly": 117.04
        },
        "20043": {
            "year_quarter": 20043,
            "year": 2004,
            "quarter": 3,
            "eps": 0.23,
            "eps_growth_year": 130,
            "eps_4q": 0.35,
            "eps_4q_growth_year": null,
            "roe": 1.39,
            "roe_4q": 2.15,
            "gross_profit": 153015,
            "gross_margin": 21.5,
            "gross_margin_4q_avg": 19.55,
            "net_income": 62250,
            "revenue": 711590,
            "common_shares": 2720000,
            "book_valuer_per_share": 16.62,
            "book_valuer_per_share_4q_avg": 16.45,
            "equity": 4520730,
            "current_ratio": 149.88,
            "debt_ratio": 65.65,
            "inventory_turnover_ratio": 0.08,
            "account_receivable_turnover_ratio": null,
            "reinvestment_rate": null,
            "research_to_sale_ratio": null,
            "price_fair": 13.53,
            "eps_avg_yearly": 0.39,
            "eps_latest_yearly": 0.52,
            "eps_growth_yearly": 117.04
        },
        "20044": {
            "year_quarter": 20044,
            "year": 2004,
            "quarter": 4,
            "eps": 0.2,
            "eps_growth_year": 233.33,
            "eps_4q": 0.49,
            "eps_4q_growth_year": 444.69,
            "roe": 1.2,
            "roe_4q": 2.96,
            "gross_profit": 158438,
            "gross_margin": 18.85,
            "gross_margin_4q_avg": 19.41,
            "net_income": 54607,
            "revenue": 840575,
            "common_shares": 2720000,
            "book_valuer_per_share": 16.82,
            "book_valuer_per_share_4q_avg": 16.57,
            "equity": 4575337,
            "current_ratio": 116.45,
            "debt_ratio": 63.06,
            "inventory_turnover_ratio": 0.09,
            "account_receivable_turnover_ratio": null,
            "reinvestment_rate": null,
            "research_to_sale_ratio": null,
            "price_fair": 17.15,
            "eps_avg_yearly": 0.49,
            "eps_latest_yearly": 0.8,
            "eps_growth_yearly": 74.73
        },
        "20051": {
            "year_quarter": 20051,
            "year": 2005,
            "quarter": 1,
            "eps": 0.34,
            "eps_growth_year": 161.54,
            "eps_4q": 0.7,
            "eps_4q_growth_year": 86.44,
            "roe": 1.98,
            "roe_4q": 4.129999999999999,
            "gross_profit": 164352,
            "gross_margin": 23.13,
            "gross_margin_4q_avg": 18.02,
            "net_income": 91411,
            "revenue": 710702,
            "common_shares": 2720000,
            "book_valuer_per_share": 17.16,
            "book_valuer_per_share_4q_avg": 16.75,
            "equity": 4666748,
            "current_ratio": 119.05,
            "debt_ratio": 60.92,
            "inventory_turnover_ratio": 0.07,
            "account_receivable_turnover_ratio": null,
            "reinvestment_rate": 1761.59,
            "research_to_sale_ratio": null,
            "price_fair": 23.24,
            "eps_avg_yearly": 0.66,
            "eps_latest_yearly": 1.36,
            "eps_growth_yearly": 115.79
        },
        "20052": {
            "year_quarter": 20052,
            "year": 2005,
            "quarter": 2,
            "eps": 0.26,
            "eps_growth_year": null,
            "eps_4q": 1.04,
            "eps_4q_growth_year": 361.43,
            "roe": 1.51,
            "roe_4q": 6.08,
            "gross_profit": 175550,
            "gross_margin": 22.51,
            "gross_margin_4q_avg": 21.5,
            "net_income": 69772,
            "revenue": 779979,
            "common_shares": 2720000,
            "book_valuer_per_share": 16.9,
            "book_valuer_per_share_4q_avg": 16.88,
            "equity": 4595587,
            "current_ratio": 117.41,
            "debt_ratio": 61.09,
            "inventory_turnover_ratio": 0.08,
            "account_receivable_turnover_ratio": null,
            "reinvestment_rate": 893.11,
            "research_to_sale_ratio": null,
            "price_fair": 25.43,
            "eps_avg_yearly": 0.73,
            "eps_latest_yearly": 1.04,
            "eps_growth_yearly": 80.8
        },
        "20053": {
            "year_quarter": 20053,
            "year": 2005,
            "quarter": 3,
            "eps": 0.1,
            "eps_growth_year": -56.52,
            "eps_4q": 0.9,
            "eps_4q_growth_year": 154.22,
            "roe": 0.58,
            "roe_4q": 5.2700000000000005,
            "gross_profit": 93609,
            "gross_margin": 19.32,
            "gross_margin_4q_avg": 20.95,
            "net_income": 26901,
            "revenue": 484641,
            "common_shares": 2720000,
            "book_valuer_per_share": 16.99,
            "book_valuer_per_share_4q_avg": 16.97,
            "equity": 4622488,
            "current_ratio": 113.97,
            "debt_ratio": 64.77,
            "inventory_turnover_ratio": 0.05,
            "account_receivable_turnover_ratio": null,
            "reinvestment_rate": 627.5,
            "research_to_sale_ratio": null,
            "price_fair": 23.8,
            "eps_avg_yearly": 0.68,
            "eps_latest_yearly": 0.4,
            "eps_growth_yearly": 34.1
        },
        "20054": {
            "year_quarter": 20054,
            "year": 2005,
            "quarter": 4,
            "eps": 0.33,
            "eps_growth_year": 65,
            "eps_4q": 1.02,
            "eps_4q_growth_year": 109.08,
            "roe": 1.87,
            "roe_4q": 5.9399999999999995,
            "gross_profit": 209780,
            "gross_margin": 26.68,
            "gross_margin_4q_avg": 22.91,
            "net_income": 89948,
            "revenue": 786136,
            "common_shares": 2720000,
            "book_valuer_per_share": 17.33,
            "book_valuer_per_share_4q_avg": 17.1,
            "equity": 4993286,
            "current_ratio": 117.71,
            "debt_ratio": 64.83,
            "inventory_turnover_ratio": 0.07,
            "account_receivable_turnover_ratio": null,
            "reinvestment_rate": 418.03,
            "research_to_sale_ratio": null,
            "price_fair": 26.6,
            "eps_avg_yearly": 0.76,
            "eps_latest_yearly": 1.32,
            "eps_growth_yearly": 144.83
        },
        "20061": {
            "year_quarter": 20061,
            "year": 2006,
            "quarter": 1,
            "eps": 0.02,
            "eps_growth_year": -94.12,
            "eps_4q": 0.94,
            "eps_4q_growth_year": 34.12,
            "roe": 0.08,
            "roe_4q": 4.04,
            "gross_profit": 68264,
            "gross_margin": 33.01,
            "gross_margin_4q_avg": 25.38,
            "net_income": 4056,
            "revenue": 206827,
            "common_shares": 2720000,
            "book_valuer_per_share": 17.35,
            "book_valuer_per_share_4q_avg": 17.14,
            "equity": 4718238,
            "current_ratio": 107.12,
            "debt_ratio": 68.52,
            "inventory_turnover_ratio": 0.01,
            "account_receivable_turnover_ratio": null,
            "reinvestment_rate": 412.84,
            "research_to_sale_ratio": null,
            "price_fair": 23.96,
            "eps_avg_yearly": 0.68,
            "eps_latest_yearly": 0.08,
            "eps_growth_yearly": 86.99
        },
        "20062": {
            "year_quarter": 20062,
            "year": 2006,
            "quarter": 2,
            "eps": 0.61,
            "eps_growth_year": 134.62,
            "eps_4q": 1.04,
            "eps_4q_growth_year": 0.41,
            "roe": 3.62,
            "roe_4q": 6.15,
            "gross_profit": 113227,
            "gross_margin": 34.14,
            "gross_margin_4q_avg": 28.29,
            "net_income": 171400,
            "revenue": 331657,
            "common_shares": 2720000,
            "book_valuer_per_share": 17.48,
            "book_valuer_per_share_4q_avg": 17.29,
            "equity": 4754225,
            "current_ratio": 107.07,
            "debt_ratio": 68.52,
            "inventory_turnover_ratio": 0.02,
            "account_receivable_turnover_ratio": null,
            "reinvestment_rate": 226.75,
            "research_to_sale_ratio": null,
            "price_fair": 30.1,
            "eps_avg_yearly": 0.86,
            "eps_latest_yearly": 2.44,
            "eps_growth_yearly": 1258.29
        },
        "20063": {
            "year_quarter": 20063,
            "year": 2006,
            "quarter": 3,
            "eps": 1.28,
            "eps_growth_year": 1180,
            "eps_4q": 2.22,
            "eps_4q_growth_year": 146.27,
            "roe": 7.31,
            "roe_4q": 12.879999999999999,
            "gross_profit": 174072,
            "gross_margin": 23.39,
            "gross_margin_4q_avg": 29.31,
            "net_income": 360739,
            "revenue": 744241,
            "common_shares": 2856000,
            "book_valuer_per_share": 17.92,
            "book_valuer_per_share_4q_avg": 17.52,
            "equity": 5116701,
            "current_ratio": 114.25,
            "debt_ratio": 66.3,
            "inventory_turnover_ratio": 0.06,
            "account_receivable_turnover_ratio": null,
            "reinvestment_rate": 74.68,
            "research_to_sale_ratio": null,
            "price_fair": 43.65,
            "eps_avg_yearly": 1.25,
            "eps_latest_yearly": 5.12,
            "eps_growth_yearly": 1183.84
        },
        "20064": {
            "year_quarter": 20064,
            "year": 2006,
            "quarter": 4,
            "eps": 0.25,
            "eps_growth_year": -24.24,
            "eps_4q": 2.15,
            "eps_4q_growth_year": 110.59,
            "roe": 1.33,
            "roe_4q": 12.340000000000002,
            "gross_profit": 279028,
            "gross_margin": 23.3,
            "gross_margin_4q_avg": 28.46,
            "net_income": 70621,
            "revenue": 1197318,
            "common_shares": 2856000,
            "book_valuer_per_share": 18.16,
            "book_valuer_per_share_4q_avg": 17.73,
            "equity": 5516714,
            "current_ratio": 116.36,
            "debt_ratio": 67.41,
            "inventory_turnover_ratio": 0.09,
            "account_receivable_turnover_ratio": null,
            "reinvestment_rate": 125.6,
            "research_to_sale_ratio": null,
            "price_fair": 42.93,
            "eps_avg_yearly": 1.23,
            "eps_latest_yearly": 1,
            "eps_growth_yearly": 1058.36
        },
        "20071": {
            "year_quarter": 20071,
            "year": 2007,
            "quarter": 1,
            "eps": 0.08,
            "eps_growth_year": 300,
            "eps_4q": 2.18,
            "eps_4q_growth_year": 131.37,
            "roe": 0.43,
            "roe_4q": 12.690000000000001,
            "gross_profit": 133377,
            "gross_margin": 21.98,
            "gross_margin_4q_avg": 25.7,
            "net_income": 23013,
            "revenue": 606947,
            "common_shares": 2856000,
            "book_valuer_per_share": 18.34,
            "book_valuer_per_share_4q_avg": 17.98,
            "equity": 5238665,
            "current_ratio": 126.38,
            "debt_ratio": 69.13,
            "inventory_turnover_ratio": 0.04,
            "account_receivable_turnover_ratio": null,
            "reinvestment_rate": -63.74,
            "research_to_sale_ratio": null,
            "price_fair": 40.49,
            "eps_avg_yearly": 1.16,
            "eps_latest_yearly": 0.32,
            "eps_growth_yearly": 956.03
        },
        "20072": {
            "year_quarter": 20072,
            "year": 2007,
            "quarter": 2,
            "eps": 0.4,
            "eps_growth_year": -34.43,
            "eps_4q": 1.88,
            "eps_4q_growth_year": 80.58,
            "roe": 2.37,
            "roe_4q": 11.440000000000001,
            "gross_profit": 252175,
            "gross_margin": 20.09,
            "gross_margin_4q_avg": 22.19,
            "net_income": 122920,
            "revenue": 1255408,
            "common_shares": 3084480,
            "book_valuer_per_share": 16.61,
            "book_valuer_per_share_4q_avg": 17.76,
            "equity": 5124818,
            "current_ratio": 118.17,
            "debt_ratio": 75.37,
            "inventory_turnover_ratio": 0.07,
            "account_receivable_turnover_ratio": null,
            "reinvestment_rate": -48.28,
            "research_to_sale_ratio": null,
            "price_fair": 41.6,
            "eps_avg_yearly": 1.19,
            "eps_latest_yearly": 1.6,
            "eps_growth_yearly": 1002.03
        },
        "20073": {
            "year_quarter": 20073,
            "year": 2007,
            "quarter": 3,
            "eps": -0.27,
            "eps_growth_year": -121.09,
            "eps_4q": 0.42,
            "eps_4q_growth_year": -81.07,
            "roe": -1.63,
            "roe_4q": 2.5,
            "gross_profit": 158398,
            "gross_margin": 21.23,
            "gross_margin_4q_avg": 21.65,
            "net_income": -84958,
            "revenue": 746032,
            "common_shares": 3129790,
            "book_valuer_per_share": 16.95,
            "book_valuer_per_share_4q_avg": 17.52,
            "equity": 5304763,
            "current_ratio": 117.47,
            "debt_ratio": 75.18,
            "inventory_turnover_ratio": 0.04,
            "account_receivable_turnover_ratio": null,
            "reinvestment_rate": -56.42,
            "research_to_sale_ratio": null,
            "price_fair": 43.72,
            "eps_avg_yearly": 1.25,
            "eps_latest_yearly": 1.6,
            "eps_growth_yearly": 1075.69
        },
        "20074": {
            "year_quarter": 20074,
            "year": 2007,
            "quarter": 4,
            "eps": 0.57,
            "eps_growth_year": 128,
            "eps_4q": 0.77,
            "eps_4q_growth_year": -64.17,
            "roe": 3.08,
            "roe_4q": 4.25,
            "gross_profit": 372274,
            "gross_margin": 21.71,
            "gross_margin_4q_avg": 21.25,
            "net_income": 174002,
            "revenue": 1714855,
            "common_shares": 3129790,
            "book_valuer_per_share": 17.81,
            "book_valuer_per_share_4q_avg": 17.43,
            "equity": 6003272,
            "current_ratio": 121.1,
            "debt_ratio": 73.96,
            "inventory_turnover_ratio": 0.08,
            "account_receivable_turnover_ratio": null,
            "reinvestment_rate": 114.73,
            "research_to_sale_ratio": null,
            "price_fair": 46.67,
            "eps_avg_yearly": 1.33,
            "eps_latest_yearly": 1.6,
            "eps_growth_yearly": 1178.66
        },
        "20081": {
            "year_quarter": 20081,
            "year": 2008,
            "quarter": 1,
            "eps": 0,
            "eps_growth_year": -100,
            "eps_4q": 0.59,
            "eps_4q_growth_year": -72.97,
            "roe": -0,
            "roe_4q": 3.8200000000000003,
            "gross_profit": 124746,
            "gross_margin": 26.13,
            "gross_margin_4q_avg": 22.29,
            "net_income": -141,
            "revenue": 477379,
            "common_shares": 3618903,
            "book_valuer_per_share": 17.75,
            "book_valuer_per_share_4q_avg": 17.28,
            "equity": 6859243,
            "current_ratio": 125.02,
            "debt_ratio": 70.09,
            "inventory_turnover_ratio": 0.02,
            "account_receivable_turnover_ratio": null,
            "reinvestment_rate": 169.61,
            "research_to_sale_ratio": null,
            "price_fair": 49.25,
            "eps_avg_yearly": 1.41,
            "eps_latest_yearly": 1.6,
            "eps_growth_yearly": 1243.39
        },
        "20082": {
            "year_quarter": 20082,
            "year": 2008,
            "quarter": 2,
            "eps": 0.05,
            "eps_growth_year": -87.5,
            "eps_4q": 0.32,
            "eps_4q_growth_year": -82.73,
            "roe": 0.24,
            "roe_4q": 1.6900000000000004,
            "gross_profit": 209756,
            "gross_margin": 22.09,
            "gross_margin_4q_avg": 22.79,
            "net_income": 16932,
            "revenue": 949550,
            "common_shares": 4035900,
            "book_valuer_per_share": 16.33,
            "book_valuer_per_share_4q_avg": 17.21,
            "equity": 7066173,
            "current_ratio": 118.03,
            "debt_ratio": 71.56,
            "inventory_turnover_ratio": 0.05,
            "account_receivable_turnover_ratio": null,
            "reinvestment_rate": 221.3,
            "research_to_sale_ratio": null,
            "price_fair": 49.25,
            "eps_avg_yearly": 1.41,
            "eps_latest_yearly": 1.6,
            "eps_growth_yearly": 1243.39
        },
        "20083": {
            "year_quarter": 20083,
            "year": 2008,
            "quarter": 3,
            "eps": 0.18,
            "eps_growth_year": null,
            "eps_4q": 0.77,
            "eps_4q_growth_year": 82.12,
            "roe": 0.86,
            "roe_4q": 4.18,
            "gross_profit": 203991,
            "gross_margin": 23.03,
            "gross_margin_4q_avg": 23.24,
            "net_income": 60861,
            "revenue": 885608,
            "common_shares": 3779394,
            "book_valuer_per_share": 17.62,
            "book_valuer_per_share_4q_avg": 17.38,
            "equity": 7143012,
            "current_ratio": 112.86,
            "debt_ratio": 72.55,
            "inventory_turnover_ratio": 0.04,
            "account_receivable_turnover_ratio": null,
            "reinvestment_rate": 279.92,
            "research_to_sale_ratio": null,
            "price_fair": 47.25,
            "eps_avg_yearly": 1.35,
            "eps_latest_yearly": 0.72,
            "eps_growth_yearly": 1226.44
        },
        "20084": {
            "year_quarter": 20084,
            "year": 2008,
            "quarter": 4,
            "eps": 0.25,
            "eps_growth_year": -56.14,
            "eps_4q": 0.52,
            "eps_4q_growth_year": -32,
            "roe": 1.2,
            "roe_4q": 2.3,
            "gross_profit": 251394,
            "gross_margin": 21.91,
            "gross_margin_4q_avg": 23.29,
            "net_income": 86533,
            "revenue": 1147346,
            "common_shares": 4038678,
            "book_valuer_per_share": 16.73,
            "book_valuer_per_share_4q_avg": 17.11,
            "equity": 7274977,
            "current_ratio": 114.8,
            "debt_ratio": 71.82,
            "inventory_turnover_ratio": 0.05,
            "account_receivable_turnover_ratio": 17.89,
            "reinvestment_rate": -14.88,
            "research_to_sale_ratio": null,
            "price_fair": 47.83,
            "eps_avg_yearly": 1.37,
            "eps_latest_yearly": 1,
            "eps_growth_yearly": 1243.75
        },
        "20091": {
            "year_quarter": 20091,
            "year": 2009,
            "quarter": 1,
            "eps": 0.16,
            "eps_growth_year": null,
            "eps_4q": 0.63,
            "eps_4q_growth_year": 7.71,
            "roe": 0.84,
            "roe_4q": 3.1399999999999997,
            "gross_profit": 263663,
            "gross_margin": 19,
            "gross_margin_4q_avg": 21.51,
            "net_income": 61829,
            "revenue": 1387805,
            "common_shares": 4038678,
            "book_valuer_per_share": 16.92,
            "book_valuer_per_share_4q_avg": 16.9,
            "equity": 7361534,
            "current_ratio": 119.12,
            "debt_ratio": 70.35,
            "inventory_turnover_ratio": 0.07,
            "account_receivable_turnover_ratio": 11.05,
            "reinvestment_rate": -15.85,
            "research_to_sale_ratio": null,
            "price_fair": 45.73,
            "eps_avg_yearly": 1.31,
            "eps_latest_yearly": 0.64,
            "eps_growth_yearly": 1208.42
        },
        "20092": {
            "year_quarter": 20092,
            "year": 2009,
            "quarter": 2,
            "eps": 0.38,
            "eps_growth_year": 660,
            "eps_4q": 0.95,
            "eps_4q_growth_year": 193.42,
            "roe": 2.01,
            "roe_4q": 4.91,
            "gross_profit": 225941,
            "gross_margin": 26.97,
            "gross_margin_4q_avg": 22.73,
            "net_income": 149695,
            "revenue": 837627,
            "common_shares": 4248746,
            "book_valuer_per_share": 16.46,
            "book_valuer_per_share_4q_avg": 16.93,
            "equity": 7562619,
            "current_ratio": 121.74,
            "debt_ratio": 68.95,
            "inventory_turnover_ratio": 0.04,
            "account_receivable_turnover_ratio": 4.76,
            "reinvestment_rate": -18.89,
            "research_to_sale_ratio": null,
            "price_fair": 47.13,
            "eps_avg_yearly": 1.35,
            "eps_latest_yearly": 1.52,
            "eps_growth_yearly": 1262.09
        },
        "20093": {
            "year_quarter": 20093,
            "year": 2009,
            "quarter": 3,
            "eps": 0.25,
            "eps_growth_year": 38.89,
            "eps_4q": 0.99,
            "eps_4q_growth_year": 29.19,
            "roe": 1.35,
            "roe_4q": 5.4,
            "gross_profit": 199728,
            "gross_margin": 28.47,
            "gross_margin_4q_avg": 24.09,
            "net_income": 105350,
            "revenue": 701601,
            "common_shares": 4312343,
            "book_valuer_per_share": 17.49,
            "book_valuer_per_share_4q_avg": 16.9,
            "equity": 8035654,
            "current_ratio": 133.99,
            "debt_ratio": 65.85,
            "inventory_turnover_ratio": 0.04,
            "account_receivable_turnover_ratio": 5.02,
            "reinvestment_rate": -16.85,
            "research_to_sale_ratio": null,
            "price_fair": 48.88,
            "eps_avg_yearly": 1.4,
            "eps_latest_yearly": 1,
            "eps_growth_yearly": 1271.2
        },
        "20094": {
            "year_quarter": 20094,
            "year": 2009,
            "quarter": 4,
            "eps": 1.17,
            "eps_growth_year": 368,
            "eps_4q": 1.73,
            "eps_4q_growth_year": 231.26,
            "roe": 5.92,
            "roe_4q": 10.12,
            "gross_profit": 693757,
            "gross_margin": 40.8,
            "gross_margin_4q_avg": 28.81,
            "net_income": 505575,
            "revenue": 1700590,
            "common_shares": 4804689,
            "book_valuer_per_share": 17.86,
            "book_valuer_per_share_4q_avg": 17.18,
            "equity": 9053177,
            "current_ratio": 137.44,
            "debt_ratio": 63.59,
            "inventory_turnover_ratio": 0.08,
            "account_receivable_turnover_ratio": 6.09,
            "reinvestment_rate": -17.31,
            "research_to_sale_ratio": null,
            "price_fair": 58.68,
            "eps_avg_yearly": 1.68,
            "eps_latest_yearly": 4.68,
            "eps_growth_yearly": 1317.2
        },
        "20101": {
            "year_quarter": 20101,
            "year": 2010,
            "quarter": 1,
            "eps": 0.2,
            "eps_growth_year": 25,
            "eps_4q": 1.76,
            "eps_4q_growth_year": 178.23,
            "roe": 1.1,
            "roe_4q": 10.379999999999999,
            "gross_profit": 224810,
            "gross_margin": 46.49,
            "gross_margin_4q_avg": 35.68,
            "net_income": 100863,
            "revenue": 483581,
            "common_shares": 4920288,
            "book_valuer_per_share": 17.82,
            "book_valuer_per_share_4q_avg": 17.41,
            "equity": 9247755,
            "current_ratio": 137.9,
            "debt_ratio": 62.61,
            "inventory_turnover_ratio": 0.02,
            "account_receivable_turnover_ratio": 1.29,
            "reinvestment_rate": -18.67,
            "research_to_sale_ratio": null,
            "price_fair": 60.78,
            "eps_avg_yearly": 1.74,
            "eps_latest_yearly": 0.8,
            "eps_growth_yearly": 1320.88
        },
        "20102": {
            "year_quarter": 20102,
            "year": 2010,
            "quarter": 2,
            "eps": 0.19,
            "eps_growth_year": -50.04,
            "eps_4q": 1.51,
            "eps_4q_growth_year": 58.71,
            "roe": 1.09,
            "roe_4q": 9.459999999999999,
            "gross_profit": 240030,
            "gross_margin": 43.69,
            "gross_margin_4q_avg": 39.86,
            "net_income": 100921,
            "revenue": 549427,
            "common_shares": 4922049,
            "book_valuer_per_share": 17.72,
            "book_valuer_per_share_4q_avg": 17.72,
            "equity": 9202994,
            "current_ratio": 137.16,
            "debt_ratio": 63.43,
            "inventory_turnover_ratio": 0.02,
            "account_receivable_turnover_ratio": 2.76,
            "reinvestment_rate": -14.7,
            "research_to_sale_ratio": null,
            "price_fair": 55.88,
            "eps_avg_yearly": 1.6,
            "eps_latest_yearly": 0.76,
            "eps_growth_yearly": 335.88
        },
        "20103": {
            "year_quarter": 20103,
            "year": 2010,
            "quarter": 3,
            "eps": 1.17,
            "eps_growth_year": 367.67,
            "eps_4q": 2.47,
            "eps_4q_growth_year": 149.73,
            "roe": 6.69,
            "roe_4q": 14.8,
            "gross_profit": 682397,
            "gross_margin": 34.76,
            "gross_margin_4q_avg": 41.44,
            "net_income": 638956,
            "revenue": 1963299,
            "common_shares": 5468139,
            "book_valuer_per_share": 17.21,
            "book_valuer_per_share_4q_avg": 17.65,
            "equity": 9889160,
            "current_ratio": 141.25,
            "debt_ratio": 62.02,
            "inventory_turnover_ratio": 0.09,
            "account_receivable_turnover_ratio": 10.54,
            "reinvestment_rate": -14.28,
            "research_to_sale_ratio": null,
            "price_fair": 54.6,
            "eps_avg_yearly": 1.56,
            "eps_latest_yearly": 4.68,
            "eps_growth_yearly": 471.2
        },
        "20104": {
            "year_quarter": 20104,
            "year": 2010,
            "quarter": 4,
            "eps": 0.75,
            "eps_growth_year": -35.95,
            "eps_4q": 2.26,
            "eps_4q_growth_year": 30.18,
            "roe": 4.04,
            "roe_4q": 12.92,
            "gross_profit": 656478,
            "gross_margin": 39.17,
            "gross_margin_4q_avg": 41.03,
            "net_income": 412963,
            "revenue": 1676086,
            "common_shares": 5579317,
            "book_valuer_per_share": 17.92,
            "book_valuer_per_share_4q_avg": 17.67,
            "equity": 10556602,
            "current_ratio": 149.38,
            "debt_ratio": 62.53,
            "inventory_turnover_ratio": 0.07,
            "account_receivable_turnover_ratio": 7.83,
            "reinvestment_rate": -8.4,
            "research_to_sale_ratio": null,
            "price_fair": 60.43,
            "eps_avg_yearly": 1.73,
            "eps_latest_yearly": 3,
            "eps_growth_yearly": 486.05
        },
        "20111": {
            "year_quarter": 20111,
            "year": 2011,
            "quarter": 1,
            "eps": 0.29,
            "eps_growth_year": 45,
            "eps_4q": 2.41,
            "eps_4q_growth_year": 36.88,
            "roe": 1.51,
            "roe_4q": 13.33,
            "gross_profit": 304668,
            "gross_margin": 48.69,
            "gross_margin_4q_avg": 41.58,
            "net_income": 159207,
            "revenue": 625775,
            "common_shares": 5501745,
            "book_valuer_per_share": 18.25,
            "book_valuer_per_share_4q_avg": 17.78,
            "equity": 10541921,
            "current_ratio": 147.95,
            "debt_ratio": 61.44,
            "inventory_turnover_ratio": 0.02,
            "account_receivable_turnover_ratio": 2.34,
            "reinvestment_rate": 172.12,
            "research_to_sale_ratio": null,
            "price_fair": 62.88,
            "eps_avg_yearly": 1.8,
            "eps_latest_yearly": 1.16,
            "eps_growth_yearly": 488.28
        },
        "20112": {
            "year_quarter": 20112,
            "year": 2011,
            "quarter": 2,
            "eps": 0.29,
            "eps_growth_year": 54.62,
            "eps_4q": 2.36,
            "eps_4q_growth_year": 55.92,
            "roe": 1.62,
            "roe_4q": 13.86,
            "gross_profit": 326080,
            "gross_margin": 36.45,
            "gross_margin_4q_avg": 39.77,
            "net_income": 169513,
            "revenue": 894484,
            "common_shares": 5402142,
            "book_valuer_per_share": 18.09,
            "book_valuer_per_share_4q_avg": 17.87,
            "equity": 10328824,
            "current_ratio": 144.91,
            "debt_ratio": 62.3,
            "inventory_turnover_ratio": 0.04,
            "account_receivable_turnover_ratio": 2.61,
            "reinvestment_rate": 180.86,
            "research_to_sale_ratio": null,
            "price_fair": 61.6,
            "eps_avg_yearly": 1.76,
            "eps_latest_yearly": 1.16,
            "eps_growth_yearly": 354.94
        },
        "20113": {
            "year_quarter": 20113,
            "year": 2011,
            "quarter": 3,
            "eps": 0.79,
            "eps_growth_year": -32.67,
            "eps_4q": 2.05,
            "eps_4q_growth_year": -16.92,
            "roe": 4.36,
            "roe_4q": 11.530000000000001,
            "gross_profit": 548137,
            "gross_margin": 44.95,
            "gross_margin_4q_avg": 42.32,
            "net_income": 461956,
            "revenue": 1219378,
            "common_shares": 5933372,
            "book_valuer_per_share": 17.33,
            "book_valuer_per_share_4q_avg": 17.9,
            "equity": 10837951,
            "current_ratio": 151.08,
            "debt_ratio": 60.09,
            "inventory_turnover_ratio": 0.05,
            "account_receivable_turnover_ratio": 2.37,
            "reinvestment_rate": 155.32,
            "research_to_sale_ratio": null,
            "price_fair": 65.37,
            "eps_avg_yearly": 1.87,
            "eps_latest_yearly": 3.16,
            "eps_growth_yearly": 380.69
        },
        "20114": {
            "year_quarter": 20114,
            "year": 2011,
            "quarter": 4,
            "eps": -0.1,
            "eps_growth_year": -113.32,
            "eps_4q": 1.27,
            "eps_4q_growth_year": -43.92,
            "roe": -0.56,
            "roe_4q": 6.93,
            "gross_profit": 42443,
            "gross_margin": 9.5,
            "gross_margin_4q_avg": 34.9,
            "net_income": -60408,
            "revenue": 446555,
            "common_shares": 5855107,
            "book_valuer_per_share": 17.3,
            "book_valuer_per_share_4q_avg": 17.74,
            "equity": 10691353,
            "current_ratio": 151.46,
            "debt_ratio": 58.94,
            "inventory_turnover_ratio": 0.03,
            "account_receivable_turnover_ratio": 0.7,
            "reinvestment_rate": 104.69,
            "research_to_sale_ratio": null,
            "price_fair": 65.37,
            "eps_avg_yearly": 1.87,
            "eps_latest_yearly": 3.16,
            "eps_growth_yearly": 380.69
        },
        "20121": {
            "year_quarter": 20121,
            "year": 2012,
            "quarter": 1,
            "eps": 0.08,
            "eps_growth_year": -72.41,
            "eps_4q": 1.07,
            "eps_4q_growth_year": -55.66,
            "roe": 0.43,
            "roe_4q": 5.8500000000000005,
            "gross_profit": 125193,
            "gross_margin": 39.63,
            "gross_margin_4q_avg": 32.63,
            "net_income": 45601,
            "revenue": 315923,
            "common_shares": 5872201,
            "book_valuer_per_share": 17.37,
            "book_valuer_per_share_4q_avg": 17.52,
            "equity": 10762726,
            "current_ratio": 154.03,
            "debt_ratio": 58.35,
            "inventory_turnover_ratio": 0.01,
            "account_receivable_turnover_ratio": 0.45,
            "reinvestment_rate": 89.9,
            "research_to_sale_ratio": null,
            "price_fair": 65.37,
            "eps_avg_yearly": 1.87,
            "eps_latest_yearly": 3.16,
            "eps_growth_yearly": 380.69
        },
        "20122": {
            "year_quarter": 20122,
            "year": 2012,
            "quarter": 2,
            "eps": 0.64,
            "eps_growth_year": 118.51,
            "eps_4q": 1.36,
            "eps_4q_growth_year": -42.38,
            "roe": 3.65,
            "roe_4q": 7.880000000000001,
            "gross_profit": 571033,
            "gross_margin": 31.11,
            "gross_margin_4q_avg": 31.3,
            "net_income": 401152,
            "revenue": 1835368,
            "common_shares": 5881130,
            "book_valuer_per_share": 17.84,
            "book_valuer_per_share_4q_avg": 17.46,
            "equity": 11220214,
            "current_ratio": 154.3,
            "debt_ratio": 59.02,
            "inventory_turnover_ratio": 0.09,
            "account_receivable_turnover_ratio": 2.21,
            "reinvestment_rate": 56.65,
            "research_to_sale_ratio": null,
            "price_fair": 67.1,
            "eps_avg_yearly": 1.92,
            "eps_latest_yearly": 2.56,
            "eps_growth_yearly": 553.5
        },
        "20123": {
            "year_quarter": 20123,
            "year": 2012,
            "quarter": 3,
            "eps": 2.2,
            "eps_growth_year": 178.87,
            "eps_4q": 2.81,
            "eps_4q_growth_year": 36.92,
            "roe": 11.74,
            "roe_4q": 15.26,
            "gross_profit": 1608554,
            "gross_margin": 32.7,
            "gross_margin_4q_avg": 28.24,
            "net_income": 1396457,
            "revenue": 4919704,
            "common_shares": 6430805,
            "book_valuer_per_share": 18.43,
            "book_valuer_per_share_4q_avg": 17.74,
            "equity": 12571744,
            "current_ratio": 167.15,
            "debt_ratio": 54.2,
            "inventory_turnover_ratio": 0.25,
            "account_receivable_turnover_ratio": 4.73,
            "reinvestment_rate": 35.01,
            "research_to_sale_ratio": null,
            "price_fair": 87.3,
            "eps_avg_yearly": 2.49,
            "eps_latest_yearly": 8.8,
            "eps_growth_yearly": 548.86
        },
        "20124": {
            "year_quarter": 20124,
            "year": 2012,
            "quarter": 4,
            "eps": 0.08,
            "eps_growth_year": null,
            "eps_4q": 3.01,
            "eps_4q_growth_year": 137.9,
            "roe": 0.38,
            "roe_4q": 16.200000000000003,
            "gross_profit": 197326,
            "gross_margin": 32.2,
            "gross_margin_4q_avg": 33.91,
            "net_income": 48019,
            "revenue": 612814,
            "common_shares": 6357264,
            "book_valuer_per_share": 18.78,
            "book_valuer_per_share_4q_avg": 18.11,
            "equity": 12654945,
            "current_ratio": 149.59,
            "debt_ratio": 54.29,
            "inventory_turnover_ratio": 0.03,
            "account_receivable_turnover_ratio": 0.49,
            "reinvestment_rate": 24.28,
            "research_to_sale_ratio": null,
            "price_fair": 85.6,
            "eps_avg_yearly": 2.45,
            "eps_latest_yearly": 0.32,
            "eps_growth_yearly": 510.21
        },
        "20131": {
            "year_quarter": 20131,
            "year": 2013,
            "quarter": 1,
            "eps": 0.2,
            "eps_growth_year": 150,
            "eps_4q": 3.04,
            "eps_4q_growth_year": 184.55,
            "roe": 0.99,
            "roe_4q": 16.759999999999998,
            "gross_profit": 216007,
            "gross_margin": 46.44,
            "gross_margin_4q_avg": 35.61,
            "net_income": 126135,
            "revenue": 465160,
            "common_shares": 6562247,
            "book_valuer_per_share": 18.57,
            "book_valuer_per_share_4q_avg": 18.41,
            "equity": 12848508,
            "current_ratio": 150.48,
            "debt_ratio": 54.64,
            "inventory_turnover_ratio": 0.02,
            "account_receivable_turnover_ratio": 0.33,
            "reinvestment_rate": -11.19,
            "research_to_sale_ratio": null,
            "price_fair": 86,
            "eps_avg_yearly": 2.46,
            "eps_latest_yearly": 0.8,
            "eps_growth_yearly": 563.35
        },
        "20132": {
            "year_quarter": 20132,
            "year": 2013,
            "quarter": 2,
            "eps": 0.14,
            "eps_growth_year": -78.17,
            "eps_4q": 2.32,
            "eps_4q_growth_year": 70.78,
            "roe": 0.57,
            "roe_4q": 13.68,
            "gross_profit": 211562,
            "gross_margin": 45.81,
            "gross_margin_4q_avg": 39.29,
            "net_income": 72944,
            "revenue": 461798,
            "common_shares": 6588400,
            "book_valuer_per_share": 18.15,
            "book_valuer_per_share_4q_avg": 18.48,
            "equity": 12607745,
            "current_ratio": 152.19,
            "debt_ratio": 55.92,
            "inventory_turnover_ratio": 0.02,
            "account_receivable_turnover_ratio": 0.28,
            "reinvestment_rate": -8.81,
            "research_to_sale_ratio": null,
            "price_fair": 83.6,
            "eps_avg_yearly": 2.39,
            "eps_latest_yearly": 0.56,
            "eps_growth_yearly": 515.5
        },
        "20133": {
            "year_quarter": 20133,
            "year": 2013,
            "quarter": 3,
            "eps": 0.48,
            "eps_growth_year": -78.14,
            "eps_4q": 0.82,
            "eps_4q_growth_year": -70.91,
            "roe": 2.76,
            "roe_4q": 4.699999999999999,
            "gross_profit": 439386,
            "gross_margin": 48.55,
            "gross_margin_4q_avg": 43.25,
            "net_income": 359690,
            "revenue": 905040,
            "common_shares": 7619710,
            "book_valuer_per_share": 16.74,
            "book_valuer_per_share_4q_avg": 18.06,
            "equity": 13419969,
            "current_ratio": 171.2,
            "debt_ratio": 53.47,
            "inventory_turnover_ratio": 0.03,
            "account_receivable_turnover_ratio": 0.58,
            "reinvestment_rate": -7.68,
            "research_to_sale_ratio": null,
            "price_fair": 85.9,
            "eps_avg_yearly": 2.45,
            "eps_latest_yearly": 1.92,
            "eps_growth_yearly": 594.66
        },
        "20134": {
            "year_quarter": 20134,
            "year": 2013,
            "quarter": 4,
            "eps": 0.19,
            "eps_growth_year": 143.09,
            "eps_4q": 0.94,
            "eps_4q_growth_year": -68.82,
            "roe": 0.98,
            "roe_4q": 5.3,
            "gross_profit": 271712,
            "gross_margin": 34.06,
            "gross_margin_4q_avg": 43.72,
            "net_income": 132075,
            "revenue": 797692,
            "common_shares": 7630471,
            "book_valuer_per_share": 16.9,
            "book_valuer_per_share_4q_avg": 17.59,
            "equity": 13548520,
            "current_ratio": 166.34,
            "debt_ratio": 54.11,
            "inventory_turnover_ratio": 0.03,
            "account_receivable_turnover_ratio": 0.73,
            "reinvestment_rate": -7.31,
            "research_to_sale_ratio": null,
            "price_fair": 76.1,
            "eps_avg_yearly": 2.17,
            "eps_latest_yearly": 0.76,
            "eps_growth_yearly": 472.26
        },
        "20141": {
            "year_quarter": 20141,
            "year": 2014,
            "quarter": 1,
            "eps": 0.09,
            "eps_growth_year": -55,
            "eps_4q": 0.87,
            "eps_4q_growth_year": -71.55,
            "roe": 0.5,
            "roe_4q": 4.8100000000000005,
            "gross_profit": 177191,
            "gross_margin": 38.07,
            "gross_margin_4q_avg": 41.62,
            "net_income": 67688,
            "revenue": 465463,
            "common_shares": 7587753,
            "book_valuer_per_share": 17,
            "book_valuer_per_share_4q_avg": 17.2,
            "equity": 13552377,
            "current_ratio": 154.83,
            "debt_ratio": 55.29,
            "inventory_turnover_ratio": 0.02,
            "account_receivable_turnover_ratio": 0.55,
            "reinvestment_rate": -4.82,
            "research_to_sale_ratio": null,
            "price_fair": 75,
            "eps_avg_yearly": 2.14,
            "eps_latest_yearly": 0.36,
            "eps_growth_yearly": 480.91
        },
        "20142": {
            "year_quarter": 20142,
            "year": 2014,
            "quarter": 2,
            "eps": 0.6,
            "eps_growth_year": 328.57,
            "eps_4q": 1.36,
            "eps_4q_growth_year": -41.42,
            "roe": 3.42,
            "roe_4q": 7.66,
            "gross_profit": 712467,
            "gross_margin": 31.24,
            "gross_margin_4q_avg": 37.98,
            "net_income": 463657,
            "revenue": 2280446,
            "common_shares": 7589927,
            "book_valuer_per_share": 17.25,
            "book_valuer_per_share_4q_avg": 16.97,
            "equity": 13578728,
            "current_ratio": 175.23,
            "debt_ratio": 55.55,
            "inventory_turnover_ratio": 0.1,
            "account_receivable_turnover_ratio": 3.03,
            "reinvestment_rate": -3.49,
            "research_to_sale_ratio": null,
            "price_fair": 79.1,
            "eps_avg_yearly": 2.26,
            "eps_latest_yearly": 2.4,
            "eps_growth_yearly": 644.24
        },
        "20143": {
            "year_quarter": 20143,
            "year": 2014,
            "quarter": 3,
            "eps": 0.83,
            "eps_growth_year": 72.92,
            "eps_4q": 1.71,
            "eps_4q_growth_year": 109.67,
            "roe": 4.52,
            "roe_4q": 9.42,
            "gross_profit": 841297,
            "gross_margin": 30.62,
            "gross_margin_4q_avg": 33.5,
            "net_income": 637958,
            "revenue": 2747568,
            "common_shares": 7539927,
            "book_valuer_per_share": 18.19,
            "book_valuer_per_share_4q_avg": 17.34,
            "equity": 14627280,
            "current_ratio": 203.71,
            "debt_ratio": 50.42,
            "inventory_turnover_ratio": 0.13,
            "account_receivable_turnover_ratio": 3.89,
            "reinvestment_rate": -4.87,
            "research_to_sale_ratio": null,
            "price_fair": 75.7,
            "eps_avg_yearly": 2.16,
            "eps_latest_yearly": 3.32,
            "eps_growth_yearly": 507.82
        },
        "20144": {
            "year_quarter": 20144,
            "year": 2014,
            "quarter": 4,
            "eps": 0.11,
            "eps_growth_year": -39.06,
            "eps_4q": 1.64,
            "eps_4q_growth_year": 74.51,
            "roe": 0.56,
            "roe_4q": 9,
            "gross_profit": 187490,
            "gross_margin": 23.03,
            "gross_margin_4q_avg": 30.74,
            "net_income": 82191,
            "revenue": 814194,
            "common_shares": 7539927,
            "book_valuer_per_share": 18.12,
            "book_valuer_per_share_4q_avg": 17.64,
            "equity": 14667021,
            "current_ratio": 181.32,
            "debt_ratio": 50.77,
            "inventory_turnover_ratio": 0.04,
            "account_receivable_turnover_ratio": 1.32,
            "reinvestment_rate": -29.14,
            "research_to_sale_ratio": null,
            "price_fair": 69.3,
            "eps_avg_yearly": 1.98,
            "eps_latest_yearly": 0.44,
            "eps_growth_yearly": 493.29
        },
        "20151": {
            "year_quarter": 20151,
            "year": 2015,
            "quarter": 1,
            "eps": 0.08,
            "eps_growth_year": -11.11,
            "eps_4q": 1.62,
            "eps_4q_growth_year": 87.6,
            "roe": 0.59,
            "roe_4q": 9.09,
            "gross_profit": 188129,
            "gross_margin": 43.03,
            "gross_margin_4q_avg": 31.98,
            "net_income": 91957,
            "revenue": 437252,
            "common_shares": 7539927,
            "book_valuer_per_share": 18.52,
            "book_valuer_per_share_4q_avg": 18.02,
            "equity": 16280851,
            "current_ratio": 207.08,
            "debt_ratio": 47.25,
            "inventory_turnover_ratio": 0.02,
            "account_receivable_turnover_ratio": 0.79,
            "reinvestment_rate": -112.11,
            "research_to_sale_ratio": null,
            "price_fair": 67.2,
            "eps_avg_yearly": 1.92,
            "eps_latest_yearly": 0.32,
            "eps_growth_yearly": 503.03
        },
        "20152": {
            "year_quarter": 20152,
            "year": 2015,
            "quarter": 2,
            "eps": 0.24,
            "eps_growth_year": -60,
            "eps_4q": 1.26,
            "eps_4q_growth_year": -7.35,
            "roe": 1.28,
            "roe_4q": 6.949999999999999,
            "gross_profit": 185282,
            "gross_margin": 44.94,
            "gross_margin_4q_avg": 35.41,
            "net_income": 204583,
            "revenue": 412323,
            "common_shares": 7539927,
            "book_valuer_per_share": 17.95,
            "book_valuer_per_share_4q_avg": 18.2,
            "equity": 15702644,
            "current_ratio": 181.47,
            "debt_ratio": 50.11,
            "inventory_turnover_ratio": 0.01,
            "account_receivable_turnover_ratio": 0.73,
            "reinvestment_rate": -118.49,
            "research_to_sale_ratio": 0.57,
            "price_fair": 66.7,
            "eps_avg_yearly": 1.91,
            "eps_latest_yearly": 0.96,
            "eps_growth_yearly": 560.17
        },
        "20153": {
            "year_quarter": 20153,
            "year": 2015,
            "quarter": 3,
            "eps": -0.06,
            "eps_growth_year": -107.23,
            "eps_4q": 0.37,
            "eps_4q_growth_year": -78.33,
            "roe": -0.11,
            "roe_4q": 2.32,
            "gross_profit": 189877,
            "gross_margin": 48.5,
            "gross_margin_4q_avg": 39.88,
            "net_income": -18021,
            "revenue": 391488,
            "common_shares": 7539927,
            "book_valuer_per_share": 17.87,
            "book_valuer_per_share_4q_avg": 18.12,
            "equity": 15674421,
            "current_ratio": 173.4,
            "debt_ratio": 49.99,
            "inventory_turnover_ratio": 0.01,
            "account_receivable_turnover_ratio": 0.75,
            "reinvestment_rate": -134.78,
            "research_to_sale_ratio": 0.34,
            "price_fair": 63.32,
            "eps_avg_yearly": 1.81,
            "eps_latest_yearly": 0.96,
            "eps_growth_yearly": 550.21
        },
        "20154": {
            "year_quarter": 20154,
            "year": 2015,
            "quarter": 4,
            "eps": -0.06,
            "eps_growth_year": -156.29,
            "eps_4q": 0.19,
            "eps_4q_growth_year": -88.19,
            "roe": -0.3,
            "roe_4q": 1.46,
            "gross_profit": 233349,
            "gross_margin": 35.03,
            "gross_margin_4q_avg": 42.88,
            "net_income": -47885,
            "revenue": 666195,
            "common_shares": 7539927,
            "book_valuer_per_share": 17.92,
            "book_valuer_per_share_4q_avg": 18.07,
            "equity": 16020923,
            "current_ratio": 206.18,
            "debt_ratio": 50.53,
            "inventory_turnover_ratio": 0.03,
            "account_receivable_turnover_ratio": 1.36,
            "reinvestment_rate": -137.07,
            "research_to_sale_ratio": 0.24,
            "price_fair": 63.32,
            "eps_avg_yearly": 1.81,
            "eps_latest_yearly": 0.96,
            "eps_growth_yearly": 550.21
        },
        "20161": {
            "year_quarter": 20161,
            "year": 2016,
            "quarter": 1,
            "eps": 0.03,
            "eps_growth_year": -62.5,
            "eps_4q": 0.15,
            "eps_4q_growth_year": -90.75,
            "roe": 0.5,
            "roe_4q": 1.37,
            "gross_profit": 232425,
            "gross_margin": 39.09,
            "gross_margin_4q_avg": 41.89,
            "net_income": 83248,
            "revenue": 594606,
            "common_shares": 7539927,
            "book_valuer_per_share": 18.26,
            "book_valuer_per_share_4q_avg": 18,
            "equity": 16974924,
            "current_ratio": 205.48,
            "debt_ratio": 50.19,
            "inventory_turnover_ratio": 0.02,
            "account_receivable_turnover_ratio": 1.35,
            "reinvestment_rate": -140.48,
            "research_to_sale_ratio": 0.22,
            "price_fair": 63.32,
            "eps_avg_yearly": 1.81,
            "eps_latest_yearly": 0.96,
            "eps_growth_yearly": 550.21
        },
        "20162": {
            "year_quarter": 20162,
            "year": 2016,
            "quarter": 2,
            "eps": 0.06,
            "eps_growth_year": -75,
            "eps_4q": -0.03,
            "eps_4q_growth_year": -102.75,
            "roe": 0.48,
            "roe_4q": 0.57,
            "gross_profit": 216619,
            "gross_margin": 40.24,
            "gross_margin_4q_avg": 40.72,
            "net_income": 79057,
            "revenue": 538355,
            "common_shares": 7439927,
            "book_valuer_per_share": 17.8,
            "book_valuer_per_share_4q_avg": 17.96,
            "equity": 16248941,
            "current_ratio": 190.47,
            "debt_ratio": 52.64,
            "inventory_turnover_ratio": 0.02,
            "account_receivable_turnover_ratio": 1.18,
            "reinvestment_rate": -151.82,
            "research_to_sale_ratio": 0.76,
            "price_fair": 57.08,
            "eps_avg_yearly": 1.63,
            "eps_latest_yearly": 0.24,
            "eps_growth_yearly": 365.59
        },
        "20163": {
            "year_quarter": 20163,
            "year": 2016,
            "quarter": 3,
            "eps": 0.02,
            "eps_growth_year": null,
            "eps_4q": 0.04,
            "eps_4q_growth_year": -87.89,
            "roe": 0.36,
            "roe_4q": 1.0399999999999998,
            "gross_profit": 211484,
            "gross_margin": 35.29,
            "gross_margin_4q_avg": 37.41,
            "net_income": 60769,
            "revenue": 599220,
            "common_shares": 7439927,
            "book_valuer_per_share": 17.96,
            "book_valuer_per_share_4q_avg": 17.99,
            "equity": 17085963,
            "current_ratio": 211.91,
            "debt_ratio": 50.08,
            "inventory_turnover_ratio": 0.02,
            "account_receivable_turnover_ratio": 1.26,
            "reinvestment_rate": -263.55,
            "research_to_sale_ratio": 0.92,
            "price_fair": 33.6,
            "eps_avg_yearly": 0.96,
            "eps_latest_yearly": 0.08,
            "eps_growth_yearly": 270.08
        },
        "20164": {
            "year_quarter": 20164,
            "year": 2016,
            "quarter": 4,
            "eps": 0.07,
            "eps_growth_year": null,
            "eps_4q": 0.18,
            "eps_4q_growth_year": -8,
            "roe": 0.55,
            "roe_4q": 1.8900000000000001,
            "gross_profit": 290616,
            "gross_margin": 29.74,
            "gross_margin_4q_avg": 36.09,
            "net_income": 93816,
            "revenue": 977275,
            "common_shares": 7439927,
            "book_valuer_per_share": 18.01,
            "book_valuer_per_share_4q_avg": 18.01,
            "equity": 17145803,
            "current_ratio": 202.96,
            "debt_ratio": 50.4,
            "inventory_turnover_ratio": 0.04,
            "account_receivable_turnover_ratio": 1.97,
            "reinvestment_rate": -72.89,
            "research_to_sale_ratio": 0.2,
            "price_fair": 33.49,
            "eps_avg_yearly": 0.96,
            "eps_latest_yearly": 0.28,
            "eps_growth_yearly": 376.65
        },
        "20171": {
            "year_quarter": 20171,
            "year": 2017,
            "quarter": 1,
            "eps": 0.93,
            "eps_growth_year": 3000,
            "eps_4q": 1.08,
            "eps_4q_growth_year": 617.53,
            "roe": 4.31,
            "roe_4q": 5.699999999999999,
            "gross_profit": 972746,
            "gross_margin": 32.04,
            "gross_margin_4q_avg": 34.33,
            "net_income": 755792,
            "revenue": 3035757,
            "common_shares": 7439927,
            "book_valuer_per_share": 18.94,
            "book_valuer_per_share_4q_avg": 18.18,
            "equity": 17898731,
            "current_ratio": 207.43,
            "debt_ratio": 49.04,
            "inventory_turnover_ratio": 0.12,
            "account_receivable_turnover_ratio": 6.13,
            "reinvestment_rate": 12.56,
            "research_to_sale_ratio": 0.13,
            "price_fair": 41.35,
            "eps_avg_yearly": 1.18,
            "eps_latest_yearly": 3.72,
            "eps_growth_yearly": 708.52
        },
        "20172": {
            "year_quarter": 20172,
            "year": 2017,
            "quarter": 2,
            "eps": -0.03,
            "eps_growth_year": -150,
            "eps_4q": 0.99,
            "eps_4q_growth_year": null,
            "roe": 0.03,
            "roe_4q": 5.25,
            "gross_profit": 156182,
            "gross_margin": 23.89,
            "gross_margin_4q_avg": 30.24,
            "net_income": 4937,
            "revenue": 653669,
            "common_shares": 7439927,
            "book_valuer_per_share": 18.41,
            "book_valuer_per_share_4q_avg": 18.33,
            "equity": 17334760,
            "current_ratio": 197.21,
            "debt_ratio": 49.68,
            "inventory_turnover_ratio": 0.03,
            "account_receivable_turnover_ratio": 1.2,
            "reinvestment_rate": 16.09,
            "research_to_sale_ratio": 0.22,
            "price_fair": 43.17,
            "eps_avg_yearly": 1.23,
            "eps_latest_yearly": 3.72,
            "eps_growth_yearly": 777.56
        },
        "20173": {
            "year_quarter": 20173,
            "year": 2017,
            "quarter": 3,
            "eps": 0.04,
            "eps_growth_year": 100,
            "eps_4q": 1.01,
            "eps_4q_growth_year": 2151.42,
            "roe": 0.35,
            "roe_4q": 5.239999999999999,
            "gross_profit": 194642,
            "gross_margin": 19.52,
            "gross_margin_4q_avg": 26.3,
            "net_income": 61424,
            "revenue": 997310,
            "common_shares": 7439927,
            "book_valuer_per_share": 18.44,
            "book_valuer_per_share_4q_avg": 18.45,
            "equity": 17371094,
            "current_ratio": 190.41,
            "debt_ratio": 49.9,
            "inventory_turnover_ratio": 0.05,
            "account_receivable_turnover_ratio": 1.79,
            "reinvestment_rate": 48.03,
            "research_to_sale_ratio": 0.45,
            "price_fair": 40.98,
            "eps_avg_yearly": 1.17,
            "eps_latest_yearly": 3.72,
            "eps_growth_yearly": 759.94
        },
        "20174": {
            "year_quarter": 20174,
            "year": 2017,
            "quarter": 4,
            "eps": -0,
            "eps_growth_year": -105.46,
            "eps_4q": 0.94,
            "eps_4q_growth_year": 428.18,
            "roe": 0.56,
            "roe_4q": 5.25,
            "gross_profit": 239035,
            "gross_margin": 23.04,
            "gross_margin_4q_avg": 24.62,
            "net_income": 97546,
            "revenue": 1037274,
            "common_shares": 7439927,
            "book_valuer_per_share": 18.44,
            "book_valuer_per_share_4q_avg": 18.56,
            "equity": 17496092,
            "current_ratio": 181.17,
            "debt_ratio": 51.55,
            "inventory_turnover_ratio": 0.05,
            "account_receivable_turnover_ratio": 1.91,
            "reinvestment_rate": 50.8,
            "research_to_sale_ratio": 0.14,
            "price_fair": 42.42,
            "eps_avg_yearly": 1.21,
            "eps_latest_yearly": 3.72,
            "eps_growth_yearly": 860.1
        },
        "20181": {
            "year_quarter": 20181,
            "year": 2018,
            "quarter": 1,
            "eps": 0.01,
            "eps_growth_year": -98.92,
            "eps_4q": 0.02,
            "eps_4q_growth_year": -98.23,
            "roe": 0.31,
            "roe_4q": 1.2500000000000002,
            "gross_profit": 256294,
            "gross_margin": 23.48,
            "gross_margin_4q_avg": 22.48,
            "net_income": 54105,
            "revenue": 1091667,
            "common_shares": 7439927,
            "book_valuer_per_share": 18.57,
            "book_valuer_per_share_4q_avg": 18.47,
            "equity": 17706982,
            "current_ratio": 173.38,
            "debt_ratio": 51.27,
            "inventory_turnover_ratio": 0.05,
            "account_receivable_turnover_ratio": 1.83,
            "reinvestment_rate": 52.97,
            "research_to_sale_ratio": 0.11,
            "price_fair": 45.73,
            "eps_avg_yearly": 1.31,
            "eps_latest_yearly": 3.72,
            "eps_growth_yearly": 979.06
        },
        "20182": {
            "year_quarter": 20182,
            "year": 2018,
            "quarter": 2,
            "eps": 0.06,
            "eps_growth_year": null,
            "eps_4q": 0.11,
            "eps_4q_growth_year": -88.9,
            "roe": 0.45,
            "roe_4q": 1.67,
            "gross_profit": 253897,
            "gross_margin": 16.42,
            "gross_margin_4q_avg": 20.62,
            "net_income": 77643,
            "revenue": 1545976,
            "common_shares": 7439927,
            "book_valuer_per_share": 17.93,
            "book_valuer_per_share_4q_avg": 18.35,
            "equity": 17071891,
            "current_ratio": 164.83,
            "debt_ratio": 54.04,
            "inventory_turnover_ratio": 0.08,
            "account_receivable_turnover_ratio": 2.26,
            "reinvestment_rate": 80.44,
            "research_to_sale_ratio": 0.06,
            "price_fair": 37.33,
            "eps_avg_yearly": 1.07,
            "eps_latest_yearly": 0.24,
            "eps_growth_yearly": 949.43
        },
        "20183": {
            "year_quarter": 20183,
            "year": 2018,
            "quarter": 3,
            "eps": 0.1,
            "eps_growth_year": 150,
            "eps_4q": 0.16,
            "eps_4q_growth_year": -83.89,
            "roe": 0.67,
            "roe_4q": 1.9900000000000002,
            "gross_profit": 291756,
            "gross_margin": 18.87,
            "gross_margin_4q_avg": 20.45,
            "net_income": 114165,
            "revenue": 1545845,
            "common_shares": 7439927,
            "book_valuer_per_share": 17.99,
            "book_valuer_per_share_4q_avg": 18.23,
            "equity": 17162908,
            "current_ratio": 166.26,
            "debt_ratio": 54.62,
            "inventory_turnover_ratio": 0.07,
            "account_receivable_turnover_ratio": 2.02,
            "reinvestment_rate": 146.73,
            "research_to_sale_ratio": 0.14,
            "price_fair": 25.98,
            "eps_avg_yearly": 0.74,
            "eps_latest_yearly": 0.4,
            "eps_growth_yearly": 962.02
        },
        "20184": {
            "year_quarter": 20184,
            "year": 2018,
            "quarter": 4,
            "eps": -0.07,
            "eps_growth_year": null,
            "eps_4q": 0.1,
            "eps_4q_growth_year": -89.47,
            "roe": -0.09,
            "roe_4q": 1.34,
            "gross_profit": 316018,
            "gross_margin": 18.19,
            "gross_margin_4q_avg": 19.24,
            "net_income": -15008,
            "revenue": 1737045,
            "common_shares": 7439927,
            "book_valuer_per_share": 17.88,
            "book_valuer_per_share_4q_avg": 18.09,
            "equity": 17111546,
            "current_ratio": 163.33,
            "debt_ratio": 55.82,
            "inventory_turnover_ratio": 0.08,
            "account_receivable_turnover_ratio": 2.03,
            "reinvestment_rate": 226.38,
            "research_to_sale_ratio": 0.09,
            "price_fair": 27.3,
            "eps_avg_yearly": 0.78,
            "eps_latest_yearly": 0.4,
            "eps_growth_yearly": 1125.65
        },
        "20191": {
            "year_quarter": 20191,
            "year": 2019,
            "quarter": 1,
            "eps": -0.03,
            "eps_growth_year": -400,
            "eps_4q": 0.06,
            "eps_4q_growth_year": 191.52,
            "roe": -0.07,
            "roe_4q": 0.96,
            "gross_profit": 232783,
            "gross_margin": 18,
            "gross_margin_4q_avg": 17.87,
            "net_income": -11599,
            "revenue": 1293494,
            "common_shares": 7439927,
            "book_valuer_per_share": 17.91,
            "book_valuer_per_share_4q_avg": 17.93,
            "equity": 17347162,
            "current_ratio": 168.92,
            "debt_ratio": 56.59,
            "inventory_turnover_ratio": 0.06,
            "account_receivable_turnover_ratio": 1.6,
            "reinvestment_rate": 252.42,
            "research_to_sale_ratio": 0.15,
            "price_fair": 29.6,
            "eps_avg_yearly": 0.85,
            "eps_latest_yearly": 0.4,
            "eps_growth_yearly": 1302.04
        },
        "20192": {
            "year_quarter": 20192,
            "year": 2019,
            "quarter": 2,
            "eps": 0.95,
            "eps_growth_year": 1483.33,
            "eps_4q": 0.94,
            "eps_4q_growth_year": 758.93,
            "roe": 4.25,
            "roe_4q": 4.76,
            "gross_profit": 1095670,
            "gross_margin": 31.55,
            "gross_margin_4q_avg": 21.65,
            "net_income": 741609,
            "revenue": 3472769,
            "common_shares": 7439927,
            "book_valuer_per_share": 18.45,
            "book_valuer_per_share_4q_avg": 18.06,
            "equity": 17527677,
            "current_ratio": 176.71,
            "debt_ratio": 55.2,
            "inventory_turnover_ratio": 0.14,
            "account_receivable_turnover_ratio": 4.51,
            "reinvestment_rate": 179.87,
            "research_to_sale_ratio": 0.01,
            "price_fair": 28.93,
            "eps_avg_yearly": 0.83,
            "eps_latest_yearly": 0.4,
            "eps_growth_yearly": 1385.71
        },
        "20193": {
            "year_quarter": 20193,
            "year": 2019,
            "quarter": 3,
            "eps": 0.12,
            "eps_growth_year": 20,
            "eps_4q": 0.97,
            "eps_4q_growth_year": 493.31,
            "roe": 0.68,
            "roe_4q": 4.77,
            "gross_profit": 347185,
            "gross_margin": 22.26,
            "gross_margin_4q_avg": 22.5,
            "net_income": 119031,
            "revenue": 1559987,
            "common_shares": 7439927,
            "book_valuer_per_share": 18.44,
            "book_valuer_per_share_4q_avg": 18.17,
            "equity": 17524134,
            "current_ratio": 166.37,
            "debt_ratio": 56.01,
            "inventory_turnover_ratio": 0.07,
            "account_receivable_turnover_ratio": 1.79,
            "reinvestment_rate": 185.68,
            "research_to_sale_ratio": 0.01,
            "price_fair": 27.2,
            "eps_avg_yearly": 0.78,
            "eps_latest_yearly": 0.48,
            "eps_growth_yearly": 1137.83
        },
        "20194": {
            "year_quarter": 20194,
            "year": 2019,
            "quarter": 4,
            "eps": 0.09,
            "eps_growth_year": null,
            "eps_4q": 1.12,
            "eps_4q_growth_year": 1033.39,
            "roe": 0.6,
            "roe_4q": 5.46,
            "gross_profit": 378263,
            "gross_margin": 25.2,
            "gross_margin_4q_avg": 24.25,
            "net_income": 105320,
            "revenue": 1501094,
            "common_shares": 7439927,
            "book_valuer_per_share": 18.45,
            "book_valuer_per_share_4q_avg": 18.31,
            "equity": 17769474,
            "current_ratio": 145.53,
            "debt_ratio": 56.12,
            "inventory_turnover_ratio": 0.07,
            "account_receivable_turnover_ratio": 1.75,
            "reinvestment_rate": 197.07,
            "research_to_sale_ratio": 0.09,
            "price_fair": 25.38,
            "eps_avg_yearly": 0.73,
            "eps_latest_yearly": 0.36,
            "eps_growth_yearly": 983.1
        },
        "20201": {
            "year_quarter": 20201,
            "year": 2020,
            "quarter": 1,
            "eps": -0.01,
            "eps_growth_year": null,
            "eps_4q": 1.14,
            "eps_4q_growth_year": 1960.14,
            "roe": 0.26,
            "roe_4q": 5.79,
            "gross_profit": 284452,
            "gross_margin": 21.89,
            "gross_margin_4q_avg": 25.23,
            "net_income": 45919,
            "revenue": 1299428,
            "common_shares": 7439927,
            "book_valuer_per_share": 18.4,
            "book_valuer_per_share_4q_avg": 18.44,
            "equity": 17786470,
            "current_ratio": 142.28,
            "debt_ratio": 56.41,
            "inventory_turnover_ratio": 0.06,
            "account_receivable_turnover_ratio": 1.35,
            "reinvestment_rate": 216.7,
            "research_to_sale_ratio": 0.01,
            "price_fair": 25.38,
            "eps_avg_yearly": 0.73,
            "eps_latest_yearly": 0.36,
            "eps_growth_yearly": 983.1
        },
        "20202": {
            "year_quarter": 20202,
            "year": 2020,
            "quarter": 2,
            "eps": 0.05,
            "eps_growth_year": -94.74,
            "eps_4q": 0.24,
            "eps_4q_growth_year": -74.09,
            "roe": 0.39,
            "roe_4q": 1.9300000000000002,
            "gross_profit": 277146,
            "gross_margin": 16.66,
            "gross_margin_4q_avg": 21.5,
            "net_income": 67648,
            "revenue": 1663977,
            "common_shares": 7439927,
            "book_valuer_per_share": 17.93,
            "book_valuer_per_share_4q_avg": 18.31,
            "equity": 17348998,
            "current_ratio": 131.22,
            "debt_ratio": 58,
            "inventory_turnover_ratio": 0.08,
            "account_receivable_turnover_ratio": 1.42,
            "reinvestment_rate": 221.17,
            "research_to_sale_ratio": 0.14,
            "price_fair": 27.8,
            "eps_avg_yearly": 0.79,
            "eps_latest_yearly": 0.36,
            "eps_growth_yearly": 1066.4
        },
        "20203": {
            "year_quarter": 20203,
            "year": 2020,
            "quarter": 3,
            "eps": 0.06,
            "eps_growth_year": -50,
            "eps_4q": 0.19,
            "eps_4q_growth_year": -80.89,
            "roe": 0.31,
            "roe_4q": 1.56,
            "gross_profit": 237865,
            "gross_margin": 15.1,
            "gross_margin_4q_avg": 19.71,
            "net_income": 54748,
            "revenue": 1574796,
            "common_shares": 7439927,
            "book_valuer_per_share": 18.04,
            "book_valuer_per_share_4q_avg": 18.21,
            "equity": 17454289,
            "current_ratio": 135.98,
            "debt_ratio": 58.17,
            "inventory_turnover_ratio": 0.08,
            "account_receivable_turnover_ratio": 1.33,
            "reinvestment_rate": 220.16,
            "research_to_sale_ratio": 0.02,
            "price_fair": 28.6,
            "eps_avg_yearly": 0.82,
            "eps_latest_yearly": 0.24,
            "eps_growth_yearly": 1115.93
        },
        "20204": {
            "year_quarter": 20204,
            "year": 2020,
            "quarter": 4,
            "eps": 0.04,
            "eps_growth_year": -51.07,
            "eps_4q": 0.14,
            "eps_4q_growth_year": -87.44,
            "roe": -0.26,
            "roe_4q": 0.7,
            "gross_profit": 248795,
            "gross_margin": 12.89,
            "gross_margin_4q_avg": 16.64,
            "net_income": -45135,
            "revenue": 1930740,
            "common_shares": 7439927,
            "book_valuer_per_share": 18.2,
            "book_valuer_per_share_4q_avg": 18.14,
            "equity": 17843943,
            "current_ratio": 153.17,
            "debt_ratio": 59.11,
            "inventory_turnover_ratio": 0.1,
            "account_receivable_turnover_ratio": 1.53,
            "reinvestment_rate": 290.08,
            "research_to_sale_ratio": 0,
            "price_fair": 28,
            "eps_avg_yearly": 0.8,
            "eps_latest_yearly": 0.16,
            "eps_growth_yearly": 954.02
        },
        "20211": {
            "year_quarter": 20211,
            "year": 2021,
            "quarter": 1,
            "eps": 0.03,
            "eps_growth_year": null,
            "eps_4q": 0.18,
            "eps_4q_growth_year": -84.39,
            "roe": 0.49,
            "roe_4q": 0.93,
            "gross_profit": 320332,
            "gross_margin": 22.22,
            "gross_margin_4q_avg": 16.72,
            "net_income": 88128,
            "revenue": 1441899,
            "common_shares": 7439927,
            "book_valuer_per_share": 18.11,
            "book_valuer_per_share_4q_avg": 18.07,
            "equity": 17835422,
            "current_ratio": 143.43,
            "debt_ratio": 59.43,
            "inventory_turnover_ratio": 0.07,
            "account_receivable_turnover_ratio": 1.03,
            "reinvestment_rate": 474.33,
            "research_to_sale_ratio": 0.03,
            "price_fair": 10,
            "eps_avg_yearly": 0.29,
            "eps_latest_yearly": 0.12,
            "eps_growth_yearly": 237.69
        },
        "20212": {
            "year_quarter": 20212,
            "year": 2021,
            "quarter": 2,
            "eps": -0.07,
            "eps_growth_year": -240,
            "eps_4q": 0.06,
            "eps_4q_growth_year": -75.95,
            "roe": -0.61,
            "roe_4q": -0.07,
            "gross_profit": 74897,
            "gross_margin": 6.85,
            "gross_margin_4q_avg": 14.27,
            "net_income": -107434,
            "revenue": 1092715,
            "common_shares": 7439927,
            "book_valuer_per_share": 18.05,
            "book_valuer_per_share_4q_avg": 18.1,
            "equity": 17645861,
            "current_ratio": 152.82,
            "debt_ratio": 60.27,
            "inventory_turnover_ratio": 0.06,
            "account_receivable_turnover_ratio": 0.81,
            "reinvestment_rate": 521.62,
            "research_to_sale_ratio": 0,
            "price_fair": 10,
            "eps_avg_yearly": 0.29,
            "eps_latest_yearly": 0.12,
            "eps_growth_yearly": 237.69
        },
        "20213": {
            "year_quarter": 20213,
            "year": 2021,
            "quarter": 3,
            "eps": 0.1,
            "eps_growth_year": 66.67,
            "eps_4q": 0.09,
            "eps_4q_growth_year": -49.63,
            "roe": 0.41,
            "roe_4q": 0.02999999999999997,
            "gross_profit": 265485,
            "gross_margin": 20.22,
            "gross_margin_4q_avg": 15.55,
            "net_income": 70841,
            "revenue": 1312770,
            "common_shares": 7439927,
            "book_valuer_per_share": 17.92,
            "book_valuer_per_share_4q_avg": 18.07,
            "equity": 17181876,
            "current_ratio": 159.01,
            "debt_ratio": 59.14,
            "inventory_turnover_ratio": 0.07,
            "account_receivable_turnover_ratio": 1.11,
            "reinvestment_rate": 181.93,
            "research_to_sale_ratio": 0.04,
            "price_fair": 10,
            "eps_avg_yearly": 0.29,
            "eps_latest_yearly": 0.12,
            "eps_growth_yearly": 237.69
        },
        "20214": {
            "year_quarter": 20214,
            "year": 2021,
            "quarter": 4,
            "eps": 0.36,
            "eps_growth_year": 764.07,
            "eps_4q": 0.42,
            "eps_4q_growth_year": 194.96,
            "roe": 0.75,
            "roe_4q": 1.04,
            "gross_profit": 483588,
            "gross_margin": 25.49,
            "gross_margin_4q_avg": 18.7,
            "net_income": 129553,
            "revenue": 1897236,
            "common_shares": 7439927,
            "book_valuer_per_share": 18.3,
            "book_valuer_per_share_4q_avg": 18.1,
            "equity": 17415036,
            "current_ratio": 161.21,
            "debt_ratio": 57.24,
            "inventory_turnover_ratio": 0.09,
            "account_receivable_turnover_ratio": 1.71,
            "reinvestment_rate": 146.44,
            "research_to_sale_ratio": 0,
            "price_fair": 15.05,
            "eps_avg_yearly": 0.43,
            "eps_latest_yearly": 1.44,
            "eps_growth_yearly": 337.98
        },
        "20221": {
            "year_quarter": 20221,
            "year": 2022,
            "quarter": 1,
            "eps": 0.06,
            "eps_growth_year": 100,
            "eps_4q": 0.45,
            "eps_4q_growth_year": 150.81,
            "roe": 0.52,
            "roe_4q": 1.0699999999999998,
            "gross_profit": 324502,
            "gross_margin": 22.94,
            "gross_margin_4q_avg": 18.88,
            "net_income": 90658,
            "revenue": 1414710,
            "common_shares": 7439927,
            "book_valuer_per_share": 18.27,
            "book_valuer_per_share_4q_avg": 18.14,
            "equity": 17430809,
            "current_ratio": 162.37,
            "debt_ratio": 56.26,
            "inventory_turnover_ratio": 0.07,
            "account_receivable_turnover_ratio": 1.25,
            "reinvestment_rate": 140.3,
            "research_to_sale_ratio": 0.03,
            "price_fair": 14.31,
            "eps_avg_yearly": 0.41,
            "eps_latest_yearly": 0.24,
            "eps_growth_yearly": 263.39
        },
        "20222": {
            "year_quarter": 20222,
            "year": 2022,
            "quarter": 2,
            "eps": 0.13,
            "eps_growth_year": null,
            "eps_4q": 0.64,
            "eps_4q_growth_year": 993.97,
            "roe": 0.44,
            "roe_4q": 2.12,
            "gross_profit": 339808,
            "gross_margin": 20.51,
            "gross_margin_4q_avg": 22.29,
            "net_income": 75531,
            "revenue": 1657142,
            "common_shares": 7439927,
            "book_valuer_per_share": 18.11,
            "book_valuer_per_share_4q_avg": 18.15,
            "equity": 17250237,
            "current_ratio": 156.28,
            "debt_ratio": 56.53,
            "inventory_turnover_ratio": 0.09,
            "account_receivable_turnover_ratio": 1.48,
            "reinvestment_rate": 117.56,
            "research_to_sale_ratio": 0,
            "price_fair": 15.4,
            "eps_avg_yearly": 0.44,
            "eps_latest_yearly": 0.52,
            "eps_growth_yearly": 93.02
        },
        "20223": {
            "year_quarter": 20223,
            "year": 2022,
            "quarter": 3,
            "eps": -0.08,
            "eps_growth_year": -180,
            "eps_4q": 0.46,
            "eps_4q_growth_year": 397.44,
            "roe": -1.11,
            "roe_4q": 0.5999999999999999,
            "gross_profit": -38339,
            "gross_margin": -2.44,
            "gross_margin_4q_avg": 16.63,
            "net_income": -190068,
            "revenue": 1571578,
            "common_shares": 7439927,
            "book_valuer_per_share": 17.93,
            "book_valuer_per_share_4q_avg": 18.15,
            "equity": 16974493,
            "current_ratio": 154.76,
            "debt_ratio": 57.03,
            "inventory_turnover_ratio": 0.11,
            "account_receivable_turnover_ratio": 1.45,
            "reinvestment_rate": 129.28,
            "research_to_sale_ratio": 0,
            "price_fair": 15.58,
            "eps_avg_yearly": 0.45,
            "eps_latest_yearly": 0.52,
            "eps_growth_yearly": 71.32
        },
        "20224": {
            "year_quarter": 20224,
            "year": 2022,
            "quarter": 4,
            "eps": -0.04,
            "eps_growth_year": -111.06,
            "eps_4q": 0.06,
            "eps_4q_growth_year": -85.95,
            "roe": -0.61,
            "roe_4q": -0.7600000000000002,
            "gross_profit": 88913,
            "gross_margin": 5.35,
            "gross_margin_4q_avg": 11.59,
            "net_income": -104047,
            "revenue": 1661756,
            "common_shares": 7439927,
            "book_valuer_per_share": 17.91,
            "book_valuer_per_share_4q_avg": 18.06,
            "equity": 16901748,
            "current_ratio": 150.47,
            "debt_ratio": 57.95,
            "inventory_turnover_ratio": 0.1,
            "account_receivable_turnover_ratio": 1.3,
            "reinvestment_rate": 133.32,
            "research_to_sale_ratio": 0,
            "price_fair": 15.58,
            "eps_avg_yearly": 0.45,
            "eps_latest_yearly": 0.52,
            "eps_growth_yearly": 71.32
        },
        "20231": {
            "year_quarter": 20231,
            "year": 2023,
            "quarter": 1,
            "eps": -0.01,
            "eps_growth_year": -116.67,
            "eps_4q": -0.01,
            "eps_4q_growth_year": -102.26,
            "roe": -0.23,
            "roe_4q": -1.5100000000000002,
            "gross_profit": 172252,
            "gross_margin": 11.75,
            "gross_margin_4q_avg": 8.79,
            "net_income": -39769,
            "revenue": 1465990,
            "common_shares": 7439927,
            "book_valuer_per_share": 17.92,
            "book_valuer_per_share_4q_avg": 17.97,
            "equity": 16978579,
            "current_ratio": 155.38,
            "debt_ratio": 57.82,
            "inventory_turnover_ratio": 0.09,
            "account_receivable_turnover_ratio": 0.98,
            "reinvestment_rate": 131.5,
            "research_to_sale_ratio": 0,
            "price_fair": 15.58,
            "eps_avg_yearly": 0.45,
            "eps_latest_yearly": 0.52,
            "eps_growth_yearly": 71.32
        }
    },
    "months": {
        "2001-06": {
            "month": "2001-06",
            "price": "3.64",
            "revenue": 23267
        },
        "2001-07": {
            "month": "2001-07",
            "price": "2.67",
            "revenue": 67307
        },
        "2001-08": {
            "month": "2001-08",
            "price": "2.95",
            "revenue": 29807
        },
        "2001-09": {
            "month": "2001-09",
            "price": "2.70",
            "revenue": 5108
        },
        "2001-10": {
            "month": "2001-10",
            "price": "2.10",
            "revenue": 5336
        },
        "2001-11": {
            "month": "2001-11",
            "price": "1.87",
            "revenue": 53420
        },
        "2001-12": {
            "month": "2001-12",
            "price": "2.69",
            "revenue": 4904
        },
        "2002-01": {
            "month": "2002-01",
            "price": "3.93",
            "revenue": 105477
        },
        "2002-02": {
            "month": "2002-02",
            "price": "3.94",
            "revenue": 56765
        },
        "2002-03": {
            "month": "2002-03",
            "price": "4.86",
            "revenue": 24877
        },
        "2002-04": {
            "month": "2002-04",
            "price": "6.67",
            "revenue": 7277
        },
        "2002-05": {
            "month": "2002-05",
            "price": "7.15",
            "revenue": 87017
        },
        "2002-06": {
            "month": "2002-06",
            "price": "6.06",
            "revenue": 5346
        },
        "2002-07": {
            "month": "2002-07",
            "price": "4.97",
            "revenue": 28457
        },
        "2002-08": {
            "month": "2002-08",
            "price": "3.98",
            "revenue": 143519
        },
        "2002-09": {
            "month": "2002-09",
            "price": "3.29",
            "revenue": 25468
        },
        "2002-10": {
            "month": "2002-10",
            "price": "3.04",
            "revenue": 6882
        },
        "2002-11": {
            "month": "2002-11",
            "price": "3.41",
            "revenue": 6530
        },
        "2002-12": {
            "month": "2002-12",
            "price": "3.72",
            "revenue": 791928
        },
        "2003-01": {
            "month": "2003-01",
            "price": "4.62",
            "revenue": 316891
        },
        "2003-02": {
            "month": "2003-02",
            "price": "5.03",
            "revenue": 187376
        },
        "2003-03": {
            "month": "2003-03",
            "price": "4.49",
            "revenue": 134441
        },
        "2003-04": {
            "month": "2003-04",
            "price": "4.68",
            "revenue": 183001
        },
        "2003-05": {
            "month": "2003-05",
            "price": "4.46",
            "revenue": 40262
        },
        "2003-06": {
            "month": "2003-06",
            "price": "4.72",
            "revenue": 1191702
        },
        "2003-07": {
            "month": "2003-07",
            "price": "5.88",
            "revenue": 234901
        },
        "2003-08": {
            "month": "2003-08",
            "price": "6.47",
            "revenue": 9721
        },
        "2003-09": {
            "month": "2003-09",
            "price": "7.31",
            "revenue": 244619
        },
        "2003-10": {
            "month": "2003-10",
            "price": "10.58",
            "revenue": 15674
        },
        "2003-11": {
            "month": "2003-11",
            "price": "9.78",
            "revenue": 88053
        },
        "2003-12": {
            "month": "2003-12",
            "price": "9.44",
            "revenue": 18487
        },
        "2004-01": {
            "month": "2004-01",
            "price": "12.24",
            "revenue": 8666
        },
        "2004-02": {
            "month": "2004-02",
            "price": "13.09",
            "revenue": 99649
        },
        "2004-03": {
            "month": "2004-03",
            "price": "12.17",
            "revenue": 133827
        },
        "2004-04": {
            "month": "2004-04",
            "price": "10.86",
            "revenue": 445162
        },
        "2004-05": {
            "month": "2004-05",
            "price": "10.09",
            "revenue": 109560
        },
        "2004-06": {
            "month": "2004-06",
            "price": "11.23",
            "revenue": 239758
        },
        "2004-07": {
            "month": "2004-07",
            "price": "10.34",
            "revenue": 90872
        },
        "2004-08": {
            "month": "2004-08",
            "price": "10.30",
            "revenue": 416944
        },
        "2004-09": {
            "month": "2004-09",
            "price": "11.37",
            "revenue": 203774
        },
        "2004-10": {
            "month": "2004-10",
            "price": "11.56",
            "revenue": 187315
        },
        "2004-11": {
            "month": "2004-11",
            "price": "10.59",
            "revenue": 147850
        },
        "2004-12": {
            "month": "2004-12",
            "price": "11.30",
            "revenue": 512167
        },
        "2005-01": {
            "month": "2005-01",
            "price": "11.00",
            "revenue": 330059
        },
        "2005-02": {
            "month": "2005-02",
            "price": "10.28",
            "revenue": 79842
        },
        "2005-03": {
            "month": "2005-03",
            "price": "10.01",
            "revenue": 300831
        },
        "2005-04": {
            "month": "2005-04",
            "price": "9.89",
            "revenue": 397024
        },
        "2005-05": {
            "month": "2005-05",
            "price": "10.50",
            "revenue": 251757
        },
        "2005-06": {
            "month": "2005-06",
            "price": "11.07",
            "revenue": 77020
        },
        "2005-07": {
            "month": "2005-07",
            "price": "10.32",
            "revenue": 180744
        },
        "2005-08": {
            "month": "2005-08",
            "price": "10.18",
            "revenue": 103019
        },
        "2005-09": {
            "month": "2005-09",
            "price": "9.81",
            "revenue": 252133
        },
        "2005-10": {
            "month": "2005-10",
            "price": "8.34",
            "revenue": 219435
        },
        "2005-11": {
            "month": "2005-11",
            "price": "7.89",
            "revenue": 110803
        },
        "2005-12": {
            "month": "2005-12",
            "price": "9.96",
            "revenue": 462468
        },
        "2006-01": {
            "month": "2006-01",
            "price": "10.61",
            "revenue": 44858
        },
        "2006-02": {
            "month": "2006-02",
            "price": "10.73",
            "revenue": 46939
        },
        "2006-03": {
            "month": "2006-03",
            "price": "10.42",
            "revenue": 67218
        },
        "2006-04": {
            "month": "2006-04",
            "price": "14.09",
            "revenue": 98741
        },
        "2006-05": {
            "month": "2006-05",
            "price": "24.65",
            "revenue": 48256
        },
        "2006-06": {
            "month": "2006-06",
            "price": "22.95",
            "revenue": 233131
        },
        "2006-07": {
            "month": "2006-07",
            "price": "21.69",
            "revenue": 329840
        },
        "2006-08": {
            "month": "2006-08",
            "price": "17.83",
            "revenue": 148243
        },
        "2006-09": {
            "month": "2006-09",
            "price": "14.48",
            "revenue": 265251
        },
        "2006-10": {
            "month": "2006-10",
            "price": "17.88",
            "revenue": 323107
        },
        "2006-11": {
            "month": "2006-11",
            "price": "22.29",
            "revenue": 536136
        },
        "2006-12": {
            "month": "2006-12",
            "price": "24.47",
            "revenue": 338076
        },
        "2007-01": {
            "month": "2007-01",
            "price": "21.60",
            "revenue": 146171
        },
        "2007-02": {
            "month": "2007-02",
            "price": "23.41",
            "revenue": 155118
        },
        "2007-03": {
            "month": "2007-03",
            "price": "25.00",
            "revenue": 305657
        },
        "2007-04": {
            "month": "2007-04",
            "price": "24.37",
            "revenue": 362034
        },
        "2007-05": {
            "month": "2007-05",
            "price": "22.86",
            "revenue": 306019
        },
        "2007-06": {
            "month": "2007-06",
            "price": "22.04",
            "revenue": 462149
        },
        "2007-07": {
            "month": "2007-07",
            "price": "25.49",
            "revenue": 310067
        },
        "2007-08": {
            "month": "2007-08",
            "price": "20.99",
            "revenue": 257407
        },
        "2007-09": {
            "month": "2007-09",
            "price": "18.60",
            "revenue": 212115
        },
        "2007-10": {
            "month": "2007-10",
            "price": "17.51",
            "revenue": 275612
        },
        "2007-11": {
            "month": "2007-11",
            "price": "15.43",
            "revenue": 440852
        },
        "2007-12": {
            "month": "2007-12",
            "price": "13.17",
            "revenue": 1090040
        },
        "2008-01": {
            "month": "2008-01",
            "price": "14.72",
            "revenue": 95213
        },
        "2008-02": {
            "month": "2008-02",
            "price": "18.16",
            "revenue": 54613
        },
        "2008-03": {
            "month": "2008-03",
            "price": "22.55",
            "revenue": 317677
        },
        "2008-04": {
            "month": "2008-04",
            "price": "28.52",
            "revenue": 271252
        },
        "2008-05": {
            "month": "2008-05",
            "price": "28.33",
            "revenue": 132392
        },
        "2008-06": {
            "month": "2008-06",
            "price": "21.07",
            "revenue": 499331
        },
        "2008-07": {
            "month": "2008-07",
            "price": "16.95",
            "revenue": 329000
        },
        "2008-08": {
            "month": "2008-08",
            "price": "12.93",
            "revenue": 246163
        },
        "2008-09": {
            "month": "2008-09",
            "price": "7.46",
            "revenue": 331328
        },
        "2008-10": {
            "month": "2008-10",
            "price": "5.25",
            "revenue": 217580
        },
        "2008-11": {
            "month": "2008-11",
            "price": "5.55",
            "revenue": 374110
        },
        "2008-12": {
            "month": "2008-12",
            "price": "5.37",
            "revenue": 547333
        },
        "2009-01": {
            "month": "2009-01",
            "price": "5.07",
            "revenue": 355685
        },
        "2009-02": {
            "month": "2009-02",
            "price": "4.58",
            "revenue": 473570
        },
        "2009-03": {
            "month": "2009-03",
            "price": "6.07",
            "revenue": 547103
        },
        "2009-04": {
            "month": "2009-04",
            "price": "9.98",
            "revenue": 228529
        },
        "2009-05": {
            "month": "2009-05",
            "price": "12.85",
            "revenue": 167774
        },
        "2009-06": {
            "month": "2009-06",
            "price": "14.49",
            "revenue": 429627
        },
        "2009-07": {
            "month": "2009-07",
            "price": "15.84",
            "revenue": 320922
        },
        "2009-08": {
            "month": "2009-08",
            "price": "13.10",
            "revenue": 159461
        },
        "2009-09": {
            "month": "2009-09",
            "price": "13.91",
            "revenue": 156884
        },
        "2009-10": {
            "month": "2009-10",
            "price": "16.97",
            "revenue": 139295
        },
        "2009-11": {
            "month": "2009-11",
            "price": "15.88",
            "revenue": 82114
        },
        "2009-12": {
            "month": "2009-12",
            "price": "16.89",
            "revenue": 1416225
        },
        "2010-01": {
            "month": "2010-01",
            "price": "18.26",
            "revenue": 47826
        },
        "2010-02": {
            "month": "2010-02",
            "price": "15.11",
            "revenue": 46688
        },
        "2010-03": {
            "month": "2010-03",
            "price": "16.10",
            "revenue": 178727
        },
        "2010-04": {
            "month": "2010-04",
            "price": "16.07",
            "revenue": 161703
        },
        "2010-05": {
            "month": "2010-05",
            "price": "14.55",
            "revenue": 44127
        },
        "2010-06": {
            "month": "2010-06",
            "price": "14.14",
            "revenue": 141267
        },
        "2010-07": {
            "month": "2010-07",
            "price": "14.72",
            "revenue": 190014
        },
        "2010-08": {
            "month": "2010-08",
            "price": "15.97",
            "revenue": 1411840
        },
        "2010-09": {
            "month": "2010-09",
            "price": "16.59",
            "revenue": 152045
        },
        "2010-10": {
            "month": "2010-10",
            "price": "18.54",
            "revenue": 126888
        },
        "2010-11": {
            "month": "2010-11",
            "price": "18.30",
            "revenue": 568220
        },
        "2010-12": {
            "month": "2010-12",
            "price": "18.82",
            "revenue": 665072
        },
        "2011-01": {
            "month": "2011-01",
            "price": "18.37",
            "revenue": 147235
        },
        "2011-02": {
            "month": "2011-02",
            "price": "17.08",
            "revenue": 104681
        },
        "2011-03": {
            "month": "2011-03",
            "price": "15.12",
            "revenue": 146689
        },
        "2011-04": {
            "month": "2011-04",
            "price": "15.41",
            "revenue": 190724
        },
        "2011-05": {
            "month": "2011-05",
            "price": "16.20",
            "revenue": 120539
        },
        "2011-06": {
            "month": "2011-06",
            "price": "16.54",
            "revenue": 325257
        },
        "2011-07": {
            "month": "2011-07",
            "price": "17.70",
            "revenue": 86669
        },
        "2011-08": {
            "month": "2011-08",
            "price": "15.43",
            "revenue": 351713
        },
        "2011-09": {
            "month": "2011-09",
            "price": "12.02",
            "revenue": 561819
        },
        "2011-10": {
            "month": "2011-10",
            "price": "12.10",
            "revenue": 67062
        },
        "2011-11": {
            "month": "2011-11",
            "price": "11.87",
            "revenue": 173859
        },
        "2011-12": {
            "month": "2011-12",
            "price": "10.38",
            "revenue": 87463
        },
        "2012-01": {
            "month": "2012-01",
            "price": "10.63",
            "revenue": 25966
        },
        "2012-02": {
            "month": "2012-02",
            "price": "12.98",
            "revenue": 21693
        },
        "2012-03": {
            "month": "2012-03",
            "price": "14.72",
            "revenue": 64208
        },
        "2012-04": {
            "month": "2012-04",
            "price": "12.80",
            "revenue": 122952
        },
        "2012-05": {
            "month": "2012-05",
            "price": "11.77",
            "revenue": 65315
        },
        "2012-06": {
            "month": "2012-06",
            "price": "12.09",
            "revenue": 1452024
        },
        "2012-07": {
            "month": "2012-07",
            "price": "14.09",
            "revenue": 1684456
        },
        "2012-08": {
            "month": "2012-08",
            "price": "14.02",
            "revenue": 2941823
        },
        "2012-09": {
            "month": "2012-09",
            "price": "15.01",
            "revenue": 91415
        },
        "2012-10": {
            "month": "2012-10",
            "price": "14.16",
            "revenue": 170045
        },
        "2012-11": {
            "month": "2012-11",
            "price": "14.30",
            "revenue": 116608
        },
        "2012-12": {
            "month": "2012-12",
            "price": "14.91",
            "revenue": 112023
        },
        "2013-01": {
            "month": "2013-01",
            "price": "15.72",
            "revenue": 166347
        },
        "2013-02": {
            "month": "2013-02",
            "price": "15.91",
            "revenue": 155021
        },
        "2013-03": {
            "month": "2013-03",
            "price": "16.00",
            "revenue": 141636
        },
        "2013-04": {
            "month": "2013-04",
            "price": "15.66",
            "revenue": 132382
        },
        "2013-05": {
            "month": "2013-05",
            "price": "15.76",
            "revenue": 155937
        },
        "2013-06": {
            "month": "2013-06",
            "price": "15.76",
            "revenue": 153071
        },
        "2013-07": {
            "month": "2013-07",
            "price": "15.76",
            "revenue": 529842
        },
        "2013-08": {
            "month": "2013-08",
            "price": "14.85",
            "revenue": 232081
        },
        "2013-09": {
            "month": "2013-09",
            "price": "12.98",
            "revenue": 143402
        },
        "2013-10": {
            "month": "2013-10",
            "price": "12.80",
            "revenue": 175437
        },
        "2013-11": {
            "month": "2013-11",
            "price": "13.43",
            "revenue": 293416
        },
        "2013-12": {
            "month": "2013-12",
            "price": "13.27",
            "revenue": 373583
        },
        "2014-01": {
            "month": "2014-01",
            "price": "13.12",
            "revenue": 202048
        },
        "2014-02": {
            "month": "2014-02",
            "price": "13.18",
            "revenue": 108469
        },
        "2014-03": {
            "month": "2014-03",
            "price": "13.41",
            "revenue": 154948
        },
        "2014-04": {
            "month": "2014-04",
            "price": "14.59",
            "revenue": 302167
        },
        "2014-05": {
            "month": "2014-05",
            "price": "14.68",
            "revenue": 951293
        },
        "2014-06": {
            "month": "2014-06",
            "price": "14.23",
            "revenue": 1026986
        },
        "2014-07": {
            "month": "2014-07",
            "price": "13.43",
            "revenue": 1412540
        },
        "2014-08": {
            "month": "2014-08",
            "price": "13.20",
            "revenue": 1023032
        },
        "2014-09": {
            "month": "2014-09",
            "price": "13.18",
            "revenue": 311993
        },
        "2014-10": {
            "month": "2014-10",
            "price": "12.90",
            "revenue": 341272
        },
        "2014-11": {
            "month": "2014-11",
            "price": "13.14",
            "revenue": 394134
        },
        "2014-12": {
            "month": "2014-12",
            "price": "13.83",
            "revenue": 99404
        },
        "2015-01": {
            "month": "2015-01",
            "price": "13.58",
            "revenue": 161836
        },
        "2015-02": {
            "month": "2015-02",
            "price": "13.33",
            "revenue": 140577
        },
        "2015-03": {
            "month": "2015-03",
            "price": "13.35",
            "revenue": 136188
        },
        "2015-04": {
            "month": "2015-04",
            "price": "13.30",
            "revenue": 123042
        },
        "2015-05": {
            "month": "2015-05",
            "price": "12.36",
            "revenue": 151147
        },
        "2015-06": {
            "month": "2015-06",
            "price": "11.78",
            "revenue": 137971
        },
        "2015-07": {
            "month": "2015-07",
            "price": "11.51",
            "revenue": 114803
        },
        "2015-08": {
            "month": "2015-08",
            "price": "9.96",
            "revenue": 128381
        },
        "2015-09": {
            "month": "2015-09",
            "price": "9.63",
            "revenue": 149087
        },
        "2015-10": {
            "month": "2015-10",
            "price": "10.32",
            "revenue": 144057
        },
        "2015-11": {
            "month": "2015-11",
            "price": "9.83",
            "revenue": 198954
        },
        "2015-12": {
            "month": "2015-12",
            "price": "9.22",
            "revenue": 249086
        },
        "2016-01": {
            "month": "2016-01",
            "price": "8.85",
            "revenue": 189987
        },
        "2016-02": {
            "month": "2016-02",
            "price": "9.30",
            "revenue": 188007
        },
        "2016-03": {
            "month": "2016-03",
            "price": "10.04",
            "revenue": 203600
        },
        "2016-04": {
            "month": "2016-04",
            "price": "9.40",
            "revenue": 195943
        },
        "2016-05": {
            "month": "2016-05",
            "price": "9.04",
            "revenue": 158203
        },
        "2016-06": {
            "month": "2016-06",
            "price": "9.14",
            "revenue": 197219
        },
        "2016-07": {
            "month": "2016-07",
            "price": "8.84",
            "revenue": 173728
        },
        "2016-08": {
            "month": "2016-08",
            "price": "9.06",
            "revenue": 240294
        },
        "2016-09": {
            "month": "2016-09",
            "price": "9.07",
            "revenue": 185183
        },
        "2016-10": {
            "month": "2016-10",
            "price": "8.76",
            "revenue": 221050
        },
        "2016-11": {
            "month": "2016-11",
            "price": "8.26",
            "revenue": 338483
        },
        "2016-12": {
            "month": "2016-12",
            "price": "8.04",
            "revenue": 377517
        },
        "2017-01": {
            "month": "2017-01",
            "price": "8.00",
            "revenue": 198436
        },
        "2017-02": {
            "month": "2017-02",
            "price": "8.61",
            "revenue": 230564
        },
        "2017-03": {
            "month": "2017-03",
            "price": "9.11",
            "revenue": 2591214
        },
        "2017-04": {
            "month": "2017-04",
            "price": "9.32",
            "revenue": 187279
        },
        "2017-05": {
            "month": "2017-05",
            "price": "9.38",
            "revenue": 272629
        },
        "2017-06": {
            "month": "2017-06",
            "price": "10.10",
            "revenue": 233488
        },
        "2017-07": {
            "month": "2017-07",
            "price": "9.71",
            "revenue": 388660
        },
        "2017-08": {
            "month": "2017-08",
            "price": "9.63",
            "revenue": 312066
        },
        "2017-09": {
            "month": "2017-09",
            "price": "9.34",
            "revenue": 262015
        },
        "2017-10": {
            "month": "2017-10",
            "price": "9.39",
            "revenue": 267839
        },
        "2017-11": {
            "month": "2017-11",
            "price": "9.36",
            "revenue": 419606
        },
        "2017-12": {
            "month": "2017-12",
            "price": "9.37",
            "revenue": 383698
        },
        "2018-01": {
            "month": "2018-01",
            "price": "10.14",
            "revenue": 380983
        },
        "2018-02": {
            "month": "2018-02",
            "price": "9.65",
            "revenue": 363437
        },
        "2018-03": {
            "month": "2018-03",
            "price": "10.37",
            "revenue": 344887
        },
        "2018-04": {
            "month": "2018-04",
            "price": "12.48",
            "revenue": 335742
        },
        "2018-05": {
            "month": "2018-05",
            "price": "10.90",
            "revenue": 635325
        },
        "2018-06": {
            "month": "2018-06",
            "price": "10.94",
            "revenue": 576855
        },
        "2018-07": {
            "month": "2018-07",
            "price": "10.27",
            "revenue": 508801
        },
        "2018-08": {
            "month": "2018-08",
            "price": "10.22",
            "revenue": 505455
        },
        "2018-09": {
            "month": "2018-09",
            "price": "10.19",
            "revenue": 531033
        },
        "2018-10": {
            "month": "2018-10",
            "price": "9.26",
            "revenue": 499700
        },
        "2018-11": {
            "month": "2018-11",
            "price": "9.06",
            "revenue": 578184
        },
        "2018-12": {
            "month": "2018-12",
            "price": "9.10",
            "revenue": 685948
        },
        "2019-01": {
            "month": "2019-01",
            "price": "9.00",
            "revenue": 564311
        },
        "2019-02": {
            "month": "2019-02",
            "price": "9.11",
            "revenue": 322731
        },
        "2019-03": {
            "month": "2019-03",
            "price": "9.48",
            "revenue": 421372
        },
        "2019-04": {
            "month": "2019-04",
            "price": "9.28",
            "revenue": 544645
        },
        "2019-05": {
            "month": "2019-05",
            "price": "8.96",
            "revenue": 492587
        },
        "2019-06": {
            "month": "2019-06",
            "price": "9.25",
            "revenue": 2418720
        },
        "2019-07": {
            "month": "2019-07",
            "price": "9.28",
            "revenue": 609931
        },
        "2019-08": {
            "month": "2019-08",
            "price": "9.88",
            "revenue": 540601
        },
        "2019-09": {
            "month": "2019-09",
            "price": "10.16",
            "revenue": 408266
        },
        "2019-10": {
            "month": "2019-10",
            "price": "10.75",
            "revenue": 322514
        },
        "2019-11": {
            "month": "2019-11",
            "price": "10.55",
            "revenue": 479969
        },
        "2019-12": {
            "month": "2019-12",
            "price": "10.33",
            "revenue": 697350
        },
        "2020-01": {
            "month": "2020-01",
            "price": "10.34",
            "revenue": 386449
        },
        "2020-02": {
            "month": "2020-02",
            "price": "9.81",
            "revenue": 426455
        },
        "2020-03": {
            "month": "2020-03",
            "price": "8.27",
            "revenue": 485812
        },
        "2020-04": {
            "month": "2020-04",
            "price": "8.77",
            "revenue": 410692
        },
        "2020-05": {
            "month": "2020-05",
            "price": "9.37",
            "revenue": 771622
        },
        "2020-06": {
            "month": "2020-06",
            "price": "9.87",
            "revenue": 481049
        },
        "2020-07": {
            "month": "2020-07",
            "price": "9.76",
            "revenue": 450693
        },
        "2020-08": {
            "month": "2020-08",
            "price": "9.36",
            "revenue": 607648
        },
        "2020-09": {
            "month": "2020-09",
            "price": "9.62",
            "revenue": 517841
        },
        "2020-10": {
            "month": "2020-10",
            "price": "10.11",
            "revenue": 533112
        },
        "2020-11": {
            "month": "2020-11",
            "price": "10.15",
            "revenue": 517451
        },
        "2020-12": {
            "month": "2020-12",
            "price": "10.17",
            "revenue": 874354
        },
        "2021-01": {
            "month": "2021-01",
            "price": "9.83",
            "revenue": 570611
        },
        "2021-02": {
            "month": "2021-02",
            "price": "9.99",
            "revenue": 382566
        },
        "2021-03": {
            "month": "2021-03",
            "price": "10.37",
            "revenue": 482980
        },
        "2021-04": {
            "month": "2021-04",
            "price": "10.73",
            "revenue": 372847
        },
        "2021-05": {
            "month": "2021-05",
            "price": "10.03",
            "revenue": 419109
        },
        "2021-06": {
            "month": "2021-06",
            "price": "9.60",
            "revenue": 305176
        },
        "2021-07": {
            "month": "2021-07",
            "price": "9.50",
            "revenue": 415449
        },
        "2021-08": {
            "month": "2021-08",
            "price": "9.13",
            "revenue": 450287
        },
        "2021-09": {
            "month": "2021-09",
            "price": "9.12",
            "revenue": 426345
        },
        "2021-10": {
            "month": "2021-10",
            "price": "9.02",
            "revenue": 750641
        },
        "2021-11": {
            "month": "2021-11",
            "price": "9.32",
            "revenue": 516048
        },
        "2021-12": {
            "month": "2021-12",
            "price": "9.36",
            "revenue": 679491
        },
        "2022-01": {
            "month": "2022-01",
            "price": "9.33",
            "revenue": 419643
        },
        "2022-02": {
            "month": "2022-02",
            "price": "9.30",
            "revenue": 491332
        },
        "2022-03": {
            "month": "2022-03",
            "price": "9.16",
            "revenue": 503741
        },
        "2022-04": {
            "month": "2022-04",
            "price": "9.34",
            "revenue": 379140
        },
        "2022-05": {
            "month": "2022-05",
            "price": "8.88",
            "revenue": 658450
        },
        "2022-06": {
            "month": "2022-06",
            "price": "8.77",
            "revenue": 619566
        },
        "2022-07": {
            "month": "2022-07",
            "price": "8.56",
            "revenue": 681285
        },
        "2022-08": {
            "month": "2022-08",
            "price": "8.93",
            "revenue": 559362
        },
        "2022-09": {
            "month": "2022-09",
            "price": "8.79",
            "revenue": 347336
        },
        "2022-10": {
            "month": "2022-10",
            "price": "8.43",
            "revenue": 439069
        },
        "2022-11": {
            "month": "2022-11",
            "price": "8.31",
            "revenue": 570026
        },
        "2022-12": {
            "month": "2022-12",
            "price": "8.59",
            "revenue": 552984
        },
        "2023-01": {
            "month": "2023-01",
            "price": "8.58",
            "revenue": 403463
        },
        "2023-02": {
            "month": "2023-02",
            "price": "9.19",
            "revenue": 379147
        },
        "2023-03": {
            "month": "2023-03",
            "price": "10.28",
            "revenue": 683381
        },
        "2023-04": {
            "month": "2023-04",
            "price": "9.84",
            "revenue": 431679
        }
    }
}
