{
    "summary": {
        "stock_name": "三豐",
        "stock_id": "5514",
        "category": "建材營造",
        "main_business": "委託營造廠商興建國民住宅及商業大樓出租、出售業務。",
        "website_url": "http://www.sunfon.com.tw",
        "ceo": "游瑞興",
        "pe_ratio": -229,
        "report_year_from": 2001,
        "report_year_to": 2023,
        "age": 22,
        "eps_negative_percentage": 17,
        "eps_growth_avg": {
            "last_all": 14.62,
            "last_2y": -70.5,
            "last_4y": -31.6,
            "last_8y": -9.11,
            "last_12y": 13.9,
            "last_16y": 8.02,
            "last_20y": 14.62,
            "at_2006_last_3y": 55.07,
            "at_2007_last_3y": 18.54,
            "at_2008_last_3y": 7.23,
            "at_2009_last_3y": -8.17,
            "at_2010_last_3y": 6.82,
            "at_2011_last_3y": 43.36,
            "at_2012_last_3y": 40.95,
            "at_2013_last_3y": 54.17,
            "at_2014_last_3y": 50.73,
            "at_2015_last_3y": 0.73,
            "at_2016_last_3y": -14.06,
            "at_2017_last_3y": 20.88,
            "at_2018_last_3y": -28.46,
            "at_2019_last_3y": 38.2,
            "at_2020_last_3y": 18.4,
            "at_2021_last_3y": -31.6,
            "at_2022_last_3y": -13.67,
            "at_2023_last_3y": -13.67,
            "at_2006_last_all": 34.79,
            "at_2007_last_all": 21.3,
            "at_2008_last_all": 26.08,
            "at_2009_last_all": 15.61,
            "at_2010_last_all": 22.36,
            "at_2011_last_all": 30.12,
            "at_2012_last_all": 31.49,
            "at_2013_last_all": 28.46,
            "at_2014_last_all": 31.09,
            "at_2015_last_all": 21.73,
            "at_2016_last_all": 21.73,
            "at_2017_last_all": 26.94,
            "at_2018_last_all": 19.92,
            "at_2019_last_all": 24.63,
            "at_2020_last_all": 20.99,
            "at_2021_last_all": 14.62,
            "at_2022_last_all": 14.62,
            "at_2023_last_all": 14.62
        },
        "latest_eps": -0.09,
        "latest_price": 20.65,
        "latest_roe": -0.66,
        "latest_gross_margin": 80.56,
        "latest_equity": 2749763,
        "latest_revenue": 1646,
        "latest_gross_profit": 1326,
        "latest_net_income": -14826,
        "latest_debt_ratio": 42.31,
        "latest_current_ratio": 183.26,
        "latest_account_receivable_turnover_ratio": null,
        "latest_inventory_turnover_ratio": 0,
        "latest_reinvestment_rate": 4.83,
        "latest_research_to_sale_ratio": null
    },
    "eps_dividends": {
        "1996": {
            "cash": 0.5,
            "stock": 0.52,
            "eps": 0
        },
        "1998": {
            "cash": 0,
            "stock": 1,
            "eps": 0
        },
        "1999": {
            "cash": 0.2,
            "stock": 0.8,
            "eps": 0
        },
        "2000": {
            "cash": 0,
            "stock": 0.6,
            "eps": 0
        },
        "2001": {
            "cash": 0.9,
            "stock": 0,
            "eps": 0.41
        },
        "2002": {
            "cash": 0.4,
            "stock": 0,
            "eps": 0.22
        },
        "2003": {
            "cash": 0.5,
            "stock": 0,
            "eps": 0.48
        },
        "2004": {
            "cash": 0.2,
            "stock": 0.5,
            "eps": 1.29
        },
        "2005": {
            "cash": 1,
            "stock": 0,
            "eps": 1.34
        },
        "2006": {
            "cash": 1.1,
            "stock": 0,
            "eps": 1.56
        },
        "2007": {
            "cash": 1.5,
            "stock": 0,
            "eps": 0.84
        },
        "2008": {
            "cash": 1,
            "stock": 0,
            "eps": 1.3
        },
        "2009": {
            "cash": 1.1,
            "stock": 0,
            "eps": 0.55
        },
        "2010": {
            "cash": 0,
            "stock": 0.8,
            "eps": 0.97
        },
        "2011": {
            "cash": 0,
            "stock": 0.9,
            "eps": 2.15
        },
        "2012": {
            "cash": 0.2,
            "stock": 1.5,
            "eps": 3.12
        },
        "2013": {
            "cash": 0.5,
            "stock": 1.5,
            "eps": 2.97
        },
        "2014": {
            "cash": 0,
            "stock": 0,
            "eps": 4.83
        },
        "2015": {
            "cash": 0.5,
            "stock": 1.5,
            "eps": -0.06
        },
        "2016": {
            "cash": 0,
            "stock": 0,
            "eps": 0.43
        },
        "2017": {
            "cash": 0.35,
            "stock": 0,
            "eps": 0.89
        },
        "2018": {
            "cash": 0.6,
            "stock": 0,
            "eps": 0.13
        },
        "2019": {
            "cash": 0.2,
            "stock": 0,
            "eps": 2
        },
        "2020": {
            "cash": 0.5,
            "stock": 1,
            "eps": 1.18
        },
        "2021": {
            "cash": 0.5,
            "stock": 0.7,
            "eps": -0.04
        },
        "2022": {
            "cash": 0,
            "stock": 0.4,
            "eps": -0.07
        },
        "2023": {
            "cash": 0,
            "stock": 0,
            "eps": -0.07
        }
    },
    "dividends": {
        "1996-05-29": {
            "cash": 0.5,
            "stock": 0.52
        },
        "1998-06-04": {
            "cash": 0,
            "stock": 1
        },
        "1999-05-29": {
            "cash": 0.2,
            "stock": 0.8
        },
        "2000-04-29": {
            "cash": 0,
            "stock": 0.6
        },
        "2001-05-10": {
            "cash": 0.9,
            "stock": 0
        },
        "2002-05-30": {
            "cash": 0.4,
            "stock": 0
        },
        "2003-05-30": {
            "cash": 0.5,
            "stock": 0
        },
        "2004-05-28": {
            "cash": 0.2,
            "stock": 0.5
        },
        "2005-03-03": {
            "cash": 1,
            "stock": 0
        },
        "2006-03-23": {
            "cash": 1.1,
            "stock": 0
        },
        "2007-03-23": {
            "cash": 1.5,
            "stock": 0
        },
        "2008-03-21": {
            "cash": 1,
            "stock": 0
        },
        "2009-03-19": {
            "cash": 1.1,
            "stock": 0
        },
        "2010-03-17": {
            "cash": 0,
            "stock": 0.8
        },
        "2011-03-17": {
            "cash": 0,
            "stock": 0.9
        },
        "2012-06-15": {
            "cash": 0.2,
            "stock": 1.5
        },
        "2013-06-21": {
            "cash": 0.5,
            "stock": 1.5
        },
        "2015-08-21": {
            "cash": 0.5,
            "stock": 1.5
        },
        "2017-07-19": {
            "cash": 0.35,
            "stock": 0
        },
        "2018-08-01": {
            "cash": 0.6,
            "stock": 0
        },
        "2019-07-31": {
            "cash": 0.2,
            "stock": 0
        },
        "2020-07-15": {
            "cash": 0.5,
            "stock": 1
        },
        "2021-09-17": {
            "cash": 0.5,
            "stock": 0.7
        },
        "2022-03-08": {
            "cash": 0,
            "stock": 0.4
        }
    },
    "prices": {
        "200101": "3.96",
        "200102": "4.82",
        "200103": "4.84",
        "200104": "5.03",
        "200105": "4.66",
        "200106": "4.13",
        "200107": "3.00",
        "200108": "2.75",
        "200109": "2.52",
        "200110": "2.17",
        "200111": "2.10",
        "200112": "2.37",
        "200201": "2.84",
        "200202": "3.39",
        "200203": "4.27",
        "200204": "5.29",
        "200205": "5.19",
        "200206": "5.06",
        "200207": "5.00",
        "200208": "4.55",
        "200209": "4.24",
        "200210": "4.22",
        "200211": "3.90",
        "200212": "3.61",
        "200301": "4.34",
        "200302": "5.65",
        "200303": "6.05",
        "200304": "4.49",
        "200305": "4.56",
        "200306": "4.67",
        "200307": "4.89",
        "200308": "5.11",
        "200309": "5.27",
        "200310": "6.61",
        "200311": "7.37",
        "200312": "7.15",
        "200401": "8.84",
        "200402": "13.21",
        "200403": "14.61",
        "200404": "13.86",
        "200405": "11.75",
        "200406": "11.54",
        "200407": "10.93",
        "200408": "10.52",
        "200409": "10.96",
        "200410": "11.08",
        "200411": "9.89",
        "200412": "9.70",
        "200501": "10.76",
        "200502": "9.98",
        "200503": "9.95",
        "200504": "9.27",
        "200505": "8.60",
        "200506": "9.21",
        "200507": "8.20",
        "200508": "7.65",
        "200509": "7.83",
        "200510": "7.20",
        "200511": "7.16",
        "200512": "8.12",
        "200601": "8.56",
        "200602": "8.43",
        "200603": "8.30",
        "200604": "9.78",
        "200605": "13.12",
        "200606": "11.64",
        "200607": "11.33",
        "200608": "9.96",
        "200609": "9.64",
        "200610": "10.65",
        "200611": "12.17",
        "200612": "13.52",
        "200701": "13.15",
        "200702": "14.58",
        "200703": "17.89",
        "200704": "20.94",
        "200705": "19.94",
        "200706": "19.70",
        "200707": "19.92",
        "200708": "15.13",
        "200709": "14.68",
        "200710": "13.65",
        "200711": "12.69",
        "200712": "11.47",
        "200801": "12.02",
        "200802": "12.93",
        "200803": "14.18",
        "200804": "15.51",
        "200805": "15.16",
        "200806": "13.85",
        "200807": "11.31",
        "200808": "10.63",
        "200809": "9.30",
        "200810": "8.23",
        "200811": "8.40",
        "200812": "8.35",
        "200901": "9.04",
        "200902": "9.63",
        "200903": "11.07",
        "200904": "13.21",
        "200905": "13.34",
        "200906": "13.26",
        "200907": "15.21",
        "200908": "15.13",
        "200909": "13.78",
        "200910": "15.24",
        "200911": "15.51",
        "200912": "15.83",
        "201001": "16.88",
        "201002": "16.69",
        "201003": "17.45",
        "201004": "17.32",
        "201005": "18.15",
        "201006": "18.45",
        "201007": "18.82",
        "201008": "17.98",
        "201009": "18.78",
        "201010": "21.56",
        "201011": "22.46",
        "201012": "21.31",
        "201101": "21.61",
        "201102": "21.17",
        "201103": "20.25",
        "201104": "21.71",
        "201105": "22.68",
        "201106": "24.67",
        "201107": "27.46",
        "201108": "27.14",
        "201109": "23.75",
        "201110": "23.02",
        "201111": "22.84",
        "201112": "22.33",
        "201201": "22.31",
        "201202": "24.38",
        "201203": "25.50",
        "201204": "25.04",
        "201205": "23.73",
        "201206": "21.25",
        "201207": "21.35",
        "201208": "22.46",
        "201209": "21.69",
        "201210": "20.59",
        "201211": "20.06",
        "201212": "21.31",
        "201301": "22.44",
        "201302": "22.63",
        "201303": "22.80",
        "201304": "23.66",
        "201305": "22.33",
        "201306": "28.88",
        "201307": "29.49",
        "201308": "28.92",
        "201309": "24.26",
        "201310": "23.31",
        "201311": "20.21",
        "201312": "21.46",
        "201401": "21.08",
        "201402": "19.35",
        "201403": "18.42",
        "201404": "17.65",
        "201405": "18.69",
        "201406": "17.43",
        "201407": "17.01",
        "201408": "17.21",
        "201409": "17.48",
        "201410": "16.93",
        "201411": "18.72",
        "201412": "20.54",
        "201501": "21.58",
        "201502": "20.81",
        "201503": "21.89",
        "201504": "21.25",
        "201505": "19.37",
        "201506": "17.51",
        "201507": "15.20",
        "201508": "12.81",
        "201509": "11.76",
        "201510": "11.91",
        "201511": "11.59",
        "201512": "9.72",
        "201601": "9.03",
        "201602": "9.31",
        "201603": "9.56",
        "201604": "9.16",
        "201605": "9.12",
        "201606": "9.16",
        "201607": "9.06",
        "201608": "9.10",
        "201609": "9.23",
        "201610": "9.15",
        "201611": "9.31",
        "201612": "9.80",
        "201701": "9.40",
        "201702": "9.55",
        "201703": "9.86",
        "201704": "9.82",
        "201705": "9.71",
        "201706": "9.66",
        "201707": "9.51",
        "201708": "9.50",
        "201709": "9.95",
        "201710": "9.94",
        "201711": "9.61",
        "201712": "9.91",
        "201801": "11.48",
        "201802": "12.13",
        "201803": "14.25",
        "201804": "13.99",
        "201805": "13.25",
        "201806": "13.83",
        "201807": "13.86",
        "201808": "13.99",
        "201809": "13.68",
        "201810": "13.66",
        "201811": "13.88",
        "201812": "14.04",
        "201901": "14.28",
        "201902": "14.87",
        "201903": "14.36",
        "201904": "15.01",
        "201905": "14.70",
        "201906": "15.43",
        "201907": "15.94",
        "201908": "15.90",
        "201909": "16.61",
        "201910": "17.05",
        "201911": "18.60",
        "201912": "19.15",
        "202001": "19.34",
        "202002": "18.36",
        "202003": "17.89",
        "202004": "18.57",
        "202005": "19.34",
        "202006": "19.99",
        "202007": "19.38",
        "202008": "18.86",
        "202009": "18.60",
        "202010": "17.97",
        "202011": "18.33",
        "202012": "19.76",
        "202101": "19.77",
        "202102": "19.74",
        "202103": "20.22",
        "202104": "21.45",
        "202105": "21.54",
        "202106": "22.00",
        "202107": "22.15",
        "202108": "22.32",
        "202109": "21.72",
        "202110": "21.43",
        "202111": "21.76",
        "202112": "21.19",
        "202201": "21.09",
        "202202": "20.98",
        "202203": "20.69",
        "202204": "20.96",
        "202205": "20.26",
        "202206": "18.79",
        "202207": "16.80",
        "202208": "18.35",
        "202209": "18.72",
        "202210": "18.25",
        "202211": "18.29",
        "202212": "18.01",
        "202301": "17.75",
        "202302": "17.86",
        "202303": "17.99",
        "202304": "18.08",
        "202305": "19.63",
        "202306": "20.18"
    },
    "quarters": {
        "20011": {
            "year_quarter": 20011,
            "year": 2001,
            "quarter": 1,
            "eps": 0.01,
            "eps_growth_year": -83.33,
            "eps_4q": 1.59,
            "eps_4q_growth_year": 247.76,
            "roe": 0.05,
            "roe_4q": 0.05,
            "gross_profit": 8553,
            "gross_margin": 35.73,
            "gross_margin_4q_avg": 35.73,
            "net_income": 563,
            "revenue": 23938,
            "common_shares": 969646,
            "book_valuer_per_share": 12.94,
            "book_valuer_per_share_4q_avg": 12.94,
            "equity": 1254708,
            "current_ratio": 163.44,
            "debt_ratio": 56.81,
            "inventory_turnover_ratio": 0.01,
            "account_receivable_turnover_ratio": null,
            "reinvestment_rate": null,
            "research_to_sale_ratio": null,
            "price_fair": 0,
            "eps_avg_yearly": 0,
            "eps_latest_yearly": 0,
            "eps_growth_yearly": 0
        },
        "20012": {
            "year_quarter": 20012,
            "year": 2001,
            "quarter": 2,
            "eps": 0.07,
            "eps_growth_year": -36.36,
            "eps_4q": 0.9,
            "eps_4q_growth_year": 71.62,
            "roe": 0.55,
            "roe_4q": 0.6000000000000001,
            "gross_profit": 32167,
            "gross_margin": 18.39,
            "gross_margin_4q_avg": 27.06,
            "net_income": 6706,
            "revenue": 174954,
            "common_shares": 969646,
            "book_valuer_per_share": 12.07,
            "book_valuer_per_share_4q_avg": 12.51,
            "equity": 1169958,
            "current_ratio": 169.39,
            "debt_ratio": 54.59,
            "inventory_turnover_ratio": 0.07,
            "account_receivable_turnover_ratio": null,
            "reinvestment_rate": null,
            "research_to_sale_ratio": null,
            "price_fair": 0,
            "eps_avg_yearly": 0,
            "eps_latest_yearly": 0,
            "eps_growth_yearly": 0
        },
        "20013": {
            "year_quarter": 20013,
            "year": 2001,
            "quarter": 3,
            "eps": 0.08,
            "eps_growth_year": -57.89,
            "eps_4q": 0.81,
            "eps_4q_growth_year": -4.9,
            "roe": 0.64,
            "roe_4q": 1.24,
            "gross_profit": 29368,
            "gross_margin": 21.65,
            "gross_margin_4q_avg": 25.26,
            "net_income": 7454,
            "revenue": 135668,
            "common_shares": 969646,
            "book_valuer_per_share": 12.12,
            "book_valuer_per_share_4q_avg": 12.38,
            "equity": 1175402,
            "current_ratio": 224.29,
            "debt_ratio": 41.77,
            "inventory_turnover_ratio": 0.06,
            "account_receivable_turnover_ratio": null,
            "reinvestment_rate": null,
            "research_to_sale_ratio": null,
            "price_fair": 0,
            "eps_avg_yearly": 0,
            "eps_latest_yearly": 0,
            "eps_growth_yearly": 0
        },
        "20014": {
            "year_quarter": 20014,
            "year": 2001,
            "quarter": 4,
            "eps": 0.25,
            "eps_growth_year": -59.68,
            "eps_4q": 0.4,
            "eps_4q_growth_year": -58.38,
            "roe": 2.03,
            "roe_4q": 3.2699999999999996,
            "gross_profit": 54879,
            "gross_margin": 24.27,
            "gross_margin_4q_avg": 25.01,
            "net_income": 24025,
            "revenue": 226091,
            "common_shares": 969646,
            "book_valuer_per_share": 12.3,
            "book_valuer_per_share_4q_avg": 12.36,
            "equity": 1193427,
            "current_ratio": 235.53,
            "debt_ratio": 38.44,
            "inventory_turnover_ratio": 0.13,
            "account_receivable_turnover_ratio": null,
            "reinvestment_rate": null,
            "research_to_sale_ratio": null,
            "price_fair": 0,
            "eps_avg_yearly": 0,
            "eps_latest_yearly": 0,
            "eps_growth_yearly": 0
        },
        "20021": {
            "year_quarter": 20021,
            "year": 2002,
            "quarter": 1,
            "eps": 0.02,
            "eps_growth_year": 100,
            "eps_4q": 0.41,
            "eps_4q_growth_year": -73.9,
            "roe": 0.16,
            "roe_4q": 3.38,
            "gross_profit": 28775,
            "gross_margin": 15.48,
            "gross_margin_4q_avg": 19.95,
            "net_income": 1939,
            "revenue": 185876,
            "common_shares": 969646,
            "book_valuer_per_share": 12.27,
            "book_valuer_per_share_4q_avg": 12.19,
            "equity": 1190163,
            "current_ratio": 227.37,
            "debt_ratio": 33.87,
            "inventory_turnover_ratio": 0.13,
            "account_receivable_turnover_ratio": null,
            "reinvestment_rate": null,
            "research_to_sale_ratio": null,
            "price_fair": 0.24,
            "eps_avg_yearly": 0.08,
            "eps_latest_yearly": 0.08,
            "eps_growth_yearly": -368
        },
        "20022": {
            "year_quarter": 20022,
            "year": 2002,
            "quarter": 2,
            "eps": 0.21,
            "eps_growth_year": 200,
            "eps_4q": 0.56,
            "eps_4q_growth_year": -37.13,
            "roe": 1.68,
            "roe_4q": 4.51,
            "gross_profit": 40119,
            "gross_margin": 26.86,
            "gross_margin_4q_avg": 22.07,
            "net_income": 19787,
            "revenue": 149356,
            "common_shares": 969646,
            "book_valuer_per_share": 12.06,
            "book_valuer_per_share_4q_avg": 12.19,
            "equity": 1169274,
            "current_ratio": 224.88,
            "debt_ratio": 34.1,
            "inventory_turnover_ratio": 0.1,
            "account_receivable_turnover_ratio": null,
            "reinvestment_rate": null,
            "research_to_sale_ratio": null,
            "price_fair": 16.1,
            "eps_avg_yearly": 0.46,
            "eps_latest_yearly": 0.84,
            "eps_growth_yearly": 1716
        },
        "20023": {
            "year_quarter": 20023,
            "year": 2002,
            "quarter": 3,
            "eps": -0.02,
            "eps_growth_year": -125,
            "eps_4q": 0.45,
            "eps_4q_growth_year": -43.77,
            "roe": -0.16,
            "roe_4q": 3.71,
            "gross_profit": 13243,
            "gross_margin": 13.1,
            "gross_margin_4q_avg": 19.93,
            "net_income": -1837,
            "revenue": 101116,
            "common_shares": 969646,
            "book_valuer_per_share": 12.06,
            "book_valuer_per_share_4q_avg": 12.17,
            "equity": 1169201,
            "current_ratio": 271.72,
            "debt_ratio": 27.64,
            "inventory_turnover_ratio": 0.09,
            "account_receivable_turnover_ratio": null,
            "reinvestment_rate": null,
            "research_to_sale_ratio": null,
            "price_fair": 16.1,
            "eps_avg_yearly": 0.46,
            "eps_latest_yearly": 0.84,
            "eps_growth_yearly": 1716
        },
        "20024": {
            "year_quarter": 20024,
            "year": 2002,
            "quarter": 4,
            "eps": 0.01,
            "eps_growth_year": -96,
            "eps_4q": 0.21,
            "eps_4q_growth_year": -47.6,
            "roe": 0.06,
            "roe_4q": 1.7399999999999998,
            "gross_profit": 10285,
            "gross_margin": 29.4,
            "gross_margin_4q_avg": 21.21,
            "net_income": 651,
            "revenue": 34977,
            "common_shares": 939646,
            "book_valuer_per_share": 12.32,
            "book_valuer_per_share_4q_avg": 12.18,
            "equity": 1157806,
            "current_ratio": 239.89,
            "debt_ratio": 30.85,
            "inventory_turnover_ratio": 0.02,
            "account_receivable_turnover_ratio": null,
            "reinvestment_rate": 4.6,
            "research_to_sale_ratio": null,
            "price_fair": 16.1,
            "eps_avg_yearly": 0.46,
            "eps_latest_yearly": 0.84,
            "eps_growth_yearly": 1716
        },
        "20031": {
            "year_quarter": 20031,
            "year": 2003,
            "quarter": 1,
            "eps": 0.22,
            "eps_growth_year": 1000,
            "eps_4q": 0.43,
            "eps_4q_growth_year": 2.87,
            "roe": 1.7,
            "roe_4q": 3.2800000000000002,
            "gross_profit": 28687,
            "gross_margin": 34.59,
            "gross_margin_4q_avg": 25.99,
            "net_income": 19890,
            "revenue": 82932,
            "common_shares": 939646,
            "book_valuer_per_share": 12.53,
            "book_valuer_per_share_4q_avg": 12.24,
            "equity": 1177197,
            "current_ratio": 203.54,
            "debt_ratio": 36.44,
            "inventory_turnover_ratio": 0.05,
            "account_receivable_turnover_ratio": null,
            "reinvestment_rate": 6.03,
            "research_to_sale_ratio": null,
            "price_fair": 21,
            "eps_avg_yearly": 0.6,
            "eps_latest_yearly": 0.88,
            "eps_growth_yearly": 3944
        },
        "20032": {
            "year_quarter": 20032,
            "year": 2003,
            "quarter": 2,
            "eps": 0.03,
            "eps_growth_year": -85.71,
            "eps_4q": 0.23,
            "eps_4q_growth_year": -58.51,
            "roe": 0.24,
            "roe_4q": 1.84,
            "gross_profit": 18279,
            "gross_margin": 28.34,
            "gross_margin_4q_avg": 26.36,
            "net_income": 2747,
            "revenue": 64501,
            "common_shares": 939646,
            "book_valuer_per_share": 12.05,
            "book_valuer_per_share_4q_avg": 12.24,
            "equity": 1132222,
            "current_ratio": 181.19,
            "debt_ratio": 41.83,
            "inventory_turnover_ratio": 0.04,
            "account_receivable_turnover_ratio": null,
            "reinvestment_rate": 18.47,
            "research_to_sale_ratio": null,
            "price_fair": 16.8,
            "eps_avg_yearly": 0.48,
            "eps_latest_yearly": 0.12,
            "eps_growth_yearly": 2871.64
        },
        "20033": {
            "year_quarter": 20033,
            "year": 2003,
            "quarter": 3,
            "eps": 0.22,
            "eps_growth_year": null,
            "eps_4q": 0.48,
            "eps_4q_growth_year": 5.53,
            "roe": 1.74,
            "roe_4q": 3.7399999999999998,
            "gross_profit": 18264,
            "gross_margin": 88.71,
            "gross_margin_4q_avg": 45.26,
            "net_income": 19864,
            "revenue": 20588,
            "common_shares": 939645,
            "book_valuer_per_share": 12.28,
            "book_valuer_per_share_4q_avg": 12.3,
            "equity": 1154134,
            "current_ratio": 221.47,
            "debt_ratio": 32.48,
            "inventory_turnover_ratio": 0,
            "account_receivable_turnover_ratio": null,
            "reinvestment_rate": 20.89,
            "research_to_sale_ratio": null,
            "price_fair": 19.6,
            "eps_avg_yearly": 0.56,
            "eps_latest_yearly": 0.88,
            "eps_growth_yearly": 2803.98
        },
        "20034": {
            "year_quarter": 20034,
            "year": 2003,
            "quarter": 4,
            "eps": 0.01,
            "eps_growth_year": 0,
            "eps_4q": 0.48,
            "eps_4q_growth_year": 127.06,
            "roe": 0.06,
            "roe_4q": 3.74,
            "gross_profit": 5250,
            "gross_margin": 8.03,
            "gross_margin_4q_avg": 39.92,
            "net_income": 745,
            "revenue": 65398,
            "common_shares": 939646,
            "book_valuer_per_share": 12.29,
            "book_valuer_per_share_4q_avg": 12.29,
            "equity": 1155365,
            "current_ratio": 206.3,
            "debt_ratio": 35.7,
            "inventory_turnover_ratio": 0.1,
            "account_receivable_turnover_ratio": null,
            "reinvestment_rate": 26.43,
            "research_to_sale_ratio": null,
            "price_fair": 16.57,
            "eps_avg_yearly": 0.47,
            "eps_latest_yearly": 0.04,
            "eps_growth_yearly": 2273.01
        },
        "20041": {
            "year_quarter": 20041,
            "year": 2004,
            "quarter": 1,
            "eps": 0.5,
            "eps_growth_year": 127.27,
            "eps_4q": 0.76,
            "eps_4q_growth_year": 78.27,
            "roe": 3.83,
            "roe_4q": 5.87,
            "gross_profit": 72011,
            "gross_margin": 31.93,
            "gross_margin_4q_avg": 39.25,
            "net_income": 45093,
            "revenue": 225511,
            "common_shares": 939646,
            "book_valuer_per_share": 12.77,
            "book_valuer_per_share_4q_avg": 12.35,
            "equity": 1199972,
            "current_ratio": 266.04,
            "debt_ratio": 26.75,
            "inventory_turnover_ratio": 0.24,
            "account_receivable_turnover_ratio": null,
            "reinvestment_rate": 40.31,
            "research_to_sale_ratio": null,
            "price_fair": 24.2,
            "eps_avg_yearly": 0.69,
            "eps_latest_yearly": 2,
            "eps_growth_yearly": 4748.29
        },
        "20042": {
            "year_quarter": 20042,
            "year": 2004,
            "quarter": 2,
            "eps": 0.22,
            "eps_growth_year": 633.33,
            "eps_4q": 0.96,
            "eps_4q_growth_year": 311.3,
            "roe": 1.62,
            "roe_4q": 7.25,
            "gross_profit": 50519,
            "gross_margin": 30.03,
            "gross_margin_4q_avg": 39.68,
            "net_income": 19440,
            "revenue": 168221,
            "common_shares": 939646,
            "book_valuer_per_share": 12.76,
            "book_valuer_per_share_4q_avg": 12.53,
            "equity": 1199063,
            "current_ratio": 229.66,
            "debt_ratio": 31.53,
            "inventory_turnover_ratio": 0.16,
            "account_receivable_turnover_ratio": null,
            "reinvestment_rate": 38.68,
            "research_to_sale_ratio": null,
            "price_fair": 25.03,
            "eps_avg_yearly": 0.72,
            "eps_latest_yearly": 0.88,
            "eps_growth_yearly": 4126.76
        },
        "20043": {
            "year_quarter": 20043,
            "year": 2004,
            "quarter": 3,
            "eps": 0.26,
            "eps_growth_year": 18.18,
            "eps_4q": 0.94,
            "eps_4q_growth_year": 96.96,
            "roe": 2.06,
            "roe_4q": 7.569999999999999,
            "gross_profit": 30344,
            "gross_margin": 28.27,
            "gross_margin_4q_avg": 24.57,
            "net_income": 24911,
            "revenue": 107336,
            "common_shares": 986628,
            "book_valuer_per_share": 12.41,
            "book_valuer_per_share_4q_avg": 12.56,
            "equity": 1224796,
            "current_ratio": 279.98,
            "debt_ratio": 25.7,
            "inventory_turnover_ratio": 0.09,
            "account_receivable_turnover_ratio": null,
            "reinvestment_rate": 36.74,
            "research_to_sale_ratio": null,
            "price_fair": 26.29,
            "eps_avg_yearly": 0.75,
            "eps_latest_yearly": 1.04,
            "eps_growth_yearly": 3676.31
        },
        "20044": {
            "year_quarter": 20044,
            "year": 2004,
            "quarter": 4,
            "eps": 0.31,
            "eps_growth_year": 3000,
            "eps_4q": 1.26,
            "eps_4q_growth_year": 163.4,
            "roe": 2.35,
            "roe_4q": 9.86,
            "gross_profit": 45211,
            "gross_margin": 42.67,
            "gross_margin_4q_avg": 33.23,
            "net_income": 29073,
            "revenue": 105946,
            "common_shares": 986628,
            "book_valuer_per_share": 12.71,
            "book_valuer_per_share_4q_avg": 12.66,
            "equity": 1254351,
            "current_ratio": 235.74,
            "debt_ratio": 30.92,
            "inventory_turnover_ratio": 0.07,
            "account_receivable_turnover_ratio": null,
            "reinvestment_rate": 37.62,
            "research_to_sale_ratio": null,
            "price_fair": 28,
            "eps_avg_yearly": 0.8,
            "eps_latest_yearly": 1.24,
            "eps_growth_yearly": 3316.37
        },
        "20051": {
            "year_quarter": 20051,
            "year": 2005,
            "quarter": 1,
            "eps": -0.08,
            "eps_growth_year": -116,
            "eps_4q": 0.67,
            "eps_4q_growth_year": -11.19,
            "roe": -0.62,
            "roe_4q": 5.41,
            "gross_profit": 33422,
            "gross_margin": 39.84,
            "gross_margin_4q_avg": 35.2,
            "net_income": -7790,
            "revenue": 83898,
            "common_shares": 986628,
            "book_valuer_per_share": 12.63,
            "book_valuer_per_share_4q_avg": 12.63,
            "equity": 1246076,
            "current_ratio": 268.68,
            "debt_ratio": 25.06,
            "inventory_turnover_ratio": 0.06,
            "account_receivable_turnover_ratio": null,
            "reinvestment_rate": 77.45,
            "research_to_sale_ratio": null,
            "price_fair": 28,
            "eps_avg_yearly": 0.8,
            "eps_latest_yearly": 1.24,
            "eps_growth_yearly": 3316.37
        },
        "20052": {
            "year_quarter": 20052,
            "year": 2005,
            "quarter": 2,
            "eps": 0.4,
            "eps_growth_year": 81.82,
            "eps_4q": 0.88,
            "eps_4q_growth_year": -8.25,
            "roe": 3.14,
            "roe_4q": 6.93,
            "gross_profit": 43065,
            "gross_margin": 38.89,
            "gross_margin_4q_avg": 37.42,
            "net_income": 38171,
            "revenue": 110722,
            "common_shares": 986628,
            "book_valuer_per_share": 12.02,
            "book_valuer_per_share_4q_avg": 12.44,
            "equity": 1185619,
            "current_ratio": 185.35,
            "debt_ratio": 38.01,
            "inventory_turnover_ratio": 0.08,
            "account_receivable_turnover_ratio": null,
            "reinvestment_rate": 67.3,
            "research_to_sale_ratio": null,
            "price_fair": 28,
            "eps_avg_yearly": 0.8,
            "eps_latest_yearly": 1.24,
            "eps_growth_yearly": 3316.37
        },
        "20053": {
            "year_quarter": 20053,
            "year": 2005,
            "quarter": 3,
            "eps": 0.42,
            "eps_growth_year": 61.54,
            "eps_4q": 1.05,
            "eps_4q_growth_year": 11.25,
            "roe": 3.3,
            "roe_4q": 8.17,
            "gross_profit": 56224,
            "gross_margin": 40.3,
            "gross_margin_4q_avg": 40.43,
            "net_income": 39813,
            "revenue": 139520,
            "common_shares": 986628,
            "book_valuer_per_share": 12.42,
            "book_valuer_per_share_4q_avg": 12.45,
            "equity": 1225431,
            "current_ratio": 483,
            "debt_ratio": 13.6,
            "inventory_turnover_ratio": 0.12,
            "account_receivable_turnover_ratio": null,
            "reinvestment_rate": 58.18,
            "research_to_sale_ratio": null,
            "price_fair": 30.8,
            "eps_avg_yearly": 0.88,
            "eps_latest_yearly": 1.68,
            "eps_growth_yearly": 3016.7
        },
        "20054": {
            "year_quarter": 20054,
            "year": 2005,
            "quarter": 4,
            "eps": 0.6,
            "eps_growth_year": 93.55,
            "eps_4q": 1.34,
            "eps_4q_growth_year": 5.94,
            "roe": 4.55,
            "roe_4q": 10.370000000000001,
            "gross_profit": 71635,
            "gross_margin": 44.92,
            "gross_margin_4q_avg": 40.99,
            "net_income": 57007,
            "revenue": 159465,
            "common_shares": 986628,
            "book_valuer_per_share": 13,
            "book_valuer_per_share_4q_avg": 12.52,
            "equity": 1282915,
            "current_ratio": 962.3,
            "debt_ratio": 6.97,
            "inventory_turnover_ratio": 0.18,
            "account_receivable_turnover_ratio": null,
            "reinvestment_rate": 56.73,
            "research_to_sale_ratio": null,
            "price_fair": 35.23,
            "eps_avg_yearly": 1.01,
            "eps_latest_yearly": 2.4,
            "eps_growth_yearly": 2779.59
        },
        "20061": {
            "year_quarter": 20061,
            "year": 2006,
            "quarter": 1,
            "eps": 0.55,
            "eps_growth_year": null,
            "eps_4q": 1.97,
            "eps_4q_growth_year": 192.26,
            "roe": 4,
            "roe_4q": 14.990000000000002,
            "gross_profit": 46474,
            "gross_margin": 38.48,
            "gross_margin_4q_avg": 40.65,
            "net_income": 52289,
            "revenue": 120777,
            "common_shares": 986628,
            "book_valuer_per_share": 13.53,
            "book_valuer_per_share_4q_avg": 12.74,
            "equity": 1334728,
            "current_ratio": 482.43,
            "debt_ratio": 14.03,
            "inventory_turnover_ratio": 0.12,
            "account_receivable_turnover_ratio": null,
            "reinvestment_rate": 48.45,
            "research_to_sale_ratio": null,
            "price_fair": 41.42,
            "eps_avg_yearly": 1.18,
            "eps_latest_yearly": 2.2,
            "eps_growth_yearly": 2807.48
        },
        "20062": {
            "year_quarter": 20062,
            "year": 2006,
            "quarter": 2,
            "eps": 0.46,
            "eps_growth_year": 15,
            "eps_4q": 2.05,
            "eps_4q_growth_year": 132.15,
            "roe": 3.31,
            "roe_4q": 15.16,
            "gross_profit": 55137,
            "gross_margin": 43.63,
            "gross_margin_4q_avg": 41.83,
            "net_income": 43073,
            "revenue": 126363,
            "common_shares": 986628,
            "book_valuer_per_share": 12.82,
            "book_valuer_per_share_4q_avg": 12.94,
            "equity": 1264692,
            "current_ratio": 318.85,
            "debt_ratio": 20.83,
            "inventory_turnover_ratio": 0.09,
            "account_receivable_turnover_ratio": null,
            "reinvestment_rate": 43.58,
            "research_to_sale_ratio": null,
            "price_fair": 44.33,
            "eps_avg_yearly": 1.27,
            "eps_latest_yearly": 1.84,
            "eps_growth_yearly": 2485.36
        },
        "20063": {
            "year_quarter": 20063,
            "year": 2006,
            "quarter": 3,
            "eps": 0.38,
            "eps_growth_year": -9.52,
            "eps_4q": 2.01,
            "eps_4q_growth_year": 91.51,
            "roe": 2.77,
            "roe_4q": 14.629999999999999,
            "gross_profit": 37538,
            "gross_margin": 47.92,
            "gross_margin_4q_avg": 43.74,
            "net_income": 35620,
            "revenue": 78340,
            "common_shares": 986628,
            "book_valuer_per_share": 13.23,
            "book_valuer_per_share_4q_avg": 13.15,
            "equity": 1305044,
            "current_ratio": 319.01,
            "debt_ratio": 21.14,
            "inventory_turnover_ratio": 0.05,
            "account_receivable_turnover_ratio": null,
            "reinvestment_rate": 38.79,
            "research_to_sale_ratio": null,
            "price_fair": 45.02,
            "eps_avg_yearly": 1.29,
            "eps_latest_yearly": 1.52,
            "eps_growth_yearly": 2288.83
        },
        "20064": {
            "year_quarter": 20064,
            "year": 2006,
            "quarter": 4,
            "eps": 0.17,
            "eps_growth_year": -71.67,
            "eps_4q": 1.53,
            "eps_4q_growth_year": 14.34,
            "roe": 1.25,
            "roe_4q": 11.33,
            "gross_profit": 30193,
            "gross_margin": 35.05,
            "gross_margin_4q_avg": 41.27,
            "net_income": 16363,
            "revenue": 86136,
            "common_shares": 986628,
            "book_valuer_per_share": 13.39,
            "book_valuer_per_share_4q_avg": 13.24,
            "equity": 1322033,
            "current_ratio": 307.96,
            "debt_ratio": 21.81,
            "inventory_turnover_ratio": 0.06,
            "account_receivable_turnover_ratio": null,
            "reinvestment_rate": 37.14,
            "research_to_sale_ratio": null,
            "price_fair": 43.5,
            "eps_avg_yearly": 1.24,
            "eps_latest_yearly": 0.68,
            "eps_growth_yearly": 2109.55
        },
        "20071": {
            "year_quarter": 20071,
            "year": 2007,
            "quarter": 1,
            "eps": 0.15,
            "eps_growth_year": -72.73,
            "eps_4q": 1.14,
            "eps_4q_growth_year": -42.01,
            "roe": 1.08,
            "roe_4q": 8.41,
            "gross_profit": 21031,
            "gross_margin": 43.17,
            "gross_margin_4q_avg": 42.44,
            "net_income": 14368,
            "revenue": 48712,
            "common_shares": 986628,
            "book_valuer_per_share": 13.54,
            "book_valuer_per_share_4q_avg": 13.25,
            "equity": 1335774,
            "current_ratio": 215.89,
            "debt_ratio": 33.46,
            "inventory_turnover_ratio": 0.03,
            "account_receivable_turnover_ratio": null,
            "reinvestment_rate": 37.11,
            "research_to_sale_ratio": null,
            "price_fair": 42.8,
            "eps_avg_yearly": 1.22,
            "eps_latest_yearly": 0.6,
            "eps_growth_yearly": 1506.19
        },
        "20072": {
            "year_quarter": 20072,
            "year": 2007,
            "quarter": 2,
            "eps": 0.21,
            "eps_growth_year": -54.35,
            "eps_4q": 0.93,
            "eps_4q_growth_year": -54.83,
            "roe": 1.53,
            "roe_4q": 6.630000000000001,
            "gross_profit": 19409,
            "gross_margin": 41.81,
            "gross_margin_4q_avg": 41.99,
            "net_income": 19429,
            "revenue": 46424,
            "common_shares": 986628,
            "book_valuer_per_share": 12.18,
            "book_valuer_per_share_4q_avg": 13.09,
            "equity": 1201905,
            "current_ratio": 239.71,
            "debt_ratio": 28.27,
            "inventory_turnover_ratio": 0.03,
            "account_receivable_turnover_ratio": null,
            "reinvestment_rate": 31.27,
            "research_to_sale_ratio": null,
            "price_fair": 44.6,
            "eps_avg_yearly": 1.27,
            "eps_latest_yearly": 0.84,
            "eps_growth_yearly": 1542.29
        },
        "20073": {
            "year_quarter": 20073,
            "year": 2007,
            "quarter": 3,
            "eps": 0.08,
            "eps_growth_year": -78.95,
            "eps_4q": 0.59,
            "eps_4q_growth_year": -70.57,
            "roe": 0.65,
            "roe_4q": 4.51,
            "gross_profit": 13388,
            "gross_margin": 48.76,
            "gross_margin_4q_avg": 42.2,
            "net_income": 7865,
            "revenue": 27457,
            "common_shares": 986628,
            "book_valuer_per_share": 12.41,
            "book_valuer_per_share_4q_avg": 12.88,
            "equity": 1224458,
            "current_ratio": 248.25,
            "debt_ratio": 27.21,
            "inventory_turnover_ratio": 0.02,
            "account_receivable_turnover_ratio": null,
            "reinvestment_rate": 29.25,
            "research_to_sale_ratio": null,
            "price_fair": 43.2,
            "eps_avg_yearly": 1.23,
            "eps_latest_yearly": 0.32,
            "eps_growth_yearly": 1343.66
        },
        "20074": {
            "year_quarter": 20074,
            "year": 2007,
            "quarter": 4,
            "eps": 0.4,
            "eps_growth_year": 135.29,
            "eps_4q": 0.84,
            "eps_4q_growth_year": -44.85,
            "roe": 3.02,
            "roe_4q": 6.28,
            "gross_profit": 51217,
            "gross_margin": 48.07,
            "gross_margin_4q_avg": 45.45,
            "net_income": 37511,
            "revenue": 106546,
            "common_shares": 986628,
            "book_valuer_per_share": 12.79,
            "book_valuer_per_share_4q_avg": 12.73,
            "equity": 1262549,
            "current_ratio": 607.4,
            "debt_ratio": 10.86,
            "inventory_turnover_ratio": 0.08,
            "account_receivable_turnover_ratio": null,
            "reinvestment_rate": 25.57,
            "research_to_sale_ratio": null,
            "price_fair": 47.1,
            "eps_avg_yearly": 1.35,
            "eps_latest_yearly": 1.6,
            "eps_growth_yearly": 1485.21
        },
        "20081": {
            "year_quarter": 20081,
            "year": 2008,
            "quarter": 1,
            "eps": 0.39,
            "eps_growth_year": 160,
            "eps_4q": 1.09,
            "eps_4q_growth_year": -4.21,
            "roe": 2.83,
            "roe_4q": 8.03,
            "gross_profit": 55152,
            "gross_margin": 46.42,
            "gross_margin_4q_avg": 46.27,
            "net_income": 36304,
            "revenue": 118805,
            "common_shares": 986628,
            "book_valuer_per_share": 13.17,
            "book_valuer_per_share_4q_avg": 12.64,
            "equity": 1299659,
            "current_ratio": 605.11,
            "debt_ratio": 11.08,
            "inventory_turnover_ratio": 0.11,
            "account_receivable_turnover_ratio": null,
            "reinvestment_rate": 17.4,
            "research_to_sale_ratio": null,
            "price_fair": 46,
            "eps_avg_yearly": 1.31,
            "eps_latest_yearly": 1.56,
            "eps_growth_yearly": 84.5
        },
        "20082": {
            "year_quarter": 20082,
            "year": 2008,
            "quarter": 2,
            "eps": 0.37,
            "eps_growth_year": 76.19,
            "eps_4q": 1.22,
            "eps_4q_growth_year": 31.23,
            "roe": 2.83,
            "roe_4q": 9.33,
            "gross_profit": 46862,
            "gross_margin": 48.48,
            "gross_margin_4q_avg": 47.93,
            "net_income": 35820,
            "revenue": 96667,
            "common_shares": 986628,
            "book_valuer_per_share": 12.5,
            "book_valuer_per_share_4q_avg": 12.72,
            "equity": 1233432,
            "current_ratio": 376.76,
            "debt_ratio": 17.14,
            "inventory_turnover_ratio": 0.08,
            "account_receivable_turnover_ratio": null,
            "reinvestment_rate": 16.75,
            "research_to_sale_ratio": null,
            "price_fair": 47.5,
            "eps_avg_yearly": 1.36,
            "eps_latest_yearly": 1.48,
            "eps_growth_yearly": 99.03
        },
        "20083": {
            "year_quarter": 20083,
            "year": 2008,
            "quarter": 3,
            "eps": 0.23,
            "eps_growth_year": 187.5,
            "eps_4q": 1.37,
            "eps_4q_growth_year": 132.65,
            "roe": 1.77,
            "roe_4q": 10.45,
            "gross_profit": 35655,
            "gross_margin": 42.9,
            "gross_margin_4q_avg": 46.47,
            "net_income": 22091,
            "revenue": 83109,
            "common_shares": 986628,
            "book_valuer_per_share": 12.76,
            "book_valuer_per_share_4q_avg": 12.81,
            "equity": 1259302,
            "current_ratio": 414.89,
            "debt_ratio": 15.76,
            "inventory_turnover_ratio": 0.06,
            "account_receivable_turnover_ratio": null,
            "reinvestment_rate": 17.05,
            "research_to_sale_ratio": null,
            "price_fair": 47.2,
            "eps_avg_yearly": 1.35,
            "eps_latest_yearly": 0.92,
            "eps_growth_yearly": 83.03
        },
        "20084": {
            "year_quarter": 20084,
            "year": 2008,
            "quarter": 4,
            "eps": 0.31,
            "eps_growth_year": -22.5,
            "eps_4q": 1.31,
            "eps_4q_growth_year": 54.74,
            "roe": 2.3,
            "roe_4q": 9.73,
            "gross_profit": 48800,
            "gross_margin": 42.85,
            "gross_margin_4q_avg": 45.16,
            "net_income": 29360,
            "revenue": 113873,
            "common_shares": 986628,
            "book_valuer_per_share": 13.06,
            "book_valuer_per_share_4q_avg": 12.87,
            "equity": 1288468,
            "current_ratio": 344.28,
            "debt_ratio": 19.5,
            "inventory_turnover_ratio": 0.08,
            "account_receivable_turnover_ratio": 790.78,
            "reinvestment_rate": 16.66,
            "research_to_sale_ratio": null,
            "price_fair": 47.2,
            "eps_avg_yearly": 1.35,
            "eps_latest_yearly": 1.24,
            "eps_growth_yearly": 87.47
        },
        "20091": {
            "year_quarter": 20091,
            "year": 2009,
            "quarter": 1,
            "eps": 0.17,
            "eps_growth_year": -56.41,
            "eps_4q": 1.09,
            "eps_4q_growth_year": -0.77,
            "roe": 1.24,
            "roe_4q": 8.14,
            "gross_profit": 30367,
            "gross_margin": 46.9,
            "gross_margin_4q_avg": 45.28,
            "net_income": 16081,
            "revenue": 64749,
            "common_shares": 986628,
            "book_valuer_per_share": 13.22,
            "book_valuer_per_share_4q_avg": 12.89,
            "equity": 1304744,
            "current_ratio": 342.82,
            "debt_ratio": 19.71,
            "inventory_turnover_ratio": 0.04,
            "account_receivable_turnover_ratio": 383.13,
            "reinvestment_rate": 0.13,
            "research_to_sale_ratio": null,
            "price_fair": 45.64,
            "eps_avg_yearly": 1.3,
            "eps_latest_yearly": 0.68,
            "eps_growth_yearly": 69.6
        },
        "20092": {
            "year_quarter": 20092,
            "year": 2009,
            "quarter": 2,
            "eps": 0.05,
            "eps_growth_year": -86.49,
            "eps_4q": 0.7,
            "eps_4q_growth_year": -42.79,
            "roe": 0.42,
            "roe_4q": 5.73,
            "gross_profit": 19768,
            "gross_margin": 47.92,
            "gross_margin_4q_avg": 45.14,
            "net_income": 5208,
            "revenue": 41251,
            "common_shares": 986628,
            "book_valuer_per_share": 12.17,
            "book_valuer_per_share_4q_avg": 12.8,
            "equity": 1201104,
            "current_ratio": 222.84,
            "debt_ratio": 30.67,
            "inventory_turnover_ratio": 0.02,
            "account_receivable_turnover_ratio": 99.4,
            "reinvestment_rate": -0.03,
            "research_to_sale_ratio": null,
            "price_fair": 43.23,
            "eps_avg_yearly": 1.24,
            "eps_latest_yearly": 0.2,
            "eps_growth_yearly": 47.6
        },
        "20093": {
            "year_quarter": 20093,
            "year": 2009,
            "quarter": 3,
            "eps": 0.06,
            "eps_growth_year": -73.91,
            "eps_4q": 0.62,
            "eps_4q_growth_year": -54.98,
            "roe": 0.45,
            "roe_4q": 4.41,
            "gross_profit": 15123,
            "gross_margin": 48.07,
            "gross_margin_4q_avg": 46.44,
            "net_income": 5425,
            "revenue": 31460,
            "common_shares": 986628,
            "book_valuer_per_share": 12.27,
            "book_valuer_per_share_4q_avg": 12.68,
            "equity": 1211098,
            "current_ratio": 243.03,
            "debt_ratio": 27.83,
            "inventory_turnover_ratio": 0.02,
            "account_receivable_turnover_ratio": 36.73,
            "reinvestment_rate": -0.78,
            "research_to_sale_ratio": null,
            "price_fair": 40.08,
            "eps_avg_yearly": 1.15,
            "eps_latest_yearly": 0.24,
            "eps_growth_yearly": 51.35
        },
        "20094": {
            "year_quarter": 20094,
            "year": 2009,
            "quarter": 4,
            "eps": 0.27,
            "eps_growth_year": -12.9,
            "eps_4q": 0.52,
            "eps_4q_growth_year": -59.87,
            "roe": 2.01,
            "roe_4q": 4.12,
            "gross_profit": 39721,
            "gross_margin": 50.44,
            "gross_margin_4q_avg": 48.33,
            "net_income": 24631,
            "revenue": 78750,
            "common_shares": 986628,
            "book_valuer_per_share": 12.52,
            "book_valuer_per_share_4q_avg": 12.55,
            "equity": 1236007,
            "current_ratio": 227.25,
            "debt_ratio": 30.77,
            "inventory_turnover_ratio": 0.04,
            "account_receivable_turnover_ratio": 150.72,
            "reinvestment_rate": 14.08,
            "research_to_sale_ratio": null,
            "price_fair": 37.19,
            "eps_avg_yearly": 1.06,
            "eps_latest_yearly": 1.08,
            "eps_growth_yearly": 128.14
        },
        "20101": {
            "year_quarter": 20101,
            "year": 2010,
            "quarter": 1,
            "eps": 0.27,
            "eps_growth_year": 58.82,
            "eps_4q": 0.62,
            "eps_4q_growth_year": -42.56,
            "roe": 2.07,
            "roe_4q": 4.95,
            "gross_profit": 13322,
            "gross_margin": 53.32,
            "gross_margin_4q_avg": 49.94,
            "net_income": 25821,
            "revenue": 24986,
            "common_shares": 986628,
            "book_valuer_per_share": 12.79,
            "book_valuer_per_share_4q_avg": 12.44,
            "equity": 1261827,
            "current_ratio": 611.11,
            "debt_ratio": 10.75,
            "inventory_turnover_ratio": 0.02,
            "account_receivable_turnover_ratio": 4.09,
            "reinvestment_rate": 21.6,
            "research_to_sale_ratio": null,
            "price_fair": 34.74,
            "eps_avg_yearly": 0.99,
            "eps_latest_yearly": 1.08,
            "eps_growth_yearly": 130.22
        },
        "20102": {
            "year_quarter": 20102,
            "year": 2010,
            "quarter": 2,
            "eps": -0.13,
            "eps_growth_year": -369.83,
            "eps_4q": 0.39,
            "eps_4q_growth_year": -43.35,
            "roe": -1.15,
            "roe_4q": 3.38,
            "gross_profit": 1910,
            "gross_margin": 3.87,
            "gross_margin_4q_avg": 38.93,
            "net_income": -14386,
            "revenue": 49334,
            "common_shares": 986628,
            "book_valuer_per_share": 12.64,
            "book_valuer_per_share_4q_avg": 12.56,
            "equity": 1247441,
            "current_ratio": 531.09,
            "debt_ratio": 12.87,
            "inventory_turnover_ratio": 0.12,
            "account_receivable_turnover_ratio": 8.48,
            "reinvestment_rate": 12.3,
            "research_to_sale_ratio": null,
            "price_fair": 32.76,
            "eps_avg_yearly": 0.94,
            "eps_latest_yearly": 1.08,
            "eps_growth_yearly": 143.26
        },
        "20103": {
            "year_quarter": 20103,
            "year": 2010,
            "quarter": 3,
            "eps": 0.36,
            "eps_growth_year": 497.7,
            "eps_4q": 0.7,
            "eps_4q_growth_year": 13.64,
            "roe": 3.04,
            "roe_4q": 5.97,
            "gross_profit": 56415,
            "gross_margin": 52.29,
            "gross_margin_4q_avg": 39.98,
            "net_income": 38457,
            "revenue": 107895,
            "common_shares": 1065558,
            "book_valuer_per_share": 12.06,
            "book_valuer_per_share_4q_avg": 12.5,
            "equity": 1285647,
            "current_ratio": 435.17,
            "debt_ratio": 15.92,
            "inventory_turnover_ratio": 0.11,
            "account_receivable_turnover_ratio": 342.52,
            "reinvestment_rate": 12,
            "research_to_sale_ratio": null,
            "price_fair": 31.3,
            "eps_avg_yearly": 0.89,
            "eps_latest_yearly": 1.08,
            "eps_growth_yearly": 158.47
        },
        "20104": {
            "year_quarter": 20104,
            "year": 2010,
            "quarter": 4,
            "eps": 0.47,
            "eps_growth_year": 72.26,
            "eps_4q": 0.93,
            "eps_4q_growth_year": 77.61,
            "roe": 3.76,
            "roe_4q": 7.720000000000001,
            "gross_profit": 69860,
            "gross_margin": 53.88,
            "gross_margin_4q_avg": 40.84,
            "net_income": 49315,
            "revenue": 129647,
            "common_shares": 1065558,
            "book_valuer_per_share": 12.53,
            "book_valuer_per_share_4q_avg": 12.51,
            "equity": 1335214,
            "current_ratio": 411.83,
            "debt_ratio": 17.17,
            "inventory_turnover_ratio": 0.09,
            "account_receivable_turnover_ratio": 221.62,
            "reinvestment_rate": 11.04,
            "research_to_sale_ratio": null,
            "price_fair": 34.3,
            "eps_avg_yearly": 0.98,
            "eps_latest_yearly": 1.88,
            "eps_growth_yearly": 182.99
        },
        "20111": {
            "year_quarter": 20111,
            "year": 2011,
            "quarter": 1,
            "eps": 0.66,
            "eps_growth_year": 144.44,
            "eps_4q": 1.38,
            "eps_4q_growth_year": 121.49,
            "roe": 4.96,
            "roe_4q": 10.609999999999998,
            "gross_profit": 95145,
            "gross_margin": 53.48,
            "gross_margin_4q_avg": 40.88,
            "net_income": 67901,
            "revenue": 177892,
            "common_shares": 1065558,
            "book_valuer_per_share": 13.72,
            "book_valuer_per_share_4q_avg": 12.74,
            "equity": 1403115,
            "current_ratio": 388.45,
            "debt_ratio": 18.64,
            "inventory_turnover_ratio": 0.09,
            "account_receivable_turnover_ratio": 208.06,
            "reinvestment_rate": 10.05,
            "research_to_sale_ratio": null,
            "price_fair": 39.4,
            "eps_avg_yearly": 1.13,
            "eps_latest_yearly": 2.64,
            "eps_growth_yearly": 197.9
        },
        "20112": {
            "year_quarter": 20112,
            "year": 2011,
            "quarter": 2,
            "eps": 0.86,
            "eps_growth_year": null,
            "eps_4q": 2.25,
            "eps_4q_growth_year": 470.89,
            "roe": 6.62,
            "roe_4q": 18.38,
            "gross_profit": 125781,
            "gross_margin": 53.2,
            "gross_margin_4q_avg": 53.21,
            "net_income": 96141,
            "revenue": 236436,
            "common_shares": 1065558,
            "book_valuer_per_share": 14.66,
            "book_valuer_per_share_4q_avg": 13.24,
            "equity": 1499256,
            "current_ratio": 375.66,
            "debt_ratio": 19.82,
            "inventory_turnover_ratio": 0.1,
            "account_receivable_turnover_ratio": 404.16,
            "reinvestment_rate": 7.73,
            "research_to_sale_ratio": null,
            "price_fair": 45.9,
            "eps_avg_yearly": 1.31,
            "eps_latest_yearly": 3.44,
            "eps_growth_yearly": 195.13
        },
        "20113": {
            "year_quarter": 20113,
            "year": 2011,
            "quarter": 3,
            "eps": 0.34,
            "eps_growth_year": -6.54,
            "eps_4q": 2.25,
            "eps_4q_growth_year": 220.4,
            "roe": 2.46,
            "roe_4q": 17.799999999999997,
            "gross_profit": 56031,
            "gross_margin": 57.9,
            "gross_margin_4q_avg": 54.62,
            "net_income": 37376,
            "revenue": 96774,
            "common_shares": 1161458,
            "book_valuer_per_share": 13.78,
            "book_valuer_per_share_4q_avg": 13.67,
            "equity": 1536632,
            "current_ratio": 349.22,
            "debt_ratio": 21.59,
            "inventory_turnover_ratio": 0.03,
            "account_receivable_turnover_ratio": 307.22,
            "reinvestment_rate": 7.63,
            "research_to_sale_ratio": null,
            "price_fair": 48.5,
            "eps_avg_yearly": 1.39,
            "eps_latest_yearly": 1.36,
            "eps_growth_yearly": 195.54
        },
        "20114": {
            "year_quarter": 20114,
            "year": 2011,
            "quarter": 4,
            "eps": 0.29,
            "eps_growth_year": -37.13,
            "eps_4q": 2.1,
            "eps_4q_growth_year": 125.38,
            "roe": 2.1,
            "roe_4q": 16.14,
            "gross_profit": 50629,
            "gross_margin": 49.09,
            "gross_margin_4q_avg": 53.42,
            "net_income": 32610,
            "revenue": 103137,
            "common_shares": 1161458,
            "book_valuer_per_share": 14.07,
            "book_valuer_per_share_4q_avg": 14.06,
            "equity": 1569242,
            "current_ratio": 343.97,
            "debt_ratio": 22.14,
            "inventory_turnover_ratio": 0.04,
            "account_receivable_turnover_ratio": 176.3,
            "reinvestment_rate": 8.26,
            "research_to_sale_ratio": null,
            "price_fair": 47.4,
            "eps_avg_yearly": 1.35,
            "eps_latest_yearly": 1.16,
            "eps_growth_yearly": 77.05
        },
        "20121": {
            "year_quarter": 20121,
            "year": 2012,
            "quarter": 1,
            "eps": 0.92,
            "eps_growth_year": 39.39,
            "eps_4q": 2.4,
            "eps_4q_growth_year": 73.83,
            "roe": 6.28,
            "roe_4q": 17.46,
            "gross_profit": 133293,
            "gross_margin": 55.35,
            "gross_margin_4q_avg": 53.89,
            "net_income": 101784,
            "revenue": 240815,
            "common_shares": 1161458,
            "book_valuer_per_share": 14.98,
            "book_valuer_per_share_4q_avg": 14.37,
            "equity": 1670863,
            "current_ratio": 305.53,
            "debt_ratio": 25.63,
            "inventory_turnover_ratio": 0.08,
            "account_receivable_turnover_ratio": 281.65,
            "reinvestment_rate": 8.04,
            "research_to_sale_ratio": null,
            "price_fair": 52.7,
            "eps_avg_yearly": 1.51,
            "eps_latest_yearly": 3.68,
            "eps_growth_yearly": 139.83
        },
        "20122": {
            "year_quarter": 20122,
            "year": 2012,
            "quarter": 2,
            "eps": 0.7,
            "eps_growth_year": -18.94,
            "eps_4q": 2.03,
            "eps_4q_growth_year": -9.92,
            "roe": 5.26,
            "roe_4q": 16.099999999999998,
            "gross_profit": 116421,
            "gross_margin": 55.88,
            "gross_margin_4q_avg": 54.56,
            "net_income": 89646,
            "revenue": 208353,
            "common_shares": 1161458,
            "book_valuer_per_share": 15.58,
            "book_valuer_per_share_4q_avg": 14.6,
            "equity": 1737443,
            "current_ratio": 266.86,
            "debt_ratio": 29.99,
            "inventory_turnover_ratio": 0.06,
            "account_receivable_turnover_ratio": 356.16,
            "reinvestment_rate": 8.08,
            "research_to_sale_ratio": null,
            "price_fair": 56,
            "eps_avg_yearly": 1.6,
            "eps_latest_yearly": 2.8,
            "eps_growth_yearly": 134.47
        },
        "20123": {
            "year_quarter": 20123,
            "year": 2012,
            "quarter": 3,
            "eps": 0.69,
            "eps_growth_year": 104.57,
            "eps_4q": 2.43,
            "eps_4q_growth_year": 8.08,
            "roe": 4.93,
            "roe_4q": 18.57,
            "gross_profit": 109257,
            "gross_margin": 55.73,
            "gross_margin_4q_avg": 54.01,
            "net_income": 87928,
            "revenue": 196035,
            "common_shares": 1335677,
            "book_valuer_per_share": 14.24,
            "book_valuer_per_share_4q_avg": 14.72,
            "equity": 1826298,
            "current_ratio": 258.37,
            "debt_ratio": 31.52,
            "inventory_turnover_ratio": 0.05,
            "account_receivable_turnover_ratio": 186.52,
            "reinvestment_rate": 7.81,
            "research_to_sale_ratio": null,
            "price_fair": 60.6,
            "eps_avg_yearly": 1.73,
            "eps_latest_yearly": 2.76,
            "eps_growth_yearly": 144.87
        },
        "20124": {
            "year_quarter": 20124,
            "year": 2012,
            "quarter": 4,
            "eps": 0.81,
            "eps_growth_year": 176.25,
            "eps_4q": 2.99,
            "eps_4q_growth_year": 42.28,
            "roe": 5.52,
            "roe_4q": 21.99,
            "gross_profit": 134545,
            "gross_margin": 58.95,
            "gross_margin_4q_avg": 56.48,
            "net_income": 103579,
            "revenue": 228250,
            "common_shares": 1335677,
            "book_valuer_per_share": 15.05,
            "book_valuer_per_share_4q_avg": 14.96,
            "equity": 1929878,
            "current_ratio": 252.22,
            "debt_ratio": 32.81,
            "inventory_turnover_ratio": 0.05,
            "account_receivable_turnover_ratio": 99.63,
            "reinvestment_rate": 7.5,
            "research_to_sale_ratio": null,
            "price_fair": 65.6,
            "eps_avg_yearly": 1.87,
            "eps_latest_yearly": 3.24,
            "eps_growth_yearly": 139.9
        },
        "20131": {
            "year_quarter": 20131,
            "year": 2013,
            "quarter": 1,
            "eps": -0.03,
            "eps_growth_year": -103.26,
            "eps_4q": 2.17,
            "eps_4q_growth_year": -9.83,
            "roe": -0.24,
            "roe_4q": 15.469999999999999,
            "gross_profit": 2539,
            "gross_margin": 68.71,
            "gross_margin_4q_avg": 59.82,
            "net_income": -3673,
            "revenue": 3695,
            "common_shares": 1335677,
            "book_valuer_per_share": 8.74,
            "book_valuer_per_share_4q_avg": 13.4,
            "equity": 1121183,
            "current_ratio": 163.5,
            "debt_ratio": 46.05,
            "inventory_turnover_ratio": 0,
            "account_receivable_turnover_ratio": 2.02,
            "reinvestment_rate": -62.49,
            "research_to_sale_ratio": null,
            "price_fair": 68.82,
            "eps_avg_yearly": 1.97,
            "eps_latest_yearly": 3.24,
            "eps_growth_yearly": 164.56
        },
        "20132": {
            "year_quarter": 20132,
            "year": 2013,
            "quarter": 2,
            "eps": -0.11,
            "eps_growth_year": -115.79,
            "eps_4q": 1.17,
            "eps_4q_growth_year": -42.2,
            "roe": -1.3,
            "roe_4q": 8.91,
            "gross_profit": 5404,
            "gross_margin": 66.67,
            "gross_margin_4q_avg": 62.52,
            "net_income": -14063,
            "revenue": 8105,
            "common_shares": 1335677,
            "book_valuer_per_share": 8.11,
            "book_valuer_per_share_4q_avg": 11.54,
            "equity": 1040336,
            "current_ratio": 154.95,
            "debt_ratio": 52.51,
            "inventory_turnover_ratio": 0,
            "account_receivable_turnover_ratio": 13.85,
            "reinvestment_rate": -64.02,
            "research_to_sale_ratio": null,
            "price_fair": 73.97,
            "eps_avg_yearly": 2.11,
            "eps_latest_yearly": 3.24,
            "eps_growth_yearly": 201.8
        },
        "20133": {
            "year_quarter": 20133,
            "year": 2013,
            "quarter": 3,
            "eps": 0.11,
            "eps_growth_year": -83.96,
            "eps_4q": 0.69,
            "eps_4q_growth_year": -71.77,
            "roe": 1.53,
            "roe_4q": 5.51,
            "gross_profit": 32011,
            "gross_margin": 28.05,
            "gross_margin_4q_avg": 55.6,
            "net_income": 15991,
            "revenue": 114116,
            "common_shares": 1536029,
            "book_valuer_per_share": 7.12,
            "book_valuer_per_share_4q_avg": 9.76,
            "equity": 1056195,
            "current_ratio": 164.94,
            "debt_ratio": 51.3,
            "inventory_turnover_ratio": 0.05,
            "account_receivable_turnover_ratio": 108.58,
            "reinvestment_rate": -62.99,
            "research_to_sale_ratio": null,
            "price_fair": 79.93,
            "eps_avg_yearly": 2.28,
            "eps_latest_yearly": 3.24,
            "eps_growth_yearly": 212.87
        },
        "20134": {
            "year_quarter": 20134,
            "year": 2013,
            "quarter": 4,
            "eps": 3,
            "eps_growth_year": 271.09,
            "eps_4q": 2.99,
            "eps_4q_growth_year": -0.02,
            "roe": 34.56,
            "roe_4q": 34.550000000000004,
            "gross_profit": 474200,
            "gross_margin": 60.38,
            "gross_margin_4q_avg": 55.95,
            "net_income": 441991,
            "revenue": 785351,
            "common_shares": 1536029,
            "book_valuer_per_share": 10.19,
            "book_valuer_per_share_4q_avg": 8.54,
            "equity": 1501826,
            "current_ratio": 213.26,
            "debt_ratio": 40.41,
            "inventory_turnover_ratio": 0.21,
            "account_receivable_turnover_ratio": 2.72,
            "reinvestment_rate": -46.96,
            "research_to_sale_ratio": null,
            "price_fair": 114.67,
            "eps_avg_yearly": 3.28,
            "eps_latest_yearly": 12,
            "eps_growth_yearly": 1040.97
        },
        "20141": {
            "year_quarter": 20141,
            "year": 2014,
            "quarter": 1,
            "eps": 2.16,
            "eps_growth_year": null,
            "eps_4q": 5.17,
            "eps_4q_growth_year": 139.01,
            "roe": 19.21,
            "roe_4q": 54.00000000000001,
            "gross_profit": 387856,
            "gross_margin": 52.23,
            "gross_margin_4q_avg": 51.83,
            "net_income": 319100,
            "revenue": 742581,
            "common_shares": 1536029,
            "book_valuer_per_share": 12.35,
            "book_valuer_per_share_4q_avg": 9.44,
            "equity": 1820926,
            "current_ratio": 624.67,
            "debt_ratio": 14.07,
            "inventory_turnover_ratio": 0.3,
            "account_receivable_turnover_ratio": 2.43,
            "reinvestment_rate": -38.9,
            "research_to_sale_ratio": null,
            "price_fair": 138.73,
            "eps_avg_yearly": 3.96,
            "eps_latest_yearly": 8.64,
            "eps_growth_yearly": 1030.79
        },
        "20142": {
            "year_quarter": 20142,
            "year": 2014,
            "quarter": 2,
            "eps": 0.09,
            "eps_growth_year": null,
            "eps_4q": 5.36,
            "eps_4q_growth_year": 357.11,
            "roe": 0.7,
            "roe_4q": 56,
            "gross_profit": 27481,
            "gross_margin": 47.84,
            "gross_margin_4q_avg": 47.13,
            "net_income": 12821,
            "revenue": 57442,
            "common_shares": 1536029,
            "book_valuer_per_share": 12.44,
            "book_valuer_per_share_4q_avg": 10.53,
            "equity": 1833747,
            "current_ratio": 668.17,
            "debt_ratio": 13.2,
            "inventory_turnover_ratio": 0.03,
            "account_receivable_turnover_ratio": 1.63,
            "reinvestment_rate": -34.89,
            "research_to_sale_ratio": null,
            "price_fair": 128.22,
            "eps_avg_yearly": 3.66,
            "eps_latest_yearly": 0.36,
            "eps_growth_yearly": 912.95
        },
        "20143": {
            "year_quarter": 20143,
            "year": 2014,
            "quarter": 3,
            "eps": 2.2,
            "eps_growth_year": 1900,
            "eps_4q": 7.44,
            "eps_4q_growth_year": 983.86,
            "roe": 16.22,
            "roe_4q": 70.69,
            "gross_profit": 380579,
            "gross_margin": 57.6,
            "gross_margin_4q_avg": 54.51,
            "net_income": 323761,
            "revenue": 660710,
            "common_shares": 1536029,
            "book_valuer_per_share": 14.63,
            "book_valuer_per_share_4q_avg": 12.4,
            "equity": 2157508,
            "current_ratio": 1616.54,
            "debt_ratio": 5.99,
            "inventory_turnover_ratio": 0.31,
            "account_receivable_turnover_ratio": 14.32,
            "reinvestment_rate": -29.1,
            "research_to_sale_ratio": null,
            "price_fair": 142.05,
            "eps_avg_yearly": 4.06,
            "eps_latest_yearly": 8.8,
            "eps_growth_yearly": 1564.09
        },
        "20144": {
            "year_quarter": 20144,
            "year": 2014,
            "quarter": 4,
            "eps": 0.38,
            "eps_growth_year": -87.35,
            "eps_4q": 4.83,
            "eps_4q_growth_year": 61.65,
            "roe": 2.56,
            "roe_4q": 38.69,
            "gross_profit": 66467,
            "gross_margin": 54.39,
            "gross_margin_4q_avg": 53.02,
            "net_income": 55930,
            "revenue": 122201,
            "common_shares": 1536029,
            "book_valuer_per_share": 14.99,
            "book_valuer_per_share_4q_avg": 13.6,
            "equity": 2209780,
            "current_ratio": 2661.75,
            "debt_ratio": 4.1,
            "inventory_turnover_ratio": 0.07,
            "account_receivable_turnover_ratio": 4.25,
            "reinvestment_rate": -29.03,
            "research_to_sale_ratio": null,
            "price_fair": 141.08,
            "eps_avg_yearly": 4.03,
            "eps_latest_yearly": 1.52,
            "eps_growth_yearly": 1529.23
        },
        "20151": {
            "year_quarter": 20151,
            "year": 2015,
            "quarter": 1,
            "eps": 0.02,
            "eps_growth_year": -99.07,
            "eps_4q": 2.68,
            "eps_4q_growth_year": -48.15,
            "roe": 0.14,
            "roe_4q": 19.619999999999997,
            "gross_profit": 95,
            "gross_margin": 8.43,
            "gross_margin_4q_avg": 42.07,
            "net_income": 3088,
            "revenue": 1127,
            "common_shares": 1536029,
            "book_valuer_per_share": 15.01,
            "book_valuer_per_share_4q_avg": 14.27,
            "equity": 2212868,
            "current_ratio": 1443.38,
            "debt_ratio": 6.79,
            "inventory_turnover_ratio": 0,
            "account_receivable_turnover_ratio": null,
            "reinvestment_rate": -30.18,
            "research_to_sale_ratio": null,
            "price_fair": 134.18,
            "eps_avg_yearly": 3.83,
            "eps_latest_yearly": 0.08,
            "eps_growth_yearly": 1487.64
        },
        "20152": {
            "year_quarter": 20152,
            "year": 2015,
            "quarter": 2,
            "eps": -0.12,
            "eps_growth_year": -233.33,
            "eps_4q": 2.14,
            "eps_4q_growth_year": -59.97,
            "roe": -0.79,
            "roe_4q": 18.13,
            "gross_profit": 618,
            "gross_margin": 54.64,
            "gross_margin_4q_avg": 43.77,
            "net_income": -17205,
            "revenue": 1131,
            "common_shares": 1536029,
            "book_valuer_per_share": 14.37,
            "book_valuer_per_share_4q_avg": 14.75,
            "equity": 2118861,
            "current_ratio": 1248.15,
            "debt_ratio": 7.71,
            "inventory_turnover_ratio": 0,
            "account_receivable_turnover_ratio": null,
            "reinvestment_rate": -32.42,
            "research_to_sale_ratio": null,
            "price_fair": 135.33,
            "eps_avg_yearly": 3.87,
            "eps_latest_yearly": 0.08,
            "eps_growth_yearly": 1601.51
        },
        "20153": {
            "year_quarter": 20153,
            "year": 2015,
            "quarter": 3,
            "eps": -0.21,
            "eps_growth_year": -109.55,
            "eps_4q": 0.04,
            "eps_4q_growth_year": -99.48,
            "roe": -1.67,
            "roe_4q": 0.2400000000000002,
            "gross_profit": -26,
            "gross_margin": -2.27,
            "gross_margin_4q_avg": 28.8,
            "net_income": -35201,
            "revenue": 1146,
            "common_shares": 1766433,
            "book_valuer_per_share": 12.31,
            "book_valuer_per_share_4q_avg": 14.17,
            "equity": 2086741,
            "current_ratio": 3610.98,
            "debt_ratio": 3.3,
            "inventory_turnover_ratio": 0,
            "account_receivable_turnover_ratio": null,
            "reinvestment_rate": -34.05,
            "research_to_sale_ratio": null,
            "price_fair": 143.31,
            "eps_avg_yearly": 4.09,
            "eps_latest_yearly": 0.08,
            "eps_growth_yearly": 1769.09
        },
        "20154": {
            "year_quarter": 20154,
            "year": 2015,
            "quarter": 4,
            "eps": 0.25,
            "eps_growth_year": -33.37,
            "eps_4q": -0.04,
            "eps_4q_growth_year": -100.79,
            "roe": 2.03,
            "roe_4q": -0.29000000000000015,
            "gross_profit": 72336,
            "gross_margin": 79.46,
            "gross_margin_4q_avg": 35.07,
            "net_income": 42847,
            "revenue": 91033,
            "common_shares": 1766433,
            "book_valuer_per_share": 12.55,
            "book_valuer_per_share_4q_avg": 13.56,
            "equity": 2127942,
            "current_ratio": 2199.21,
            "debt_ratio": 4.88,
            "inventory_turnover_ratio": 0.02,
            "account_receivable_turnover_ratio": 606.89,
            "reinvestment_rate": -33.82,
            "research_to_sale_ratio": null,
            "price_fair": 153.58,
            "eps_avg_yearly": 4.39,
            "eps_latest_yearly": 0.08,
            "eps_growth_yearly": 1951.88
        },
        "20161": {
            "year_quarter": 20161,
            "year": 2016,
            "quarter": 1,
            "eps": 0.18,
            "eps_growth_year": 800,
            "eps_4q": 0.12,
            "eps_4q_growth_year": -95.42,
            "roe": 1.42,
            "roe_4q": 0.9899999999999998,
            "gross_profit": 1113,
            "gross_margin": 76.49,
            "gross_margin_4q_avg": 52.08,
            "net_income": 30391,
            "revenue": 1455,
            "common_shares": 1766433,
            "book_valuer_per_share": 12.73,
            "book_valuer_per_share_4q_avg": 12.99,
            "equity": 2158333,
            "current_ratio": 2283.98,
            "debt_ratio": 4.57,
            "inventory_turnover_ratio": 0,
            "account_receivable_turnover_ratio": 9.7,
            "reinvestment_rate": -35.63,
            "research_to_sale_ratio": null,
            "price_fair": 143.22,
            "eps_avg_yearly": 4.09,
            "eps_latest_yearly": 0.72,
            "eps_growth_yearly": 1853.79
        },
        "20162": {
            "year_quarter": 20162,
            "year": 2016,
            "quarter": 2,
            "eps": 0.07,
            "eps_growth_year": null,
            "eps_4q": 0.29,
            "eps_4q_growth_year": -86.43,
            "roe": 0.52,
            "roe_4q": 2.3,
            "gross_profit": 516,
            "gross_margin": 34.61,
            "gross_margin_4q_avg": 47.07,
            "net_income": 11289,
            "revenue": 1491,
            "common_shares": 1766433,
            "book_valuer_per_share": 12.8,
            "book_valuer_per_share_4q_avg": 12.6,
            "equity": 2169622,
            "current_ratio": 1953.01,
            "debt_ratio": 5.19,
            "inventory_turnover_ratio": 0,
            "account_receivable_turnover_ratio": null,
            "reinvestment_rate": -37.8,
            "research_to_sale_ratio": null,
            "price_fair": 134.4,
            "eps_avg_yearly": 3.84,
            "eps_latest_yearly": 0.28,
            "eps_growth_yearly": 1838.91
        },
        "20163": {
            "year_quarter": 20163,
            "year": 2016,
            "quarter": 3,
            "eps": 0.16,
            "eps_growth_year": null,
            "eps_4q": 0.66,
            "eps_4q_growth_year": 1583.48,
            "roe": 1.22,
            "roe_4q": 5.1899999999999995,
            "gross_profit": 1106,
            "gross_margin": 76.91,
            "gross_margin_4q_avg": 66.87,
            "net_income": 26724,
            "revenue": 1438,
            "common_shares": 1766433,
            "book_valuer_per_share": 12.95,
            "book_valuer_per_share_4q_avg": 12.76,
            "equity": 2196346,
            "current_ratio": 1508.34,
            "debt_ratio": 6.47,
            "inventory_turnover_ratio": 0,
            "account_receivable_turnover_ratio": null,
            "reinvestment_rate": -39.67,
            "research_to_sale_ratio": null,
            "price_fair": 126.98,
            "eps_avg_yearly": 3.63,
            "eps_latest_yearly": 0.64,
            "eps_growth_yearly": 1890.91
        },
        "20164": {
            "year_quarter": 20164,
            "year": 2016,
            "quarter": 4,
            "eps": 0.02,
            "eps_growth_year": -90.43,
            "eps_4q": 0.43,
            "eps_4q_growth_year": null,
            "roe": 0.19,
            "roe_4q": 3.3499999999999996,
            "gross_profit": 2034,
            "gross_margin": 57.26,
            "gross_margin_4q_avg": 61.32,
            "net_income": 4099,
            "revenue": 3552,
            "common_shares": 1766433,
            "book_valuer_per_share": 12.99,
            "book_valuer_per_share_4q_avg": 12.87,
            "equity": 2203350,
            "current_ratio": 1264.71,
            "debt_ratio": 7.42,
            "inventory_turnover_ratio": 0,
            "account_receivable_turnover_ratio": null,
            "reinvestment_rate": -43.06,
            "research_to_sale_ratio": null,
            "price_fair": 115.92,
            "eps_avg_yearly": 3.31,
            "eps_latest_yearly": 0.08,
            "eps_growth_yearly": 1848.95
        },
        "20171": {
            "year_quarter": 20171,
            "year": 2017,
            "quarter": 1,
            "eps": 0.19,
            "eps_growth_year": 5.56,
            "eps_4q": 0.44,
            "eps_4q_growth_year": 259.1,
            "roe": 1.47,
            "roe_4q": 3.4,
            "gross_profit": 1453,
            "gross_margin": 81.86,
            "gross_margin_4q_avg": 62.66,
            "net_income": 32708,
            "revenue": 1775,
            "common_shares": 1766433,
            "book_valuer_per_share": 13.19,
            "book_valuer_per_share_4q_avg": 12.98,
            "equity": 2236058,
            "current_ratio": 801.35,
            "debt_ratio": 11.31,
            "inventory_turnover_ratio": 0,
            "account_receivable_turnover_ratio": null,
            "reinvestment_rate": -0.01,
            "research_to_sale_ratio": null,
            "price_fair": 107.8,
            "eps_avg_yearly": 3.08,
            "eps_latest_yearly": 0.76,
            "eps_growth_yearly": 1989.96
        },
        "20172": {
            "year_quarter": 20172,
            "year": 2017,
            "quarter": 2,
            "eps": 0.08,
            "eps_growth_year": 14.29,
            "eps_4q": 0.29,
            "eps_4q_growth_year": -0.82,
            "roe": -0.66,
            "roe_4q": 2.2199999999999998,
            "gross_profit": 1042,
            "gross_margin": 76.39,
            "gross_margin_4q_avg": 73.11,
            "net_income": -14607,
            "revenue": 1364,
            "common_shares": 1766433,
            "book_valuer_per_share": 12.74,
            "book_valuer_per_share_4q_avg": 12.97,
            "equity": 2159626,
            "current_ratio": 624.89,
            "debt_ratio": 14.33,
            "inventory_turnover_ratio": 0,
            "account_receivable_turnover_ratio": null,
            "reinvestment_rate": -0.01,
            "research_to_sale_ratio": null,
            "price_fair": 99.75,
            "eps_avg_yearly": 2.85,
            "eps_latest_yearly": 0.32,
            "eps_growth_yearly": 1804.83
        },
        "20173": {
            "year_quarter": 20173,
            "year": 2017,
            "quarter": 3,
            "eps": 0.05,
            "eps_growth_year": -68.75,
            "eps_4q": 0.18,
            "eps_4q_growth_year": -72.41,
            "roe": 0.39,
            "roe_4q": 1.39,
            "gross_profit": 1014,
            "gross_margin": 75.9,
            "gross_margin_4q_avg": 72.85,
            "net_income": 8494,
            "revenue": 1336,
            "common_shares": 1766433,
            "book_valuer_per_share": 12.8,
            "book_valuer_per_share_4q_avg": 12.93,
            "equity": 2170599,
            "current_ratio": 578.29,
            "debt_ratio": 15.48,
            "inventory_turnover_ratio": 0,
            "account_receivable_turnover_ratio": null,
            "reinvestment_rate": 0,
            "research_to_sale_ratio": null,
            "price_fair": 92.62,
            "eps_avg_yearly": 2.65,
            "eps_latest_yearly": 0.2,
            "eps_growth_yearly": 1654.46
        },
        "20174": {
            "year_quarter": 20174,
            "year": 2017,
            "quarter": 4,
            "eps": 0.57,
            "eps_growth_year": 2249.66,
            "eps_4q": 0.73,
            "eps_4q_growth_year": 69.58,
            "roe": 4.35,
            "roe_4q": 5.549999999999999,
            "gross_profit": 85465,
            "gross_margin": 101.13,
            "gross_margin_4q_avg": 83.82,
            "net_income": 96359,
            "revenue": 84512,
            "common_shares": 1766433,
            "book_valuer_per_share": 13.35,
            "book_valuer_per_share_4q_avg": 13.02,
            "equity": 2263317,
            "current_ratio": 440.51,
            "debt_ratio": 20.59,
            "inventory_turnover_ratio": -0,
            "account_receivable_turnover_ratio": null,
            "reinvestment_rate": -0.86,
            "research_to_sale_ratio": null,
            "price_fair": 66.45,
            "eps_avg_yearly": 1.9,
            "eps_latest_yearly": 2.28,
            "eps_growth_yearly": 1166.07
        },
        "20181": {
            "year_quarter": 20181,
            "year": 2018,
            "quarter": 1,
            "eps": 0.24,
            "eps_growth_year": 26.32,
            "eps_4q": 0.77,
            "eps_4q_growth_year": 75.42,
            "roe": 1.78,
            "roe_4q": 5.859999999999999,
            "gross_profit": 58086,
            "gross_margin": 42.11,
            "gross_margin_4q_avg": 73.88,
            "net_income": 41009,
            "revenue": 137924,
            "common_shares": 1766433,
            "book_valuer_per_share": 13.86,
            "book_valuer_per_share_4q_avg": 13.19,
            "equity": 2350569,
            "current_ratio": 309.46,
            "debt_ratio": 20.1,
            "inventory_turnover_ratio": 0.06,
            "account_receivable_turnover_ratio": null,
            "reinvestment_rate": -2.96,
            "research_to_sale_ratio": null,
            "price_fair": 45.77,
            "eps_avg_yearly": 1.31,
            "eps_latest_yearly": 0.96,
            "eps_growth_yearly": 1156.87
        },
        "20182": {
            "year_quarter": 20182,
            "year": 2018,
            "quarter": 2,
            "eps": -0.04,
            "eps_growth_year": -150,
            "eps_4q": 0.82,
            "eps_4q_growth_year": 182.85,
            "roe": -0.32,
            "roe_4q": 6.199999999999999,
            "gross_profit": 2373,
            "gross_margin": 4.55,
            "gross_margin_4q_avg": 55.92,
            "net_income": -7479,
            "revenue": 52102,
            "common_shares": 1766433,
            "book_valuer_per_share": 13.29,
            "book_valuer_per_share_4q_avg": 13.33,
            "equity": 2254250,
            "current_ratio": 223.19,
            "debt_ratio": 28.6,
            "inventory_turnover_ratio": 0.03,
            "account_receivable_turnover_ratio": null,
            "reinvestment_rate": -3.06,
            "research_to_sale_ratio": null,
            "price_fair": 48.53,
            "eps_avg_yearly": 1.39,
            "eps_latest_yearly": 0.96,
            "eps_growth_yearly": 1285.22
        },
        "20183": {
            "year_quarter": 20183,
            "year": 2018,
            "quarter": 3,
            "eps": 0.15,
            "eps_growth_year": 200,
            "eps_4q": 0.92,
            "eps_4q_growth_year": 405.84,
            "roe": 1.11,
            "roe_4q": 6.92,
            "gross_profit": 6044,
            "gross_margin": 4.09,
            "gross_margin_4q_avg": 37.97,
            "net_income": 25379,
            "revenue": 147689,
            "common_shares": 1766433,
            "book_valuer_per_share": 13.61,
            "book_valuer_per_share_4q_avg": 13.53,
            "equity": 2308087,
            "current_ratio": 231.1,
            "debt_ratio": 30.28,
            "inventory_turnover_ratio": 0.09,
            "account_receivable_turnover_ratio": null,
            "reinvestment_rate": -6.08,
            "research_to_sale_ratio": null,
            "price_fair": 24.95,
            "eps_avg_yearly": 0.71,
            "eps_latest_yearly": 0.96,
            "eps_growth_yearly": 549.53
        },
        "20184": {
            "year_quarter": 20184,
            "year": 2018,
            "quarter": 4,
            "eps": -0.22,
            "eps_growth_year": -139.05,
            "eps_4q": 0.13,
            "eps_4q_growth_year": -82.68,
            "roe": -1.68,
            "roe_4q": 0.8900000000000001,
            "gross_profit": -25207,
            "gross_margin": -21.33,
            "gross_margin_4q_avg": 7.36,
            "net_income": -37627,
            "revenue": 118154,
            "common_shares": 1766433,
            "book_valuer_per_share": 12.83,
            "book_valuer_per_share_4q_avg": 13.4,
            "equity": 2176227,
            "current_ratio": 202.9,
            "debt_ratio": 36,
            "inventory_turnover_ratio": 0.08,
            "account_receivable_turnover_ratio": null,
            "reinvestment_rate": -8.8,
            "research_to_sale_ratio": null,
            "price_fair": 22.12,
            "eps_avg_yearly": 0.63,
            "eps_latest_yearly": 0.96,
            "eps_growth_yearly": 637.57
        },
        "20191": {
            "year_quarter": 20191,
            "year": 2019,
            "quarter": 1,
            "eps": 0.76,
            "eps_growth_year": 216.67,
            "eps_4q": 0.65,
            "eps_4q_growth_year": -16.41,
            "roe": 5.7,
            "roe_4q": 4.8100000000000005,
            "gross_profit": 178434,
            "gross_margin": 31.25,
            "gross_margin_4q_avg": 4.64,
            "net_income": 129433,
            "revenue": 571039,
            "common_shares": 1766433,
            "book_valuer_per_share": 13.96,
            "book_valuer_per_share_4q_avg": 13.42,
            "equity": 2366471,
            "current_ratio": 244.4,
            "debt_ratio": 29.42,
            "inventory_turnover_ratio": 0.23,
            "account_receivable_turnover_ratio": 9136.62,
            "reinvestment_rate": -5.5,
            "research_to_sale_ratio": null,
            "price_fair": 24.27,
            "eps_avg_yearly": 0.69,
            "eps_latest_yearly": 0.96,
            "eps_growth_yearly": 750.52
        },
        "20192": {
            "year_quarter": 20192,
            "year": 2019,
            "quarter": 2,
            "eps": 0.16,
            "eps_growth_year": null,
            "eps_4q": 0.85,
            "eps_4q_growth_year": 4.73,
            "roe": 1.16,
            "roe_4q": 6.290000000000001,
            "gross_profit": 46158,
            "gross_margin": 28.24,
            "gross_margin_4q_avg": 10.56,
            "net_income": 27733,
            "revenue": 163442,
            "common_shares": 1766433,
            "book_valuer_per_share": 14.13,
            "book_valuer_per_share_4q_avg": 13.63,
            "equity": 2395881,
            "current_ratio": 238.46,
            "debt_ratio": 29.54,
            "inventory_turnover_ratio": 0.07,
            "account_receivable_turnover_ratio": 2615.07,
            "reinvestment_rate": -4.88,
            "research_to_sale_ratio": null,
            "price_fair": 24.08,
            "eps_avg_yearly": 0.69,
            "eps_latest_yearly": 0.64,
            "eps_growth_yearly": 643.89
        },
        "20193": {
            "year_quarter": 20193,
            "year": 2019,
            "quarter": 3,
            "eps": 1.08,
            "eps_growth_year": 620,
            "eps_4q": 1.78,
            "eps_4q_growth_year": 94.81,
            "roe": 7.37,
            "roe_4q": 12.55,
            "gross_profit": 190565,
            "gross_margin": 36.22,
            "gross_margin_4q_avg": 18.6,
            "net_income": 182957,
            "revenue": 526073,
            "common_shares": 1766433,
            "book_valuer_per_share": 15.15,
            "book_valuer_per_share_4q_avg": 14.02,
            "equity": 2569559,
            "current_ratio": 324.98,
            "debt_ratio": 22.19,
            "inventory_turnover_ratio": 0.23,
            "account_receivable_turnover_ratio": null,
            "reinvestment_rate": -3.11,
            "research_to_sale_ratio": null,
            "price_fair": 35.64,
            "eps_avg_yearly": 1.02,
            "eps_latest_yearly": 4.32,
            "eps_growth_yearly": 794.44
        },
        "20194": {
            "year_quarter": 20194,
            "year": 2019,
            "quarter": 4,
            "eps": -0,
            "eps_growth_year": null,
            "eps_4q": 2,
            "eps_4q_growth_year": 1494.54,
            "roe": -0.02,
            "roe_4q": 14.21,
            "gross_profit": 13231,
            "gross_margin": 31.71,
            "gross_margin_4q_avg": 31.86,
            "net_income": -484,
            "revenue": 41719,
            "common_shares": 1766433,
            "book_valuer_per_share": 15.57,
            "book_valuer_per_share_4q_avg": 14.7,
            "equity": 2640224,
            "current_ratio": 332.05,
            "debt_ratio": 21.2,
            "inventory_turnover_ratio": 0.02,
            "account_receivable_turnover_ratio": null,
            "reinvestment_rate": 0.14,
            "research_to_sale_ratio": null,
            "price_fair": 35.64,
            "eps_avg_yearly": 1.02,
            "eps_latest_yearly": 4.32,
            "eps_growth_yearly": 794.44
        },
        "20201": {
            "year_quarter": 20201,
            "year": 2020,
            "quarter": 1,
            "eps": -0.04,
            "eps_growth_year": -105.26,
            "eps_4q": 1.2,
            "eps_4q_growth_year": 84.93,
            "roe": -0.29,
            "roe_4q": 8.22,
            "gross_profit": 2833,
            "gross_margin": 38.67,
            "gross_margin_4q_avg": 33.71,
            "net_income": -7299,
            "revenue": 7326,
            "common_shares": 1766433,
            "book_valuer_per_share": 14.57,
            "book_valuer_per_share_4q_avg": 14.86,
            "equity": 2470638,
            "current_ratio": 344.32,
            "debt_ratio": 21.42,
            "inventory_turnover_ratio": 0,
            "account_receivable_turnover_ratio": null,
            "reinvestment_rate": 0.14,
            "research_to_sale_ratio": null,
            "price_fair": 36.68,
            "eps_avg_yearly": 1.05,
            "eps_latest_yearly": 4.32,
            "eps_growth_yearly": 885.09
        },
        "20202": {
            "year_quarter": 20202,
            "year": 2020,
            "quarter": 2,
            "eps": 0.89,
            "eps_growth_year": 456.25,
            "eps_4q": 1.74,
            "eps_4q_growth_year": 103.53,
            "roe": 5.9,
            "roe_4q": 12.96,
            "gross_profit": 206096,
            "gross_margin": 39.3,
            "gross_margin_4q_avg": 36.48,
            "net_income": 150535,
            "revenue": 524377,
            "common_shares": 1766433,
            "book_valuer_per_share": 15.53,
            "book_valuer_per_share_4q_avg": 15.21,
            "equity": 2633870,
            "current_ratio": 385.1,
            "debt_ratio": 18.81,
            "inventory_turnover_ratio": 0.21,
            "account_receivable_turnover_ratio": null,
            "reinvestment_rate": -0.14,
            "research_to_sale_ratio": null,
            "price_fair": 39.67,
            "eps_avg_yearly": 1.13,
            "eps_latest_yearly": 4.32,
            "eps_growth_yearly": 1010.59
        },
        "20203": {
            "year_quarter": 20203,
            "year": 2020,
            "quarter": 3,
            "eps": 0.37,
            "eps_growth_year": -65.74,
            "eps_4q": 1.14,
            "eps_4q_growth_year": -36.28,
            "roe": 2.6,
            "roe_4q": 8.190000000000001,
            "gross_profit": 49653,
            "gross_margin": 37.15,
            "gross_margin_4q_avg": 36.71,
            "net_income": 69271,
            "revenue": 133642,
            "common_shares": 1943076,
            "book_valuer_per_share": 14.44,
            "book_valuer_per_share_4q_avg": 15.03,
            "equity": 2694105,
            "current_ratio": 398.96,
            "debt_ratio": 15.98,
            "inventory_turnover_ratio": 0.06,
            "account_receivable_turnover_ratio": null,
            "reinvestment_rate": -0.14,
            "research_to_sale_ratio": null,
            "price_fair": 42.93,
            "eps_avg_yearly": 1.23,
            "eps_latest_yearly": 1.48,
            "eps_growth_yearly": 927.48
        },
        "20204": {
            "year_quarter": 20204,
            "year": 2020,
            "quarter": 4,
            "eps": -0.04,
            "eps_growth_year": null,
            "eps_4q": 1.1,
            "eps_4q_growth_year": -45.23,
            "roe": -0.29,
            "roe_4q": 7.920000000000001,
            "gross_profit": 2083,
            "gross_margin": 141.99,
            "gross_margin_4q_avg": 64.28,
            "net_income": -7889,
            "revenue": 1467,
            "common_shares": 1943076,
            "book_valuer_per_share": 14.64,
            "book_valuer_per_share_4q_avg": 14.8,
            "equity": 2729649,
            "current_ratio": 359.5,
            "debt_ratio": 17.68,
            "inventory_turnover_ratio": -0,
            "account_receivable_turnover_ratio": null,
            "reinvestment_rate": 0.02,
            "research_to_sale_ratio": null,
            "price_fair": 47.95,
            "eps_avg_yearly": 1.37,
            "eps_latest_yearly": 1.48,
            "eps_growth_yearly": 1087.17
        },
        "20211": {
            "year_quarter": 20211,
            "year": 2021,
            "quarter": 1,
            "eps": -0.06,
            "eps_growth_year": null,
            "eps_4q": 1.08,
            "eps_4q_growth_year": -10.14,
            "roe": -0.41,
            "roe_4q": 7.800000000000001,
            "gross_profit": 678,
            "gross_margin": 46.09,
            "gross_margin_4q_avg": 66.13,
            "net_income": -11345,
            "revenue": 1471,
            "common_shares": 1943076,
            "book_valuer_per_share": 15,
            "book_valuer_per_share_4q_avg": 14.9,
            "equity": 2797591,
            "current_ratio": 347.86,
            "debt_ratio": 17.85,
            "inventory_turnover_ratio": 0,
            "account_receivable_turnover_ratio": null,
            "reinvestment_rate": 0.01,
            "research_to_sale_ratio": null,
            "price_fair": 51,
            "eps_avg_yearly": 1.46,
            "eps_latest_yearly": 1.48,
            "eps_growth_yearly": 756.76
        },
        "20212": {
            "year_quarter": 20212,
            "year": 2021,
            "quarter": 2,
            "eps": -0.06,
            "eps_growth_year": -106.74,
            "eps_4q": 0.21,
            "eps_4q_growth_year": -88.05,
            "roe": -0.4,
            "roe_4q": 1.5,
            "gross_profit": 1001,
            "gross_margin": 71.86,
            "gross_margin_4q_avg": 74.27,
            "net_income": -11258,
            "revenue": 1393,
            "common_shares": 1943076,
            "book_valuer_per_share": 15.13,
            "book_valuer_per_share_4q_avg": 14.8,
            "equity": 2822428,
            "current_ratio": 324.65,
            "debt_ratio": 19.05,
            "inventory_turnover_ratio": 0,
            "account_receivable_turnover_ratio": null,
            "reinvestment_rate": 0,
            "research_to_sale_ratio": null,
            "price_fair": 57.63,
            "eps_avg_yearly": 1.65,
            "eps_latest_yearly": 1.48,
            "eps_growth_yearly": 921.49
        },
        "20213": {
            "year_quarter": 20213,
            "year": 2021,
            "quarter": 3,
            "eps": 0.14,
            "eps_growth_year": -62.16,
            "eps_4q": -0.01,
            "eps_4q_growth_year": -101.09,
            "roe": 1,
            "roe_4q": -0.09999999999999998,
            "gross_profit": 1023,
            "gross_margin": 76.06,
            "gross_margin_4q_avg": 84,
            "net_income": 28026,
            "revenue": 1345,
            "common_shares": 2079091,
            "book_valuer_per_share": 13.93,
            "book_valuer_per_share_4q_avg": 14.68,
            "equity": 2779979,
            "current_ratio": 237.36,
            "debt_ratio": 26.99,
            "inventory_turnover_ratio": 0,
            "account_receivable_turnover_ratio": null,
            "reinvestment_rate": -0.01,
            "research_to_sale_ratio": null,
            "price_fair": 67.76,
            "eps_avg_yearly": 1.94,
            "eps_latest_yearly": 1.48,
            "eps_growth_yearly": 1135.78
        },
        "20214": {
            "year_quarter": 20214,
            "year": 2021,
            "quarter": 4,
            "eps": -0.06,
            "eps_growth_year": null,
            "eps_4q": -0.04,
            "eps_4q_growth_year": -103.36,
            "roe": -0.45,
            "roe_4q": -0.25999999999999995,
            "gross_profit": 1105,
            "gross_margin": 76.68,
            "gross_margin_4q_avg": 67.67,
            "net_income": -12785,
            "revenue": 1441,
            "common_shares": 2079091,
            "book_valuer_per_share": 14.3,
            "book_valuer_per_share_4q_avg": 14.59,
            "equity": 2853516,
            "current_ratio": 200.22,
            "debt_ratio": 34.75,
            "inventory_turnover_ratio": 0,
            "account_receivable_turnover_ratio": null,
            "reinvestment_rate": 1.37,
            "research_to_sale_ratio": null,
            "price_fair": 64.75,
            "eps_avg_yearly": 1.85,
            "eps_latest_yearly": 1.48,
            "eps_growth_yearly": 379.73
        },
        "20221": {
            "year_quarter": 20221,
            "year": 2022,
            "quarter": 1,
            "eps": -0.05,
            "eps_growth_year": null,
            "eps_4q": -0.03,
            "eps_4q_growth_year": -102.9,
            "roe": -0.36,
            "roe_4q": -0.21000000000000008,
            "gross_profit": 1121,
            "gross_margin": 77.79,
            "gross_margin_4q_avg": 75.6,
            "net_income": -10212,
            "revenue": 1441,
            "common_shares": 2079091,
            "book_valuer_per_share": 14.44,
            "book_valuer_per_share_4q_avg": 14.45,
            "equity": 2882470,
            "current_ratio": 211.18,
            "debt_ratio": 35.24,
            "inventory_turnover_ratio": 0,
            "account_receivable_turnover_ratio": null,
            "reinvestment_rate": 3.61,
            "research_to_sale_ratio": null,
            "price_fair": 75.13,
            "eps_avg_yearly": 2.15,
            "eps_latest_yearly": 1.48,
            "eps_growth_yearly": 583.5
        },
        "20222": {
            "year_quarter": 20222,
            "year": 2022,
            "quarter": 2,
            "eps": -0.03,
            "eps_growth_year": null,
            "eps_4q": -0.01,
            "eps_4q_growth_year": -102.55,
            "roe": -0.22,
            "roe_4q": -0.030000000000000027,
            "gross_profit": 1319,
            "gross_margin": 80.52,
            "gross_margin_4q_avg": 77.76,
            "net_income": -6135,
            "revenue": 1638,
            "common_shares": 2079091,
            "book_valuer_per_share": 13.66,
            "book_valuer_per_share_4q_avg": 14.08,
            "equity": 2725697,
            "current_ratio": 211.39,
            "debt_ratio": 40.68,
            "inventory_turnover_ratio": 0,
            "account_receivable_turnover_ratio": null,
            "reinvestment_rate": 3.61,
            "research_to_sale_ratio": null,
            "price_fair": 75.13,
            "eps_avg_yearly": 2.15,
            "eps_latest_yearly": 1.48,
            "eps_growth_yearly": 583.5
        },
        "20223": {
            "year_quarter": 20223,
            "year": 2022,
            "quarter": 3,
            "eps": 0.09,
            "eps_growth_year": -35.71,
            "eps_4q": -0.05,
            "eps_4q_growth_year": null,
            "roe": 0.68,
            "roe_4q": -0.3499999999999999,
            "gross_profit": 1321,
            "gross_margin": 80.5,
            "gross_margin_4q_avg": 78.87,
            "net_income": 18418,
            "revenue": 1641,
            "common_shares": 2162255,
            "book_valuer_per_share": 13.03,
            "book_valuer_per_share_4q_avg": 13.86,
            "equity": 2705400,
            "current_ratio": 181.48,
            "debt_ratio": 41.03,
            "inventory_turnover_ratio": 0,
            "account_receivable_turnover_ratio": null,
            "reinvestment_rate": 3.66,
            "research_to_sale_ratio": null,
            "price_fair": 75.13,
            "eps_avg_yearly": 2.15,
            "eps_latest_yearly": 1.48,
            "eps_growth_yearly": 583.5
        },
        "20224": {
            "year_quarter": 20224,
            "year": 2022,
            "quarter": 4,
            "eps": -0.08,
            "eps_growth_year": null,
            "eps_4q": -0.07,
            "eps_4q_growth_year": null,
            "roe": -0.59,
            "roe_4q": -0.4899999999999999,
            "gross_profit": 1450,
            "gross_margin": 65.43,
            "gross_margin_4q_avg": 76.06,
            "net_income": -15985,
            "revenue": 2216,
            "common_shares": 2162255,
            "book_valuer_per_share": 13.12,
            "book_valuer_per_share_4q_avg": 13.56,
            "equity": 2723785,
            "current_ratio": 181.6,
            "debt_ratio": 41.53,
            "inventory_turnover_ratio": 0,
            "account_receivable_turnover_ratio": null,
            "reinvestment_rate": 3.5,
            "research_to_sale_ratio": null,
            "price_fair": 75.13,
            "eps_avg_yearly": 2.15,
            "eps_latest_yearly": 1.48,
            "eps_growth_yearly": 583.5
        },
        "20231": {
            "year_quarter": 20231,
            "year": 2023,
            "quarter": 1,
            "eps": -0.07,
            "eps_growth_year": null,
            "eps_4q": -0.09,
            "eps_4q_growth_year": null,
            "roe": -0.54,
            "roe_4q": -0.6699999999999998,
            "gross_profit": 1326,
            "gross_margin": 80.56,
            "gross_margin_4q_avg": 76.75,
            "net_income": -14826,
            "revenue": 1646,
            "common_shares": 2162255,
            "book_valuer_per_share": 13.25,
            "book_valuer_per_share_4q_avg": 13.27,
            "equity": 2749763,
            "current_ratio": 183.26,
            "debt_ratio": 42.31,
            "inventory_turnover_ratio": 0,
            "account_receivable_turnover_ratio": null,
            "reinvestment_rate": 4.83,
            "research_to_sale_ratio": null,
            "price_fair": 75.13,
            "eps_avg_yearly": 2.15,
            "eps_latest_yearly": 1.48,
            "eps_growth_yearly": 583.5
        }
    },
    "months": {
        "2001-06": {
            "month": "2001-06",
            "price": "4.13",
            "revenue": 173020
        },
        "2001-07": {
            "month": "2001-07",
            "price": "3.00",
            "revenue": 7891
        },
        "2001-08": {
            "month": "2001-08",
            "price": "2.75",
            "revenue": 81700
        },
        "2001-09": {
            "month": "2001-09",
            "price": "2.52",
            "revenue": 46077
        },
        "2001-10": {
            "month": "2001-10",
            "price": "2.17",
            "revenue": 25218
        },
        "2001-11": {
            "month": "2001-11",
            "price": "2.10",
            "revenue": 56205
        },
        "2001-12": {
            "month": "2001-12",
            "price": "2.37",
            "revenue": 144669
        },
        "2002-01": {
            "month": "2002-01",
            "price": "2.84",
            "revenue": 84003
        },
        "2002-02": {
            "month": "2002-02",
            "price": "3.39",
            "revenue": 19551
        },
        "2002-03": {
            "month": "2002-03",
            "price": "4.27",
            "revenue": 82322
        },
        "2002-04": {
            "month": "2002-04",
            "price": "5.29",
            "revenue": 37348
        },
        "2002-05": {
            "month": "2002-05",
            "price": "5.19",
            "revenue": 72183
        },
        "2002-06": {
            "month": "2002-06",
            "price": "5.06",
            "revenue": 39825
        },
        "2002-07": {
            "month": "2002-07",
            "price": "5.00",
            "revenue": 62654
        },
        "2002-08": {
            "month": "2002-08",
            "price": "4.55",
            "revenue": 25941
        },
        "2002-09": {
            "month": "2002-09",
            "price": "4.24",
            "revenue": 12521
        },
        "2002-10": {
            "month": "2002-10",
            "price": "4.22",
            "revenue": 16844
        },
        "2002-11": {
            "month": "2002-11",
            "price": "3.90",
            "revenue": 15045
        },
        "2002-12": {
            "month": "2002-12",
            "price": "3.61",
            "revenue": 3088
        },
        "2003-01": {
            "month": "2003-01",
            "price": "4.34",
            "revenue": 15898
        },
        "2003-02": {
            "month": "2003-02",
            "price": "5.65",
            "revenue": 28005
        },
        "2003-03": {
            "month": "2003-03",
            "price": "6.05",
            "revenue": 39028
        },
        "2003-04": {
            "month": "2003-04",
            "price": "4.49",
            "revenue": 9734
        },
        "2003-05": {
            "month": "2003-05",
            "price": "4.56",
            "revenue": 32720
        },
        "2003-06": {
            "month": "2003-06",
            "price": "4.67",
            "revenue": 22047
        },
        "2003-07": {
            "month": "2003-07",
            "price": "4.89",
            "revenue": 7494
        },
        "2003-08": {
            "month": "2003-08",
            "price": "5.11",
            "revenue": 5462
        },
        "2003-09": {
            "month": "2003-09",
            "price": "5.27",
            "revenue": 7631
        },
        "2003-10": {
            "month": "2003-10",
            "price": "6.61",
            "revenue": 49048
        },
        "2003-11": {
            "month": "2003-11",
            "price": "7.37",
            "revenue": 2355
        },
        "2003-12": {
            "month": "2003-12",
            "price": "7.15",
            "revenue": 13994
        },
        "2004-01": {
            "month": "2004-01",
            "price": "8.84",
            "revenue": 127571
        },
        "2004-02": {
            "month": "2004-02",
            "price": "13.21",
            "revenue": 51682
        },
        "2004-03": {
            "month": "2004-03",
            "price": "14.61",
            "revenue": 46258
        },
        "2004-04": {
            "month": "2004-04",
            "price": "13.86",
            "revenue": 66018
        },
        "2004-05": {
            "month": "2004-05",
            "price": "11.75",
            "revenue": 28300
        },
        "2004-06": {
            "month": "2004-06",
            "price": "11.54",
            "revenue": 73902
        },
        "2004-07": {
            "month": "2004-07",
            "price": "10.93",
            "revenue": 35821
        },
        "2004-08": {
            "month": "2004-08",
            "price": "10.52",
            "revenue": 27219
        },
        "2004-09": {
            "month": "2004-09",
            "price": "10.96",
            "revenue": 44295
        },
        "2004-10": {
            "month": "2004-10",
            "price": "11.08",
            "revenue": 15498
        },
        "2004-11": {
            "month": "2004-11",
            "price": "9.89",
            "revenue": 53606
        },
        "2004-12": {
            "month": "2004-12",
            "price": "9.70",
            "revenue": 36842
        },
        "2005-01": {
            "month": "2005-01",
            "price": "10.76",
            "revenue": 48178
        },
        "2005-02": {
            "month": "2005-02",
            "price": "9.98",
            "revenue": 11915
        },
        "2005-03": {
            "month": "2005-03",
            "price": "9.95",
            "revenue": 23804
        },
        "2005-04": {
            "month": "2005-04",
            "price": "9.27",
            "revenue": 21876
        },
        "2005-05": {
            "month": "2005-05",
            "price": "8.60",
            "revenue": 44334
        },
        "2005-06": {
            "month": "2005-06",
            "price": "9.21",
            "revenue": 44512
        },
        "2005-07": {
            "month": "2005-07",
            "price": "8.20",
            "revenue": 26023
        },
        "2005-08": {
            "month": "2005-08",
            "price": "7.65",
            "revenue": 69576
        },
        "2005-09": {
            "month": "2005-09",
            "price": "7.83",
            "revenue": 43921
        },
        "2005-10": {
            "month": "2005-10",
            "price": "7.20",
            "revenue": 41896
        },
        "2005-11": {
            "month": "2005-11",
            "price": "7.16",
            "revenue": 71500
        },
        "2005-12": {
            "month": "2005-12",
            "price": "8.12",
            "revenue": 46068
        },
        "2006-01": {
            "month": "2006-01",
            "price": "8.56",
            "revenue": 53473
        },
        "2006-02": {
            "month": "2006-02",
            "price": "8.43",
            "revenue": 12445
        },
        "2006-03": {
            "month": "2006-03",
            "price": "8.30",
            "revenue": 54859
        },
        "2006-04": {
            "month": "2006-04",
            "price": "9.78",
            "revenue": 42476
        },
        "2006-05": {
            "month": "2006-05",
            "price": "13.12",
            "revenue": 40492
        },
        "2006-06": {
            "month": "2006-06",
            "price": "11.64",
            "revenue": 43395
        },
        "2006-07": {
            "month": "2006-07",
            "price": "11.33",
            "revenue": 24789
        },
        "2006-08": {
            "month": "2006-08",
            "price": "9.96",
            "revenue": 25766
        },
        "2006-09": {
            "month": "2006-09",
            "price": "9.64",
            "revenue": 27784
        },
        "2006-10": {
            "month": "2006-10",
            "price": "10.65",
            "revenue": 37129
        },
        "2006-11": {
            "month": "2006-11",
            "price": "12.17",
            "revenue": 26185
        },
        "2006-12": {
            "month": "2006-12",
            "price": "13.52",
            "revenue": 22822
        },
        "2007-01": {
            "month": "2007-01",
            "price": "13.15",
            "revenue": 13448
        },
        "2007-02": {
            "month": "2007-02",
            "price": "14.58",
            "revenue": 11643
        },
        "2007-03": {
            "month": "2007-03",
            "price": "17.89",
            "revenue": 23621
        },
        "2007-04": {
            "month": "2007-04",
            "price": "20.94",
            "revenue": 15825
        },
        "2007-05": {
            "month": "2007-05",
            "price": "19.94",
            "revenue": 16510
        },
        "2007-06": {
            "month": "2007-06",
            "price": "19.70",
            "revenue": 14090
        },
        "2007-07": {
            "month": "2007-07",
            "price": "19.92",
            "revenue": 9677
        },
        "2007-08": {
            "month": "2007-08",
            "price": "15.13",
            "revenue": 6511
        },
        "2007-09": {
            "month": "2007-09",
            "price": "14.68",
            "revenue": 11269
        },
        "2007-10": {
            "month": "2007-10",
            "price": "13.65",
            "revenue": 11808
        },
        "2007-11": {
            "month": "2007-11",
            "price": "12.69",
            "revenue": 48500
        },
        "2007-12": {
            "month": "2007-12",
            "price": "11.47",
            "revenue": 46238
        },
        "2008-01": {
            "month": "2008-01",
            "price": "12.02",
            "revenue": 30952
        },
        "2008-02": {
            "month": "2008-02",
            "price": "12.93",
            "revenue": 18164
        },
        "2008-03": {
            "month": "2008-03",
            "price": "14.18",
            "revenue": 69719
        },
        "2008-04": {
            "month": "2008-04",
            "price": "15.51",
            "revenue": 41810
        },
        "2008-05": {
            "month": "2008-05",
            "price": "15.16",
            "revenue": 18860
        },
        "2008-06": {
            "month": "2008-06",
            "price": "13.85",
            "revenue": 36026
        },
        "2008-07": {
            "month": "2008-07",
            "price": "11.31",
            "revenue": 18272
        },
        "2008-08": {
            "month": "2008-08",
            "price": "10.63",
            "revenue": 25155
        },
        "2008-09": {
            "month": "2008-09",
            "price": "9.30",
            "revenue": 39713
        },
        "2008-10": {
            "month": "2008-10",
            "price": "8.23",
            "revenue": 39745
        },
        "2008-11": {
            "month": "2008-11",
            "price": "8.40",
            "revenue": 37921
        },
        "2008-12": {
            "month": "2008-12",
            "price": "8.35",
            "revenue": 36238
        },
        "2009-01": {
            "month": "2009-01",
            "price": "9.04",
            "revenue": 21259
        },
        "2009-02": {
            "month": "2009-02",
            "price": "9.63",
            "revenue": 21783
        },
        "2009-03": {
            "month": "2009-03",
            "price": "11.07",
            "revenue": 21737
        },
        "2009-04": {
            "month": "2009-04",
            "price": "13.21",
            "revenue": 14144
        },
        "2009-05": {
            "month": "2009-05",
            "price": "13.34",
            "revenue": 13568
        },
        "2009-06": {
            "month": "2009-06",
            "price": "13.26",
            "revenue": 13570
        },
        "2009-07": {
            "month": "2009-07",
            "price": "15.21",
            "revenue": 8313
        },
        "2009-08": {
            "month": "2009-08",
            "price": "15.13",
            "revenue": 8079
        },
        "2009-09": {
            "month": "2009-09",
            "price": "13.78",
            "revenue": 15097
        },
        "2009-10": {
            "month": "2009-10",
            "price": "15.24",
            "revenue": 50480
        },
        "2009-11": {
            "month": "2009-11",
            "price": "15.51",
            "revenue": 2126
        },
        "2009-12": {
            "month": "2009-12",
            "price": "15.83",
            "revenue": 26175
        },
        "2010-01": {
            "month": "2010-01",
            "price": "16.88",
            "revenue": 15823
        },
        "2010-02": {
            "month": "2010-02",
            "price": "16.69",
            "revenue": 5312
        },
        "2010-03": {
            "month": "2010-03",
            "price": "17.45",
            "revenue": 3882
        },
        "2010-04": {
            "month": "2010-04",
            "price": "17.32",
            "revenue": 2607
        },
        "2010-05": {
            "month": "2010-05",
            "price": "18.15",
            "revenue": 46240
        },
        "2010-06": {
            "month": "2010-06",
            "price": "18.45",
            "revenue": 517
        },
        "2010-07": {
            "month": "2010-07",
            "price": "18.82",
            "revenue": 444
        },
        "2010-08": {
            "month": "2010-08",
            "price": "17.98",
            "revenue": 642
        },
        "2010-09": {
            "month": "2010-09",
            "price": "18.78",
            "revenue": 106839
        },
        "2010-10": {
            "month": "2010-10",
            "price": "21.56",
            "revenue": 43679
        },
        "2010-11": {
            "month": "2010-11",
            "price": "22.46",
            "revenue": 11241
        },
        "2010-12": {
            "month": "2010-12",
            "price": "21.31",
            "revenue": 74757
        },
        "2011-01": {
            "month": "2011-01",
            "price": "21.61",
            "revenue": 29919
        },
        "2011-02": {
            "month": "2011-02",
            "price": "21.17",
            "revenue": 30065
        },
        "2011-03": {
            "month": "2011-03",
            "price": "20.25",
            "revenue": 117938
        },
        "2011-04": {
            "month": "2011-04",
            "price": "21.71",
            "revenue": 88384
        },
        "2011-05": {
            "month": "2011-05",
            "price": "22.68",
            "revenue": 88638
        },
        "2011-06": {
            "month": "2011-06",
            "price": "24.67",
            "revenue": 59443
        },
        "2011-07": {
            "month": "2011-07",
            "price": "27.46",
            "revenue": 31289
        },
        "2011-08": {
            "month": "2011-08",
            "price": "27.14",
            "revenue": 30010
        },
        "2011-09": {
            "month": "2011-09",
            "price": "23.75",
            "revenue": 35506
        },
        "2011-10": {
            "month": "2011-10",
            "price": "23.02",
            "revenue": 40903
        },
        "2011-11": {
            "month": "2011-11",
            "price": "22.84",
            "revenue": 30661
        },
        "2011-12": {
            "month": "2011-12",
            "price": "22.33",
            "revenue": 31603
        },
        "2012-01": {
            "month": "2012-01",
            "price": "22.31",
            "revenue": 60713
        },
        "2012-02": {
            "month": "2012-02",
            "price": "24.38",
            "revenue": 23293
        },
        "2012-03": {
            "month": "2012-03",
            "price": "25.50",
            "revenue": 156839
        },
        "2012-04": {
            "month": "2012-04",
            "price": "25.04",
            "revenue": 68263
        },
        "2012-05": {
            "month": "2012-05",
            "price": "23.73",
            "revenue": 68834
        },
        "2012-06": {
            "month": "2012-06",
            "price": "21.25",
            "revenue": 71287
        },
        "2012-07": {
            "month": "2012-07",
            "price": "21.35",
            "revenue": 63911
        },
        "2012-08": {
            "month": "2012-08",
            "price": "22.46",
            "revenue": 44827
        },
        "2012-09": {
            "month": "2012-09",
            "price": "21.69",
            "revenue": 87328
        },
        "2012-10": {
            "month": "2012-10",
            "price": "20.59",
            "revenue": 116580
        },
        "2012-11": {
            "month": "2012-11",
            "price": "20.06",
            "revenue": 28196
        },
        "2012-12": {
            "month": "2012-12",
            "price": "21.31",
            "revenue": 83504
        },
        "2013-01": {
            "month": "2013-01",
            "price": "22.44",
            "revenue": 1345
        },
        "2013-02": {
            "month": "2013-02",
            "price": "22.63",
            "revenue": 1342
        },
        "2013-03": {
            "month": "2013-03",
            "price": "22.80",
            "revenue": 1008
        },
        "2013-04": {
            "month": "2013-04",
            "price": "23.66",
            "revenue": 1010
        },
        "2013-05": {
            "month": "2013-05",
            "price": "22.33",
            "revenue": 2079
        },
        "2013-06": {
            "month": "2013-06",
            "price": "28.88",
            "revenue": 5016
        },
        "2013-07": {
            "month": "2013-07",
            "price": "29.49",
            "revenue": 2608
        },
        "2013-08": {
            "month": "2013-08",
            "price": "28.92",
            "revenue": 110618
        },
        "2013-09": {
            "month": "2013-09",
            "price": "24.26",
            "revenue": 891
        },
        "2013-10": {
            "month": "2013-10",
            "price": "23.31",
            "revenue": 1232
        },
        "2013-11": {
            "month": "2013-11",
            "price": "20.21",
            "revenue": 3002
        },
        "2013-12": {
            "month": "2013-12",
            "price": "21.46",
            "revenue": 781117
        },
        "2014-01": {
            "month": "2014-01",
            "price": "21.08",
            "revenue": 315275
        },
        "2014-02": {
            "month": "2014-02",
            "price": "19.35",
            "revenue": 263282
        },
        "2014-03": {
            "month": "2014-03",
            "price": "18.42",
            "revenue": 164024
        },
        "2014-04": {
            "month": "2014-04",
            "price": "17.65",
            "revenue": 55531
        },
        "2014-05": {
            "month": "2014-05",
            "price": "18.69",
            "revenue": 943
        },
        "2014-06": {
            "month": "2014-06",
            "price": "17.43",
            "revenue": 968
        },
        "2014-07": {
            "month": "2014-07",
            "price": "17.01",
            "revenue": 479705
        },
        "2014-08": {
            "month": "2014-08",
            "price": "17.21",
            "revenue": 121419
        },
        "2014-09": {
            "month": "2014-09",
            "price": "17.48",
            "revenue": 59586
        },
        "2014-10": {
            "month": "2014-10",
            "price": "16.93",
            "revenue": 30930
        },
        "2014-11": {
            "month": "2014-11",
            "price": "18.72",
            "revenue": 39306
        },
        "2014-12": {
            "month": "2014-12",
            "price": "20.54",
            "revenue": 51964
        },
        "2015-01": {
            "month": "2015-01",
            "price": "21.58",
            "revenue": 382
        },
        "2015-02": {
            "month": "2015-02",
            "price": "20.81",
            "revenue": 377
        },
        "2015-03": {
            "month": "2015-03",
            "price": "21.89",
            "revenue": 378
        },
        "2015-04": {
            "month": "2015-04",
            "price": "21.25",
            "revenue": 377
        },
        "2015-05": {
            "month": "2015-05",
            "price": "19.37",
            "revenue": 377
        },
        "2015-06": {
            "month": "2015-06",
            "price": "17.51",
            "revenue": 377
        },
        "2015-07": {
            "month": "2015-07",
            "price": "15.20",
            "revenue": 377
        },
        "2015-08": {
            "month": "2015-08",
            "price": "12.81",
            "revenue": 384
        },
        "2015-09": {
            "month": "2015-09",
            "price": "11.76",
            "revenue": 384
        },
        "2015-10": {
            "month": "2015-10",
            "price": "11.91",
            "revenue": 384
        },
        "2015-11": {
            "month": "2015-11",
            "price": "11.59",
            "revenue": 406
        },
        "2015-12": {
            "month": "2015-12",
            "price": "9.72",
            "revenue": 90242
        },
        "2016-01": {
            "month": "2016-01",
            "price": "9.03",
            "revenue": 404
        },
        "2016-02": {
            "month": "2016-02",
            "price": "9.31",
            "revenue": 520
        },
        "2016-03": {
            "month": "2016-03",
            "price": "9.56",
            "revenue": 531
        },
        "2016-04": {
            "month": "2016-04",
            "price": "9.16",
            "revenue": 531
        },
        "2016-05": {
            "month": "2016-05",
            "price": "9.12",
            "revenue": 504
        },
        "2016-06": {
            "month": "2016-06",
            "price": "9.16",
            "revenue": 456
        },
        "2016-07": {
            "month": "2016-07",
            "price": "9.06",
            "revenue": 483
        },
        "2016-08": {
            "month": "2016-08",
            "price": "9.10",
            "revenue": 483
        },
        "2016-09": {
            "month": "2016-09",
            "price": "9.23",
            "revenue": 471
        },
        "2016-10": {
            "month": "2016-10",
            "price": "9.15",
            "revenue": 461
        },
        "2016-11": {
            "month": "2016-11",
            "price": "9.31",
            "revenue": 1032
        },
        "2016-12": {
            "month": "2016-12",
            "price": "9.80",
            "revenue": 2060
        },
        "2017-01": {
            "month": "2017-01",
            "price": "9.40",
            "revenue": 471
        },
        "2017-02": {
            "month": "2017-02",
            "price": "9.55",
            "revenue": 466
        },
        "2017-03": {
            "month": "2017-03",
            "price": "9.86",
            "revenue": 476
        },
        "2017-04": {
            "month": "2017-04",
            "price": "9.82",
            "revenue": 455
        },
        "2017-05": {
            "month": "2017-05",
            "price": "9.71",
            "revenue": 469
        },
        "2017-06": {
            "month": "2017-06",
            "price": "9.66",
            "revenue": 440
        },
        "2017-07": {
            "month": "2017-07",
            "price": "9.51",
            "revenue": 440
        },
        "2017-08": {
            "month": "2017-08",
            "price": "9.50",
            "revenue": 453
        },
        "2017-09": {
            "month": "2017-09",
            "price": "9.95",
            "revenue": 443
        },
        "2017-10": {
            "month": "2017-10",
            "price": "9.94",
            "revenue": 476
        },
        "2017-11": {
            "month": "2017-11",
            "price": "9.61",
            "revenue": 463
        },
        "2017-12": {
            "month": "2017-12",
            "price": "9.91",
            "revenue": 83573
        },
        "2018-01": {
            "month": "2018-01",
            "price": "11.48",
            "revenue": 82552
        },
        "2018-02": {
            "month": "2018-02",
            "price": "12.13",
            "revenue": 499
        },
        "2018-03": {
            "month": "2018-03",
            "price": "14.25",
            "revenue": 54873
        },
        "2018-04": {
            "month": "2018-04",
            "price": "13.99",
            "revenue": 1537
        },
        "2018-05": {
            "month": "2018-05",
            "price": "13.25",
            "revenue": 48632
        },
        "2018-06": {
            "month": "2018-06",
            "price": "13.83",
            "revenue": 1933
        },
        "2018-07": {
            "month": "2018-07",
            "price": "13.86",
            "revenue": 24051
        },
        "2018-08": {
            "month": "2018-08",
            "price": "13.99",
            "revenue": 28217
        },
        "2018-09": {
            "month": "2018-09",
            "price": "13.68",
            "revenue": 95422
        },
        "2018-10": {
            "month": "2018-10",
            "price": "13.66",
            "revenue": 85616
        },
        "2018-11": {
            "month": "2018-11",
            "price": "13.88",
            "revenue": 27709
        },
        "2018-12": {
            "month": "2018-12",
            "price": "14.04",
            "revenue": 4829
        },
        "2019-01": {
            "month": "2019-01",
            "price": "14.28",
            "revenue": 1774
        },
        "2019-02": {
            "month": "2019-02",
            "price": "14.87",
            "revenue": 24729
        },
        "2019-03": {
            "month": "2019-03",
            "price": "14.36",
            "revenue": 544536
        },
        "2019-04": {
            "month": "2019-04",
            "price": "15.01",
            "revenue": 39842
        },
        "2019-05": {
            "month": "2019-05",
            "price": "14.70",
            "revenue": 35863
        },
        "2019-06": {
            "month": "2019-06",
            "price": "15.43",
            "revenue": 87737
        },
        "2019-07": {
            "month": "2019-07",
            "price": "15.94",
            "revenue": 21827
        },
        "2019-08": {
            "month": "2019-08",
            "price": "15.90",
            "revenue": 393752
        },
        "2019-09": {
            "month": "2019-09",
            "price": "16.61",
            "revenue": 110493
        },
        "2019-10": {
            "month": "2019-10",
            "price": "17.05",
            "revenue": 605
        },
        "2019-11": {
            "month": "2019-11",
            "price": "18.60",
            "revenue": 39758
        },
        "2019-12": {
            "month": "2019-12",
            "price": "19.15",
            "revenue": 1356
        },
        "2020-01": {
            "month": "2020-01",
            "price": "19.34",
            "revenue": 597
        },
        "2020-02": {
            "month": "2020-02",
            "price": "18.36",
            "revenue": 6138
        },
        "2020-03": {
            "month": "2020-03",
            "price": "17.89",
            "revenue": 591
        },
        "2020-04": {
            "month": "2020-04",
            "price": "18.57",
            "revenue": 1949
        },
        "2020-05": {
            "month": "2020-05",
            "price": "19.34",
            "revenue": 573
        },
        "2020-06": {
            "month": "2020-06",
            "price": "19.99",
            "revenue": 521855
        },
        "2020-07": {
            "month": "2020-07",
            "price": "19.38",
            "revenue": 87138
        },
        "2020-08": {
            "month": "2020-08",
            "price": "18.86",
            "revenue": 8650
        },
        "2020-09": {
            "month": "2020-09",
            "price": "18.60",
            "revenue": 37854
        },
        "2020-10": {
            "month": "2020-10",
            "price": "17.97",
            "revenue": 487
        },
        "2020-11": {
            "month": "2020-11",
            "price": "18.33",
            "revenue": 490
        },
        "2020-12": {
            "month": "2020-12",
            "price": "19.76",
            "revenue": 490
        },
        "2021-01": {
            "month": "2021-01",
            "price": "19.77",
            "revenue": 511
        },
        "2021-02": {
            "month": "2021-02",
            "price": "19.74",
            "revenue": 480
        },
        "2021-03": {
            "month": "2021-03",
            "price": "20.22",
            "revenue": 480
        },
        "2021-04": {
            "month": "2021-04",
            "price": "21.45",
            "revenue": 480
        },
        "2021-05": {
            "month": "2021-05",
            "price": "21.54",
            "revenue": 483
        },
        "2021-06": {
            "month": "2021-06",
            "price": "22.00",
            "revenue": 430
        },
        "2021-07": {
            "month": "2021-07",
            "price": "22.15",
            "revenue": 433
        },
        "2021-08": {
            "month": "2021-08",
            "price": "22.32",
            "revenue": 480
        },
        "2021-09": {
            "month": "2021-09",
            "price": "21.72",
            "revenue": 433
        },
        "2021-10": {
            "month": "2021-10",
            "price": "21.43",
            "revenue": 480
        },
        "2021-11": {
            "month": "2021-11",
            "price": "21.76",
            "revenue": 480
        },
        "2021-12": {
            "month": "2021-12",
            "price": "21.19",
            "revenue": 480
        },
        "2022-01": {
            "month": "2022-01",
            "price": "21.09",
            "revenue": 480
        },
        "2022-02": {
            "month": "2022-02",
            "price": "20.98",
            "revenue": 459
        },
        "2022-03": {
            "month": "2022-03",
            "price": "20.69",
            "revenue": 501
        },
        "2022-04": {
            "month": "2022-04",
            "price": "20.96",
            "revenue": 545
        },
        "2022-05": {
            "month": "2022-05",
            "price": "20.26",
            "revenue": 547
        },
        "2022-06": {
            "month": "2022-06",
            "price": "18.79",
            "revenue": 547
        },
        "2022-07": {
            "month": "2022-07",
            "price": "16.80",
            "revenue": 547
        },
        "2022-08": {
            "month": "2022-08",
            "price": "18.35",
            "revenue": 547
        },
        "2022-09": {
            "month": "2022-09",
            "price": "18.72",
            "revenue": 547
        },
        "2022-10": {
            "month": "2022-10",
            "price": "18.25",
            "revenue": 548
        },
        "2022-11": {
            "month": "2022-11",
            "price": "18.29",
            "revenue": 1120
        },
        "2022-12": {
            "month": "2022-12",
            "price": "18.01",
            "revenue": 548
        },
        "2023-01": {
            "month": "2023-01",
            "price": "17.75",
            "revenue": 548
        },
        "2023-02": {
            "month": "2023-02",
            "price": "17.86",
            "revenue": 548
        },
        "2023-03": {
            "month": "2023-03",
            "price": "17.99",
            "revenue": 548
        },
        "2023-04": {
            "month": "2023-04",
            "price": "18.08",
            "revenue": 548
        },
        "2023-05": {
            "month": "2023-05",
            "price": "19.63",
            "revenue": 1443
        }
    }
}
