{
    "summary": {
        "stock_name": "建國",
        "stock_id": "5515",
        "category": "建材營造",
        "main_business": "設計.監修承造各種大小工程<br>買賣建築材料",
        "website_url": "http://www.ckgroup.com.tw",
        "ceo": "甘茂盛",
        "pe_ratio": 14,
        "report_year_from": 2001,
        "report_year_to": 2023,
        "age": 23,
        "eps_negative_percentage": 4,
        "eps_growth_avg": {
            "last_all": 6.71,
            "last_2y": -1.82,
            "last_4y": 16.97,
            "last_8y": 13.3,
            "last_12y": 9.19,
            "last_16y": 6.28,
            "last_20y": 5.08,
            "at_2006_last_3y": 0.3,
            "at_2007_last_3y": 0.06,
            "at_2008_last_3y": 0.25,
            "at_2009_last_3y": 5.2,
            "at_2010_last_3y": -2.46,
            "at_2011_last_3y": -10.42,
            "at_2012_last_3y": -0.78,
            "at_2013_last_3y": 16.55,
            "at_2014_last_3y": 0.97,
            "at_2015_last_3y": -17.57,
            "at_2016_last_3y": -32.21,
            "at_2017_last_3y": -27.5,
            "at_2018_last_3y": 7.19,
            "at_2019_last_3y": 37.3,
            "at_2020_last_3y": 52.97,
            "at_2021_last_3y": 30.42,
            "at_2022_last_3y": 11.49,
            "at_2023_last_3y": 23.63,
            "at_2024_last_3y": 23.63,
            "at_2006_last_all": 8.11,
            "at_2007_last_all": 7.75,
            "at_2008_last_all": 4.9,
            "at_2009_last_all": 6.36,
            "at_2010_last_all": 3.41,
            "at_2011_last_all": 0.48,
            "at_2012_last_all": 2.83,
            "at_2013_last_all": 9.76,
            "at_2014_last_all": 2.66,
            "at_2015_last_all": -4.67,
            "at_2016_last_all": -4.67,
            "at_2017_last_all": 2.3,
            "at_2018_last_all": 3.51,
            "at_2019_last_all": 2.73,
            "at_2020_last_all": 8.14,
            "at_2021_last_all": 8.22,
            "at_2022_last_all": 5.11,
            "at_2023_last_all": 6.71,
            "at_2024_last_all": 6.71
        },
        "latest_eps": 1.26,
        "latest_price": 18.1,
        "latest_roe": 6.59,
        "latest_gross_margin": 9.39,
        "latest_equity": 4897763,
        "latest_revenue": 895056,
        "latest_gross_profit": 84040,
        "latest_net_income": 78994,
        "latest_debt_ratio": 38.53,
        "latest_current_ratio": 274.91,
        "latest_account_receivable_turnover_ratio": 4.61,
        "latest_inventory_turnover_ratio": 324.15,
        "latest_reinvestment_rate": 13.98,
        "latest_research_to_sale_ratio": null
    },
    "eps_dividends": {
        "1997": {
            "cash": 0.5,
            "stock": 0,
            "eps": 0
        },
        "1998": {
            "cash": 0,
            "stock": 1.25,
            "eps": 0
        },
        "1999": {
            "cash": 0,
            "stock": 1.05,
            "eps": 0
        },
        "2000": {
            "cash": 0,
            "stock": 1.31,
            "eps": 0
        },
        "2001": {
            "cash": 0,
            "stock": 0,
            "eps": 1.45
        },
        "2002": {
            "cash": 0.25,
            "stock": 1.15,
            "eps": 2.02
        },
        "2003": {
            "cash": 0,
            "stock": 1.64,
            "eps": 2.16
        },
        "2004": {
            "cash": 0,
            "stock": 1.43,
            "eps": 1.88
        },
        "2005": {
            "cash": 0.5,
            "stock": 0.5,
            "eps": 1.82
        },
        "2006": {
            "cash": 0.7,
            "stock": 1,
            "eps": 2.01
        },
        "2007": {
            "cash": 0.3,
            "stock": 1.4,
            "eps": 2.13
        },
        "2008": {
            "cash": 0.3,
            "stock": 1.7,
            "eps": 1.87
        },
        "2009": {
            "cash": 0.3,
            "stock": 1.4,
            "eps": 2.18
        },
        "2010": {
            "cash": 0.3,
            "stock": 1.4,
            "eps": 1.74
        },
        "2011": {
            "cash": 1.25,
            "stock": 0.75,
            "eps": 1.29
        },
        "2012": {
            "cash": 0,
            "stock": 0,
            "eps": 1.63
        },
        "2013": {
            "cash": 1,
            "stock": 0,
            "eps": 3.03
        },
        "2014": {
            "cash": 1,
            "stock": 0,
            "eps": 0.53
        },
        "2015": {
            "cash": 0.5,
            "stock": 0,
            "eps": -0.5
        },
        "2016": {
            "cash": 0.5,
            "stock": 0,
            "eps": 0.14
        },
        "2017": {
            "cash": 0.5,
            "stock": 0,
            "eps": 0.51
        },
        "2018": {
            "cash": 0.5,
            "stock": 0,
            "eps": 0.62
        },
        "2019": {
            "cash": 0.5,
            "stock": 0,
            "eps": 0.56
        },
        "2020": {
            "cash": 0.5,
            "stock": 0,
            "eps": 1.43
        },
        "2021": {
            "cash": 0.8,
            "stock": 0,
            "eps": 1.57
        },
        "2022": {
            "cash": 1,
            "stock": 0,
            "eps": 0.72
        },
        "2023": {
            "cash": 1,
            "stock": 0,
            "eps": 1
        }
    },
    "dividends": {
        "1997-05-12": {
            "cash": 0.5,
            "stock": 0
        },
        "1998-03-20": {
            "cash": 0,
            "stock": 1.25
        },
        "1999-05-21": {
            "cash": 0,
            "stock": 1.05
        },
        "2000-05-20": {
            "cash": 0,
            "stock": 1.31
        },
        "2002-06-14": {
            "cash": 0.25,
            "stock": 1.15
        },
        "2003-03-19": {
            "cash": 0,
            "stock": 1.64
        },
        "2004-04-23": {
            "cash": 0,
            "stock": 1.43
        },
        "2005-03-25": {
            "cash": 0.5,
            "stock": 0.5
        },
        "2006-03-27": {
            "cash": 0.7,
            "stock": 1
        },
        "2007-04-27": {
            "cash": 0.3,
            "stock": 1.4
        },
        "2008-04-29": {
            "cash": 0.3,
            "stock": 1.7
        },
        "2009-04-29": {
            "cash": 0.3,
            "stock": 1.4
        },
        "2010-04-29": {
            "cash": 0.3,
            "stock": 1.4
        },
        "2011-01-01": {
            "cash": 0.5,
            "stock": 0
        },
        "2011-03-18": {
            "cash": 0.75,
            "stock": 0.75
        },
        "2013-04-22": {
            "cash": 1,
            "stock": 0
        },
        "2014-06-04": {
            "cash": 1,
            "stock": 0
        },
        "2015-10-02": {
            "cash": 0.5,
            "stock": 0
        },
        "2016-09-07": {
            "cash": 0.5,
            "stock": 0
        },
        "2017-08-25": {
            "cash": 0.5,
            "stock": 0
        },
        "2018-08-28": {
            "cash": 0.5,
            "stock": 0
        },
        "2019-08-15": {
            "cash": 0.5,
            "stock": 0
        },
        "2020-08-18": {
            "cash": 0.5,
            "stock": 0
        },
        "2021-09-03": {
            "cash": 0.8,
            "stock": 0
        },
        "2022-08-25": {
            "cash": 1,
            "stock": 0
        },
        "2023-08-07": {
            "cash": 1,
            "stock": 0
        }
    },
    "prices": {
        "200101": "7.81",
        "200102": "7.29",
        "200103": "6.30",
        "200104": "6.20",
        "200105": "5.82",
        "200106": "5.57",
        "200107": "5.53",
        "200108": "5.72",
        "200109": "5.86",
        "200110": "5.51",
        "200111": "5.62",
        "200112": "7.62",
        "200201": "11.92",
        "200202": "11.97",
        "200203": "11.77",
        "200204": "13.97",
        "200205": "13.56",
        "200206": "17.12",
        "200207": "20.33",
        "200208": "21.02",
        "200209": "19.35",
        "200210": "16.72",
        "200211": "21.71",
        "200212": "26.23",
        "200301": "27.12",
        "200302": "25.92",
        "200303": "23.89",
        "200304": "22.18",
        "200305": "18.71",
        "200306": "21.13",
        "200307": "22.88",
        "200308": "22.32",
        "200309": "18.96",
        "200310": "19.74",
        "200311": "20.86",
        "200312": "20.35",
        "200401": "22.99",
        "200402": "25.86",
        "200403": "25.43",
        "200404": "23.03",
        "200405": "17.57",
        "200406": "17.41",
        "200407": "16.61",
        "200408": "14.87",
        "200409": "15.53",
        "200410": "14.68",
        "200411": "13.91",
        "200412": "15.47",
        "200501": "16.70",
        "200502": "15.85",
        "200503": "14.27",
        "200504": "11.69",
        "200505": "11.54",
        "200506": "12.91",
        "200507": "12.77",
        "200508": "11.74",
        "200509": "11.85",
        "200510": "11.32",
        "200511": "11.20",
        "200512": "12.34",
        "200601": "12.77",
        "200602": "12.29",
        "200603": "12.17",
        "200604": "13.93",
        "200605": "15.81",
        "200606": "14.67",
        "200607": "14.90",
        "200608": "12.67",
        "200609": "12.53",
        "200610": "14.32",
        "200611": "15.81",
        "200612": "16.08",
        "200701": "16.51",
        "200702": "17.00",
        "200703": "18.33",
        "200704": "20.34",
        "200705": "19.88",
        "200706": "23.26",
        "200707": "37.69",
        "200708": "36.43",
        "200709": "36.88",
        "200710": "34.09",
        "200711": "24.78",
        "200712": "19.89",
        "200801": "21.69",
        "200802": "23.36",
        "200803": "26.06",
        "200804": "28.50",
        "200805": "27.37",
        "200806": "23.88",
        "200807": "19.17",
        "200808": "16.70",
        "200809": "13.21",
        "200810": "11.35",
        "200811": "13.22",
        "200812": "15.02",
        "200901": "14.89",
        "200902": "14.88",
        "200903": "16.59",
        "200904": "20.20",
        "200905": "22.38",
        "200906": "21.16",
        "200907": "20.81",
        "200908": "18.10",
        "200909": "17.40",
        "200910": "18.52",
        "200911": "18.09",
        "200912": "18.19",
        "201001": "18.69",
        "201002": "16.78",
        "201003": "17.53",
        "201004": "18.83",
        "201005": "17.52",
        "201006": "17.43",
        "201007": "17.68",
        "201008": "17.17",
        "201009": "16.44",
        "201010": "16.58",
        "201011": "16.34",
        "201012": "16.48",
        "201101": "17.10",
        "201102": "16.10",
        "201103": "15.33",
        "201104": "16.36",
        "201105": "17.15",
        "201106": "16.94",
        "201107": "17.65",
        "201108": "15.08",
        "201109": "14.53",
        "201110": "14.88",
        "201111": "13.88",
        "201112": "13.18",
        "201201": "13.32",
        "201202": "14.80",
        "201203": "16.13",
        "201204": "14.32",
        "201205": "13.48",
        "201206": "13.35",
        "201207": "13.67",
        "201208": "14.53",
        "201209": "14.68",
        "201210": "13.52",
        "201211": "13.48",
        "201212": "14.03",
        "201301": "14.33",
        "201302": "14.71",
        "201303": "14.69",
        "201304": "14.10",
        "201305": "14.90",
        "201306": "15.21",
        "201307": "14.35",
        "201308": "14.07",
        "201309": "14.09",
        "201310": "14.15",
        "201311": "13.90",
        "201312": "13.87",
        "201401": "13.90",
        "201402": "13.72",
        "201403": "13.78",
        "201404": "14.00",
        "201405": "13.66",
        "201406": "13.39",
        "201407": "13.51",
        "201408": "12.48",
        "201409": "12.24",
        "201410": "11.72",
        "201411": "11.57",
        "201412": "11.49",
        "201501": "11.45",
        "201502": "11.41",
        "201503": "11.53",
        "201504": "11.92",
        "201505": "11.76",
        "201506": "10.81",
        "201507": "10.53",
        "201508": "9.47",
        "201509": "9.43",
        "201510": "9.98",
        "201511": "9.28",
        "201512": "8.61",
        "201601": "8.56",
        "201602": "8.63",
        "201603": "8.90",
        "201604": "8.86",
        "201605": "8.69",
        "201606": "8.55",
        "201607": "8.66",
        "201608": "8.52",
        "201609": "8.47",
        "201610": "8.46",
        "201611": "8.47",
        "201612": "8.61",
        "201701": "8.57",
        "201702": "8.74",
        "201703": "9.26",
        "201704": "9.17",
        "201705": "9.09",
        "201706": "9.23",
        "201707": "9.15",
        "201708": "8.83",
        "201709": "10.07",
        "201710": "11.63",
        "201711": "11.55",
        "201712": "11.20",
        "201801": "11.36",
        "201802": "10.54",
        "201803": "11.34",
        "201804": "11.43",
        "201805": "11.90",
        "201806": "11.71",
        "201807": "11.47",
        "201808": "11.15",
        "201809": "11.34",
        "201810": "10.71",
        "201811": "10.24",
        "201812": "9.95",
        "201901": "9.61",
        "201902": "9.73",
        "201903": "9.97",
        "201904": "10.52",
        "201905": "10.30",
        "201906": "10.47",
        "201907": "10.39",
        "201908": "9.95",
        "201909": "9.95",
        "201910": "10.08",
        "201911": "10.33",
        "201912": "10.53",
        "202001": "10.50",
        "202002": "9.99",
        "202003": "8.59",
        "202004": "9.49",
        "202005": "10.13",
        "202006": "10.38",
        "202007": "10.75",
        "202008": "11.78",
        "202009": "12.29",
        "202010": "11.95",
        "202011": "12.28",
        "202012": "12.96",
        "202101": "12.97",
        "202102": "12.45",
        "202103": "13.47",
        "202104": "14.35",
        "202105": "13.20",
        "202106": "13.65",
        "202107": "14.46",
        "202108": "13.75",
        "202109": "13.50",
        "202110": "13.10",
        "202111": "13.73",
        "202112": "13.94",
        "202201": "13.90",
        "202202": "13.91",
        "202203": "13.84",
        "202204": "13.89",
        "202205": "13.90",
        "202206": "14.13",
        "202207": "13.68",
        "202208": "12.34",
        "202209": "11.91",
        "202210": "11.12",
        "202211": "11.04",
        "202212": "11.45",
        "202301": "11.31",
        "202302": "11.51",
        "202303": "12.29",
        "202304": "12.98",
        "202305": "13.63",
        "202306": "14.30",
        "202307": "13.95",
        "202308": "14.12",
        "202309": "14.08",
        "202310": "13.53",
        "202311": "14.37",
        "202312": "16.87"
    },
    "quarters": {
        "20011": {
            "year_quarter": 20011,
            "year": 2001,
            "quarter": 1,
            "eps": 0.03,
            "eps_growth_year": -96.2,
            "eps_4q": -0.07,
            "eps_4q_growth_year": -103.23,
            "roe": 0.24,
            "roe_4q": 0.24,
            "gross_profit": 31213,
            "gross_margin": 12.17,
            "gross_margin_4q_avg": 12.17,
            "net_income": 1844,
            "net_income_4q": null,
            "revenue": 256524,
            "revenue_4q": null,
            "common_shares": 683600,
            "book_valuer_per_share": 11.11,
            "book_valuer_per_share_4q_avg": 11.11,
            "equity": 759527,
            "current_ratio": 138.77,
            "debt_ratio": 63.75,
            "inventory_turnover_ratio": 0.49,
            "account_receivable_turnover_ratio": null,
            "reinvestment_rate": null,
            "research_to_sale_ratio": null,
            "price_fair": 0,
            "eps_avg_yearly": 0,
            "eps_latest_yearly": 0,
            "eps_growth_yearly": 0
        },
        "20012": {
            "year_quarter": 20012,
            "year": 2001,
            "quarter": 2,
            "eps": 0.57,
            "eps_growth_year": 83.87,
            "eps_4q": 0.24,
            "eps_4q_growth_year": -89.42,
            "roe": 5.15,
            "roe_4q": 5.390000000000001,
            "gross_profit": 67571,
            "gross_margin": 13.68,
            "gross_margin_4q_avg": 12.93,
            "net_income": 39279,
            "net_income_4q": null,
            "revenue": 493976,
            "revenue_4q": null,
            "common_shares": 683600,
            "book_valuer_per_share": 11.2,
            "book_valuer_per_share_4q_avg": 11.16,
            "equity": 765787,
            "current_ratio": 117.13,
            "debt_ratio": 63.5,
            "inventory_turnover_ratio": 1.05,
            "account_receivable_turnover_ratio": null,
            "reinvestment_rate": null,
            "research_to_sale_ratio": null,
            "price_fair": 0,
            "eps_avg_yearly": 0,
            "eps_latest_yearly": 0,
            "eps_growth_yearly": 0
        },
        "20013": {
            "year_quarter": 20013,
            "year": 2001,
            "quarter": 3,
            "eps": 0.73,
            "eps_growth_year": null,
            "eps_4q": 1.59,
            "eps_4q_growth_year": 117.66,
            "roe": 6.35,
            "roe_4q": 11.74,
            "gross_profit": 51073,
            "gross_margin": 7.09,
            "gross_margin_4q_avg": 10.98,
            "net_income": 49833,
            "net_income_4q": null,
            "revenue": 720245,
            "revenue_4q": null,
            "common_shares": 683600,
            "book_valuer_per_share": 11.75,
            "book_valuer_per_share_4q_avg": 11.35,
            "equity": 803194,
            "current_ratio": 109.67,
            "debt_ratio": 64.18,
            "inventory_turnover_ratio": 2.47,
            "account_receivable_turnover_ratio": null,
            "reinvestment_rate": null,
            "research_to_sale_ratio": null,
            "price_fair": 0,
            "eps_avg_yearly": 0,
            "eps_latest_yearly": 0,
            "eps_growth_yearly": 0
        },
        "20014": {
            "year_quarter": 20014,
            "year": 2001,
            "quarter": 4,
            "eps": 0.12,
            "eps_growth_year": -53.85,
            "eps_4q": 1.43,
            "eps_4q_growth_year": 138.56,
            "roe": 1.01,
            "roe_4q": 12.75,
            "gross_profit": 54272,
            "gross_margin": 11.91,
            "gross_margin_4q_avg": 11.21,
            "net_income": 8324,
            "net_income_4q": null,
            "revenue": 455549,
            "revenue_4q": null,
            "common_shares": 683600,
            "book_valuer_per_share": 12.39,
            "book_valuer_per_share_4q_avg": 11.61,
            "equity": 847062,
            "current_ratio": 147.78,
            "debt_ratio": 63.09,
            "inventory_turnover_ratio": 1.71,
            "account_receivable_turnover_ratio": null,
            "reinvestment_rate": null,
            "research_to_sale_ratio": null,
            "price_fair": 0,
            "eps_avg_yearly": 0,
            "eps_latest_yearly": 0,
            "eps_growth_yearly": 0
        },
        "20021": {
            "year_quarter": 20021,
            "year": 2002,
            "quarter": 1,
            "eps": 0.55,
            "eps_growth_year": 1733.33,
            "eps_4q": 2.02,
            "eps_4q_growth_year": null,
            "roe": 4.19,
            "roe_4q": 16.700000000000003,
            "gross_profit": 51018,
            "gross_margin": 16.46,
            "gross_margin_4q_avg": 12.29,
            "net_income": 36426,
            "net_income_4q": null,
            "revenue": 309992,
            "revenue_4q": null,
            "common_shares": 683600,
            "book_valuer_per_share": 13.06,
            "book_valuer_per_share_4q_avg": 12.1,
            "equity": 892470,
            "current_ratio": 106.76,
            "debt_ratio": 54.3,
            "inventory_turnover_ratio": 1.18,
            "account_receivable_turnover_ratio": null,
            "reinvestment_rate": null,
            "research_to_sale_ratio": null,
            "price_fair": 77,
            "eps_avg_yearly": 2.2,
            "eps_latest_yearly": 2.2,
            "eps_growth_yearly": 1433.33
        },
        "20022": {
            "year_quarter": 20022,
            "year": 2002,
            "quarter": 2,
            "eps": 0.57,
            "eps_growth_year": 0,
            "eps_4q": 1.82,
            "eps_4q_growth_year": 660.65,
            "roe": 4.78,
            "roe_4q": 16.33,
            "gross_profit": 71887,
            "gross_margin": 27.49,
            "gross_margin_4q_avg": 15.74,
            "net_income": 42990,
            "net_income_4q": null,
            "revenue": 261493,
            "revenue_4q": null,
            "common_shares": 683600,
            "book_valuer_per_share": 13.27,
            "book_valuer_per_share_4q_avg": 12.62,
            "equity": 906998,
            "current_ratio": 113.3,
            "debt_ratio": 54.5,
            "inventory_turnover_ratio": 1.02,
            "account_receivable_turnover_ratio": null,
            "reinvestment_rate": null,
            "research_to_sale_ratio": null,
            "price_fair": 78.4,
            "eps_avg_yearly": 2.24,
            "eps_latest_yearly": 2.28,
            "eps_growth_yearly": 723.94
        },
        "20023": {
            "year_quarter": 20023,
            "year": 2002,
            "quarter": 3,
            "eps": 0.54,
            "eps_growth_year": -26.03,
            "eps_4q": 1.71,
            "eps_4q_growth_year": 6.98,
            "roe": 4.35,
            "roe_4q": 14.33,
            "gross_profit": 69304,
            "gross_margin": 13.96,
            "gross_margin_4q_avg": 17.46,
            "net_income": 40626,
            "net_income_4q": null,
            "revenue": 496314,
            "revenue_4q": null,
            "common_shares": 767000,
            "book_valuer_per_share": 12.53,
            "book_valuer_per_share_4q_avg": 12.81,
            "equity": 960995,
            "current_ratio": 112.06,
            "debt_ratio": 56.95,
            "inventory_turnover_ratio": 2.87,
            "account_receivable_turnover_ratio": null,
            "reinvestment_rate": null,
            "research_to_sale_ratio": null,
            "price_fair": 77.47,
            "eps_avg_yearly": 2.21,
            "eps_latest_yearly": 2.16,
            "eps_growth_yearly": 475.61
        },
        "20024": {
            "year_quarter": 20024,
            "year": 2002,
            "quarter": 4,
            "eps": 0.36,
            "eps_growth_year": 200,
            "eps_4q": 1.96,
            "eps_4q_growth_year": 36.7,
            "roe": 2.74,
            "roe_4q": 16.060000000000002,
            "gross_profit": 41802,
            "gross_margin": 7.79,
            "gross_margin_4q_avg": 16.43,
            "net_income": 27068,
            "net_income_4q": null,
            "revenue": 536514,
            "revenue_4q": null,
            "common_shares": 767000,
            "book_valuer_per_share": 13.24,
            "book_valuer_per_share_4q_avg": 13.03,
            "equity": 1015145,
            "current_ratio": 145.97,
            "debt_ratio": 62.7,
            "inventory_turnover_ratio": 3.74,
            "account_receivable_turnover_ratio": null,
            "reinvestment_rate": 69.65,
            "research_to_sale_ratio": null,
            "price_fair": 70.7,
            "eps_avg_yearly": 2.02,
            "eps_latest_yearly": 1.44,
            "eps_growth_yearly": 323.37
        },
        "20031": {
            "year_quarter": 20031,
            "year": 2003,
            "quarter": 1,
            "eps": 0.54,
            "eps_growth_year": -1.82,
            "eps_4q": 1.99,
            "eps_4q_growth_year": -1.45,
            "roe": 3.94,
            "roe_4q": 15.809999999999999,
            "gross_profit": 54743,
            "gross_margin": 11.05,
            "gross_margin_4q_avg": 15.07,
            "net_income": 41169,
            "net_income_4q": null,
            "revenue": 495215,
            "revenue_4q": null,
            "common_shares": 767000,
            "book_valuer_per_share": 13.98,
            "book_valuer_per_share_4q_avg": 13.26,
            "equity": 1072374,
            "current_ratio": 87.33,
            "debt_ratio": 54.38,
            "inventory_turnover_ratio": 3.86,
            "account_receivable_turnover_ratio": null,
            "reinvestment_rate": 54.34,
            "research_to_sale_ratio": null,
            "price_fair": 71.68,
            "eps_avg_yearly": 2.05,
            "eps_latest_yearly": 2.16,
            "eps_growth_yearly": 298.7
        },
        "20032": {
            "year_quarter": 20032,
            "year": 2003,
            "quarter": 2,
            "eps": 0.76,
            "eps_growth_year": 33.33,
            "eps_4q": 2.18,
            "eps_4q_growth_year": 19.6,
            "roe": 5.32,
            "roe_4q": 16.35,
            "gross_profit": 86478,
            "gross_margin": 15.98,
            "gross_margin_4q_avg": 12.2,
            "net_income": 58202,
            "net_income_4q": null,
            "revenue": 541177,
            "revenue_4q": null,
            "common_shares": 767000,
            "book_valuer_per_share": 14.56,
            "book_valuer_per_share_4q_avg": 13.58,
            "equity": 1116881,
            "current_ratio": 91.02,
            "debt_ratio": 51.67,
            "inventory_turnover_ratio": 3.83,
            "account_receivable_turnover_ratio": null,
            "reinvestment_rate": 46.77,
            "research_to_sale_ratio": null,
            "price_fair": 77.47,
            "eps_avg_yearly": 2.21,
            "eps_latest_yearly": 3.04,
            "eps_growth_yearly": 276.08
        },
        "20033": {
            "year_quarter": 20033,
            "year": 2003,
            "quarter": 3,
            "eps": 0.58,
            "eps_growth_year": 7.41,
            "eps_4q": 1.97,
            "eps_4q_growth_year": 15.72,
            "roe": 4.06,
            "roe_4q": 16.06,
            "gross_profit": 47029,
            "gross_margin": 8.35,
            "gross_margin_4q_avg": 10.79,
            "net_income": 52588,
            "net_income_4q": null,
            "revenue": 563506,
            "revenue_4q": null,
            "common_shares": 1120000,
            "book_valuer_per_share": 13.15,
            "book_valuer_per_share_4q_avg": 13.73,
            "equity": 1472620,
            "current_ratio": 135.22,
            "debt_ratio": 47.45,
            "inventory_turnover_ratio": 2.51,
            "account_receivable_turnover_ratio": null,
            "reinvestment_rate": 44.85,
            "research_to_sale_ratio": null,
            "price_fair": 78,
            "eps_avg_yearly": 2.23,
            "eps_latest_yearly": 2.32,
            "eps_growth_yearly": 223.1
        },
        "20034": {
            "year_quarter": 20034,
            "year": 2003,
            "quarter": 4,
            "eps": 0.28,
            "eps_growth_year": -22.22,
            "eps_4q": 1.86,
            "eps_4q_growth_year": -4.81,
            "roe": 1.79,
            "roe_4q": 15.11,
            "gross_profit": 64865,
            "gross_margin": 10.07,
            "gross_margin_4q_avg": 11.36,
            "net_income": 26887,
            "net_income_4q": null,
            "revenue": 644111,
            "revenue_4q": null,
            "common_shares": 1120000,
            "book_valuer_per_share": 13.66,
            "book_valuer_per_share_4q_avg": 13.84,
            "equity": 1529952,
            "current_ratio": 183.26,
            "debt_ratio": 44.43,
            "inventory_turnover_ratio": 2.77,
            "account_receivable_turnover_ratio": null,
            "reinvestment_rate": 44.81,
            "research_to_sale_ratio": null,
            "price_fair": 73.15,
            "eps_avg_yearly": 2.09,
            "eps_latest_yearly": 1.12,
            "eps_growth_yearly": 169.35
        },
        "20041": {
            "year_quarter": 20041,
            "year": 2004,
            "quarter": 1,
            "eps": 0.54,
            "eps_growth_year": 0,
            "eps_4q": 1.76,
            "eps_4q_growth_year": -11.51,
            "roe": 3.9,
            "roe_4q": 15.07,
            "gross_profit": 67408,
            "gross_margin": 11.97,
            "gross_margin_4q_avg": 11.59,
            "net_income": 60815,
            "net_income_4q": null,
            "revenue": 563285,
            "revenue_4q": null,
            "common_shares": 1120000,
            "book_valuer_per_share": 14.2,
            "book_valuer_per_share_4q_avg": 13.89,
            "equity": 1589965,
            "current_ratio": 138.61,
            "debt_ratio": 38.18,
            "inventory_turnover_ratio": 3.88,
            "account_receivable_turnover_ratio": null,
            "reinvestment_rate": 47.77,
            "research_to_sale_ratio": null,
            "price_fair": 73.42,
            "eps_avg_yearly": 2.1,
            "eps_latest_yearly": 2.16,
            "eps_growth_yearly": 191.81
        },
        "20042": {
            "year_quarter": 20042,
            "year": 2004,
            "quarter": 2,
            "eps": 0.58,
            "eps_growth_year": -23.68,
            "eps_4q": 1.82,
            "eps_4q_growth_year": -16.48,
            "roe": 4.07,
            "roe_4q": 13.82,
            "gross_profit": 68834,
            "gross_margin": 14.41,
            "gross_margin_4q_avg": 11.2,
            "net_income": 65518,
            "net_income_4q": null,
            "revenue": 477611,
            "revenue_4q": null,
            "common_shares": 1120000,
            "book_valuer_per_share": 14.57,
            "book_valuer_per_share_4q_avg": 13.9,
            "equity": 1631381,
            "current_ratio": 134.59,
            "debt_ratio": 34.65,
            "inventory_turnover_ratio": 3.26,
            "account_receivable_turnover_ratio": null,
            "reinvestment_rate": 36.69,
            "research_to_sale_ratio": null,
            "price_fair": 74.2,
            "eps_avg_yearly": 2.12,
            "eps_latest_yearly": 2.32,
            "eps_growth_yearly": 175.59
        },
        "20043": {
            "year_quarter": 20043,
            "year": 2004,
            "quarter": 3,
            "eps": 0.43,
            "eps_growth_year": -25.86,
            "eps_4q": 1.62,
            "eps_4q_growth_year": -18.13,
            "roe": 3.3,
            "roe_4q": 13.059999999999999,
            "gross_profit": 82115,
            "gross_margin": 19.1,
            "gross_margin_4q_avg": 13.89,
            "net_income": 55527,
            "net_income_4q": null,
            "revenue": 429959,
            "revenue_4q": null,
            "common_shares": 1288000,
            "book_valuer_per_share": 13.43,
            "book_valuer_per_share_4q_avg": 13.97,
            "equity": 1729970,
            "current_ratio": 145.1,
            "debt_ratio": 35.18,
            "inventory_turnover_ratio": 2.02,
            "account_receivable_turnover_ratio": null,
            "reinvestment_rate": 8.14,
            "research_to_sale_ratio": null,
            "price_fair": 72.93,
            "eps_avg_yearly": 2.08,
            "eps_latest_yearly": 1.72,
            "eps_growth_yearly": 150.22
        },
        "20044": {
            "year_quarter": 20044,
            "year": 2004,
            "quarter": 4,
            "eps": 0.33,
            "eps_growth_year": 17.86,
            "eps_4q": 1.75,
            "eps_4q_growth_year": -6.31,
            "roe": 2.14,
            "roe_4q": 13.41,
            "gross_profit": 65093,
            "gross_margin": 11.06,
            "gross_margin_4q_avg": 14.14,
            "net_income": 42411,
            "net_income_4q": null,
            "revenue": 588354,
            "revenue_4q": null,
            "common_shares": 1288000,
            "book_valuer_per_share": 13.13,
            "book_valuer_per_share_4q_avg": 13.83,
            "equity": 2234017,
            "current_ratio": 131.37,
            "debt_ratio": 53.55,
            "inventory_turnover_ratio": 2.33,
            "account_receivable_turnover_ratio": null,
            "reinvestment_rate": 145.56,
            "research_to_sale_ratio": null,
            "price_fair": 70.7,
            "eps_avg_yearly": 2.02,
            "eps_latest_yearly": 1.32,
            "eps_growth_yearly": 129.95
        },
        "20051": {
            "year_quarter": 20051,
            "year": 2005,
            "quarter": 1,
            "eps": 0.3,
            "eps_growth_year": -44.44,
            "eps_4q": 1.55,
            "eps_4q_growth_year": -12.09,
            "roe": 1.98,
            "roe_4q": 11.49,
            "gross_profit": 83791,
            "gross_margin": 19.01,
            "gross_margin_4q_avg": 15.9,
            "net_income": 39249,
            "net_income_4q": null,
            "revenue": 440692,
            "revenue_4q": null,
            "common_shares": 1288000,
            "book_valuer_per_share": 13.37,
            "book_valuer_per_share_4q_avg": 13.63,
            "equity": 1722007,
            "current_ratio": 100.45,
            "debt_ratio": 35.64,
            "inventory_turnover_ratio": 1.43,
            "account_receivable_turnover_ratio": null,
            "reinvestment_rate": -11.44,
            "research_to_sale_ratio": null,
            "price_fair": 68.49,
            "eps_avg_yearly": 1.96,
            "eps_latest_yearly": 1.2,
            "eps_growth_yearly": 117.16
        },
        "20052": {
            "year_quarter": 20052,
            "year": 2005,
            "quarter": 2,
            "eps": 0.49,
            "eps_growth_year": -15.52,
            "eps_4q": 1.5,
            "eps_4q_growth_year": -17.88,
            "roe": 3.87,
            "roe_4q": 11.29,
            "gross_profit": 89929,
            "gross_margin": 12.19,
            "gross_margin_4q_avg": 15.34,
            "net_income": 66805,
            "net_income_4q": null,
            "revenue": 737563,
            "revenue_4q": null,
            "common_shares": 1288000,
            "book_valuer_per_share": 13.4,
            "book_valuer_per_share_4q_avg": 13.33,
            "equity": 1726558,
            "current_ratio": 97.51,
            "debt_ratio": 38.79,
            "inventory_turnover_ratio": 2.42,
            "account_receivable_turnover_ratio": null,
            "reinvestment_rate": -10.49,
            "research_to_sale_ratio": null,
            "price_fair": 68.5,
            "eps_avg_yearly": 1.96,
            "eps_latest_yearly": 1.96,
            "eps_growth_yearly": 126.88
        },
        "20053": {
            "year_quarter": 20053,
            "year": 2005,
            "quarter": 3,
            "eps": 0.51,
            "eps_growth_year": 18.6,
            "eps_4q": 1.59,
            "eps_4q_growth_year": -1.49,
            "roe": 3.88,
            "roe_4q": 11.870000000000001,
            "gross_profit": 92016,
            "gross_margin": 15.09,
            "gross_margin_4q_avg": 14.34,
            "net_income": 69949,
            "net_income_4q": null,
            "revenue": 609675,
            "revenue_4q": null,
            "common_shares": 1360000,
            "book_valuer_per_share": 13.8,
            "book_valuer_per_share_4q_avg": 13.43,
            "equity": 1877229,
            "current_ratio": 104.98,
            "debt_ratio": 35.86,
            "inventory_turnover_ratio": 1.83,
            "account_receivable_turnover_ratio": null,
            "reinvestment_rate": -10.44,
            "research_to_sale_ratio": null,
            "price_fair": 68.69,
            "eps_avg_yearly": 1.96,
            "eps_latest_yearly": 2.04,
            "eps_growth_yearly": 119.51
        },
        "20054": {
            "year_quarter": 20054,
            "year": 2005,
            "quarter": 4,
            "eps": 0.52,
            "eps_growth_year": 57.58,
            "eps_4q": 1.81,
            "eps_4q_growth_year": 3.66,
            "roe": 3.2,
            "roe_4q": 12.93,
            "gross_profit": 116278,
            "gross_margin": 13.65,
            "gross_margin_4q_avg": 14.99,
            "net_income": 71011,
            "net_income_4q": null,
            "revenue": 851737,
            "revenue_4q": null,
            "common_shares": 1360000,
            "book_valuer_per_share": 14.52,
            "book_valuer_per_share_4q_avg": 13.77,
            "equity": 2567962,
            "current_ratio": 147.36,
            "debt_ratio": 49.58,
            "inventory_turnover_ratio": 2.95,
            "account_receivable_turnover_ratio": null,
            "reinvestment_rate": 161.61,
            "research_to_sale_ratio": null,
            "price_fair": 68.95,
            "eps_avg_yearly": 1.97,
            "eps_latest_yearly": 2.08,
            "eps_growth_yearly": 112.53
        },
        "20061": {
            "year_quarter": 20061,
            "year": 2006,
            "quarter": 1,
            "eps": 0.41,
            "eps_growth_year": 36.67,
            "eps_4q": 1.93,
            "eps_4q_growth_year": 24.64,
            "roe": 2.43,
            "roe_4q": 13.380000000000003,
            "gross_profit": 76782,
            "gross_margin": 13.63,
            "gross_margin_4q_avg": 13.64,
            "net_income": 55997,
            "net_income_4q": null,
            "revenue": 563350,
            "revenue_4q": null,
            "common_shares": 1360000,
            "book_valuer_per_share": 14.99,
            "book_valuer_per_share_4q_avg": 14.18,
            "equity": 2038179,
            "current_ratio": 152.01,
            "debt_ratio": 31.63,
            "inventory_turnover_ratio": 2.03,
            "account_receivable_turnover_ratio": null,
            "reinvestment_rate": -17.35,
            "research_to_sale_ratio": null,
            "price_fair": 53.53,
            "eps_avg_yearly": 1.94,
            "eps_latest_yearly": 1.64,
            "eps_growth_yearly": 17.66
        },
        "20062": {
            "year_quarter": 20062,
            "year": 2006,
            "quarter": 2,
            "eps": 0.51,
            "eps_growth_year": 4.08,
            "eps_4q": 1.82,
            "eps_4q_growth_year": 21.7,
            "roe": 3.79,
            "roe_4q": 13.3,
            "gross_profit": 74191,
            "gross_margin": 12.07,
            "gross_margin_4q_avg": 13.61,
            "net_income": 76622,
            "net_income_4q": null,
            "revenue": 614554,
            "revenue_4q": null,
            "common_shares": 1360000,
            "book_valuer_per_share": 14.73,
            "book_valuer_per_share_4q_avg": 14.51,
            "equity": 2003539,
            "current_ratio": 126.1,
            "debt_ratio": 35.33,
            "inventory_turnover_ratio": 1.96,
            "account_receivable_turnover_ratio": null,
            "reinvestment_rate": -19.85,
            "research_to_sale_ratio": null,
            "price_fair": 63.07,
            "eps_avg_yearly": 1.92,
            "eps_latest_yearly": 2.04,
            "eps_growth_yearly": 22.85
        },
        "20063": {
            "year_quarter": 20063,
            "year": 2006,
            "quarter": 3,
            "eps": 0.62,
            "eps_growth_year": 21.57,
            "eps_4q": 1.97,
            "eps_4q_growth_year": 23.95,
            "roe": 4.5,
            "roe_4q": 13.919999999999998,
            "gross_profit": 95263,
            "gross_margin": 14.53,
            "gross_margin_4q_avg": 13.47,
            "net_income": 93250,
            "net_income_4q": null,
            "revenue": 655822,
            "revenue_4q": null,
            "common_shares": 1505000,
            "book_valuer_per_share": 14.24,
            "book_valuer_per_share_4q_avg": 14.62,
            "equity": 2143847,
            "current_ratio": 134.51,
            "debt_ratio": 35.1,
            "inventory_turnover_ratio": 1.73,
            "account_receivable_turnover_ratio": null,
            "reinvestment_rate": -19.67,
            "research_to_sale_ratio": null,
            "price_fair": 67.9,
            "eps_avg_yearly": 1.94,
            "eps_latest_yearly": 2.48,
            "eps_growth_yearly": 29.56
        },
        "20064": {
            "year_quarter": 20064,
            "year": 2006,
            "quarter": 4,
            "eps": 0.47,
            "eps_growth_year": -9.62,
            "eps_4q": 1.97,
            "eps_4q_growth_year": 9.05,
            "roe": 2.82,
            "roe_4q": 13.54,
            "gross_profit": 101873,
            "gross_margin": 9.58,
            "gross_margin_4q_avg": 12.45,
            "net_income": 70651,
            "net_income_4q": null,
            "revenue": 1063637,
            "revenue_4q": null,
            "common_shares": 1505000,
            "book_valuer_per_share": 15.01,
            "book_valuer_per_share_4q_avg": 14.74,
            "equity": 2860014,
            "current_ratio": 156.97,
            "debt_ratio": 48.87,
            "inventory_turnover_ratio": 2.67,
            "account_receivable_turnover_ratio": null,
            "reinvestment_rate": 130.66,
            "research_to_sale_ratio": null,
            "price_fair": 68.86,
            "eps_avg_yearly": 1.97,
            "eps_latest_yearly": 1.88,
            "eps_growth_yearly": 31.84
        },
        "20071": {
            "year_quarter": 20071,
            "year": 2007,
            "quarter": 1,
            "eps": 0.45,
            "eps_growth_year": 9.76,
            "eps_4q": 2.04,
            "eps_4q_growth_year": 5.64,
            "roe": 2.62,
            "roe_4q": 13.73,
            "gross_profit": 75549,
            "gross_margin": 12.25,
            "gross_margin_4q_avg": 12.11,
            "net_income": 68068,
            "net_income_4q": null,
            "revenue": 616502,
            "revenue_4q": null,
            "common_shares": 1505000,
            "book_valuer_per_share": 15.53,
            "book_valuer_per_share_4q_avg": 14.88,
            "equity": 2337600,
            "current_ratio": 154.26,
            "debt_ratio": 32.74,
            "inventory_turnover_ratio": 1.49,
            "account_receivable_turnover_ratio": null,
            "reinvestment_rate": -17.85,
            "research_to_sale_ratio": null,
            "price_fair": 55,
            "eps_avg_yearly": 1.95,
            "eps_latest_yearly": 1.8,
            "eps_growth_yearly": 18.28
        },
        "20072": {
            "year_quarter": 20072,
            "year": 2007,
            "quarter": 2,
            "eps": 0.59,
            "eps_growth_year": 15.69,
            "eps_4q": 1.92,
            "eps_4q_growth_year": 5.56,
            "roe": 4.25,
            "roe_4q": 14.19,
            "gross_profit": 66404,
            "gross_margin": 10.45,
            "gross_margin_4q_avg": 11.7,
            "net_income": 102730,
            "net_income_4q": null,
            "revenue": 635630,
            "revenue_4q": null,
            "common_shares": 1505000,
            "book_valuer_per_share": 16.58,
            "book_valuer_per_share_4q_avg": 15.34,
            "equity": 2495526,
            "current_ratio": 146.56,
            "debt_ratio": 32.83,
            "inventory_turnover_ratio": 1.4,
            "account_receivable_turnover_ratio": null,
            "reinvestment_rate": -15.46,
            "research_to_sale_ratio": null,
            "price_fair": 49.22,
            "eps_avg_yearly": 1.9,
            "eps_latest_yearly": 2.36,
            "eps_growth_yearly": 15.87
        },
        "20073": {
            "year_quarter": 20073,
            "year": 2007,
            "quarter": 3,
            "eps": 0.46,
            "eps_growth_year": -25.81,
            "eps_4q": 1.85,
            "eps_4q_growth_year": -6.41,
            "roe": 3.09,
            "roe_4q": 12.780000000000001,
            "gross_profit": 78973,
            "gross_margin": 12.96,
            "gross_margin_4q_avg": 11.31,
            "net_income": 80056,
            "net_income_4q": null,
            "revenue": 609260,
            "revenue_4q": null,
            "common_shares": 1728000,
            "book_valuer_per_share": 15.59,
            "book_valuer_per_share_4q_avg": 15.68,
            "equity": 2694305,
            "current_ratio": 150.52,
            "debt_ratio": 27.94,
            "inventory_turnover_ratio": 1.38,
            "account_receivable_turnover_ratio": null,
            "reinvestment_rate": -15.2,
            "research_to_sale_ratio": null,
            "price_fair": 49.22,
            "eps_avg_yearly": 1.87,
            "eps_latest_yearly": 1.84,
            "eps_growth_yearly": 16.29
        },
        "20074": {
            "year_quarter": 20074,
            "year": 2007,
            "quarter": 4,
            "eps": 0.63,
            "eps_growth_year": 34.04,
            "eps_4q": 2.08,
            "eps_4q_growth_year": 5.25,
            "roe": 3.55,
            "roe_4q": 13.510000000000002,
            "gross_profit": 137112,
            "gross_margin": 15.43,
            "gross_margin_4q_avg": 12.77,
            "net_income": 109287,
            "net_income_4q": null,
            "revenue": 888829,
            "revenue_4q": null,
            "common_shares": 1728000,
            "book_valuer_per_share": 16.2,
            "book_valuer_per_share_4q_avg": 15.98,
            "equity": 3470427,
            "current_ratio": 167.98,
            "debt_ratio": 47.98,
            "inventory_turnover_ratio": 1.93,
            "account_receivable_turnover_ratio": null,
            "reinvestment_rate": 113.43,
            "research_to_sale_ratio": null,
            "price_fair": 68.6,
            "eps_avg_yearly": 1.96,
            "eps_latest_yearly": 2.52,
            "eps_growth_yearly": 38.46
        },
        "20081": {
            "year_quarter": 20081,
            "year": 2008,
            "quarter": 1,
            "eps": 0.16,
            "eps_growth_year": -64.44,
            "eps_4q": 5.43,
            "eps_4q_growth_year": 166.2,
            "roe": 0.27,
            "roe_4q": 11.16,
            "gross_profit": 174637,
            "gross_margin": 9.43,
            "gross_margin_4q_avg": 12.07,
            "net_income": 9399,
            "net_income_4q": null,
            "revenue": 1852737,
            "revenue_4q": null,
            "common_shares": 1728000,
            "book_valuer_per_share": 16.56,
            "book_valuer_per_share_4q_avg": 16.23,
            "equity": 3498137,
            "current_ratio": 167.66,
            "debt_ratio": 46.34,
            "inventory_turnover_ratio": 2.87,
            "account_receivable_turnover_ratio": null,
            "reinvestment_rate": 128.92,
            "research_to_sale_ratio": null,
            "price_fair": 5.6,
            "eps_avg_yearly": 1.87,
            "eps_latest_yearly": 0.64,
            "eps_growth_yearly": -3.41
        },
        "20082": {
            "year_quarter": 20082,
            "year": 2008,
            "quarter": 2,
            "eps": 0.78,
            "eps_growth_year": 32.2,
            "eps_4q": 1.62,
            "eps_4q_growth_year": -15.7,
            "roe": 5.17,
            "roe_4q": 12.079999999999998,
            "gross_profit": 264912,
            "gross_margin": 11.46,
            "gross_margin_4q_avg": 12.32,
            "net_income": 180415,
            "net_income_4q": null,
            "revenue": 2312039,
            "revenue_4q": null,
            "common_shares": 1728000,
            "book_valuer_per_share": 16.32,
            "book_valuer_per_share_4q_avg": 16.17,
            "equity": 3483555,
            "current_ratio": 153.98,
            "debt_ratio": 54.19,
            "inventory_turnover_ratio": 2.93,
            "account_receivable_turnover_ratio": null,
            "reinvestment_rate": 129.43,
            "research_to_sale_ratio": null,
            "price_fair": 67.03,
            "eps_avg_yearly": 1.92,
            "eps_latest_yearly": 3.12,
            "eps_growth_yearly": 91.61
        },
        "20083": {
            "year_quarter": 20083,
            "year": 2008,
            "quarter": 3,
            "eps": 0.48,
            "eps_growth_year": 4.35,
            "eps_4q": 1.75,
            "eps_4q_growth_year": -5.46,
            "roe": 3.05,
            "roe_4q": 12.04,
            "gross_profit": 289807,
            "gross_margin": 12.42,
            "gross_margin_4q_avg": 12.19,
            "net_income": 107800,
            "net_income_4q": null,
            "revenue": 2332694,
            "revenue_4q": null,
            "common_shares": 2035000,
            "book_valuer_per_share": 14.11,
            "book_valuer_per_share_4q_avg": 15.8,
            "equity": 3590503,
            "current_ratio": 167.57,
            "debt_ratio": 57.09,
            "inventory_turnover_ratio": 2.63,
            "account_receivable_turnover_ratio": null,
            "reinvestment_rate": 134.93,
            "research_to_sale_ratio": null,
            "price_fair": 67.46,
            "eps_avg_yearly": 1.93,
            "eps_latest_yearly": 1.92,
            "eps_growth_yearly": 88.46
        },
        "20084": {
            "year_quarter": 20084,
            "year": 2008,
            "quarter": 4,
            "eps": 0.45,
            "eps_growth_year": -28.57,
            "eps_4q": 1.29,
            "eps_4q_growth_year": -37.9,
            "roe": 3.52,
            "roe_4q": 12.01,
            "gross_profit": 448566,
            "gross_margin": 15.27,
            "gross_margin_4q_avg": 12.15,
            "net_income": 130563,
            "net_income_4q": null,
            "revenue": 2938095,
            "revenue_4q": null,
            "common_shares": 2035000,
            "book_valuer_per_share": 15.05,
            "book_valuer_per_share_4q_avg": 15.51,
            "equity": 3834890,
            "current_ratio": 156.81,
            "debt_ratio": 60.47,
            "inventory_turnover_ratio": 2.91,
            "account_receivable_turnover_ratio": 1.81,
            "reinvestment_rate": 46.99,
            "research_to_sale_ratio": null,
            "price_fair": 68.51,
            "eps_avg_yearly": 1.96,
            "eps_latest_yearly": 1.8,
            "eps_growth_yearly": 92.72
        },
        "20091": {
            "year_quarter": 20091,
            "year": 2009,
            "quarter": 1,
            "eps": 0.36,
            "eps_growth_year": 125,
            "eps_4q": 2.41,
            "eps_4q_growth_year": -55.67,
            "roe": 1.6,
            "roe_4q": 13.34,
            "gross_profit": 281436,
            "gross_margin": 14.43,
            "gross_margin_4q_avg": 13.4,
            "net_income": 62843,
            "net_income_4q": null,
            "revenue": 1950994,
            "revenue_4q": null,
            "common_shares": 2035000,
            "book_valuer_per_share": 15.84,
            "book_valuer_per_share_4q_avg": 15.33,
            "equity": 4011061,
            "current_ratio": 159.16,
            "debt_ratio": 59.26,
            "inventory_turnover_ratio": 1.92,
            "account_receivable_turnover_ratio": 0.61,
            "reinvestment_rate": 134.45,
            "research_to_sale_ratio": null,
            "price_fair": 69.04,
            "eps_avg_yearly": 1.97,
            "eps_latest_yearly": 1.44,
            "eps_growth_yearly": 89.99
        },
        "20092": {
            "year_quarter": 20092,
            "year": 2009,
            "quarter": 2,
            "eps": 0.66,
            "eps_growth_year": -15.38,
            "eps_4q": 1.58,
            "eps_4q_growth_year": -2.37,
            "roe": 4.28,
            "roe_4q": 12.45,
            "gross_profit": 283069,
            "gross_margin": 12.13,
            "gross_margin_4q_avg": 13.56,
            "net_income": 172659,
            "net_income_4q": null,
            "revenue": 2333483,
            "revenue_4q": null,
            "common_shares": 2035000,
            "book_valuer_per_share": 16.11,
            "book_valuer_per_share_4q_avg": 15.28,
            "equity": 4050161,
            "current_ratio": 167.62,
            "debt_ratio": 55.59,
            "inventory_turnover_ratio": 2.24,
            "account_receivable_turnover_ratio": 0.81,
            "reinvestment_rate": 117.29,
            "research_to_sale_ratio": null,
            "price_fair": 70.53,
            "eps_avg_yearly": 2.02,
            "eps_latest_yearly": 2.64,
            "eps_growth_yearly": 94.99
        },
        "20093": {
            "year_quarter": 20093,
            "year": 2009,
            "quarter": 3,
            "eps": 0.5,
            "eps_growth_year": 4.17,
            "eps_4q": 1.87,
            "eps_4q_growth_year": 6.8,
            "roe": 2.85,
            "roe_4q": 12.25,
            "gross_profit": 294814,
            "gross_margin": 14.89,
            "gross_margin_4q_avg": 14.18,
            "net_income": 117084,
            "net_income_4q": null,
            "revenue": 1980087,
            "revenue_4q": null,
            "common_shares": 2927821,
            "book_valuer_per_share": 14.18,
            "book_valuer_per_share_4q_avg": 15.3,
            "equity": 4179861,
            "current_ratio": 176.56,
            "debt_ratio": 51.51,
            "inventory_turnover_ratio": 1.88,
            "account_receivable_turnover_ratio": 0.77,
            "reinvestment_rate": 108.44,
            "research_to_sale_ratio": null,
            "price_fair": 70.44,
            "eps_avg_yearly": 2.01,
            "eps_latest_yearly": 2,
            "eps_growth_yearly": 87.91
        },
        "20094": {
            "year_quarter": 20094,
            "year": 2009,
            "quarter": 4,
            "eps": 0.66,
            "eps_growth_year": 46.67,
            "eps_4q": 1.75,
            "eps_4q_growth_year": 35.8,
            "roe": 3.93,
            "roe_4q": 12.66,
            "gross_profit": 314954,
            "gross_margin": 11.96,
            "gross_margin_4q_avg": 13.35,
            "net_income": 167871,
            "net_income_4q": null,
            "revenue": 2632801,
            "revenue_4q": null,
            "common_shares": 2927821,
            "book_valuer_per_share": 14.77,
            "book_valuer_per_share_4q_avg": 15.23,
            "equity": 4354284,
            "current_ratio": 164.1,
            "debt_ratio": 58.37,
            "inventory_turnover_ratio": 5.46,
            "account_receivable_turnover_ratio": 1.67,
            "reinvestment_rate": 26.53,
            "research_to_sale_ratio": null,
            "price_fair": 71.66,
            "eps_avg_yearly": 2.05,
            "eps_latest_yearly": 2.64,
            "eps_growth_yearly": 95.42
        },
        "20101": {
            "year_quarter": 20101,
            "year": 2010,
            "quarter": 1,
            "eps": 0.31,
            "eps_growth_year": -13.89,
            "eps_4q": 1.81,
            "eps_4q_growth_year": -24.79,
            "roe": 2.12,
            "roe_4q": 13.18,
            "gross_profit": 240061,
            "gross_margin": 13.42,
            "gross_margin_4q_avg": 13.1,
            "net_income": 92396,
            "net_income_4q": null,
            "revenue": 1789105,
            "revenue_4q": null,
            "common_shares": 2927821,
            "book_valuer_per_share": 14.85,
            "book_valuer_per_share_4q_avg": 14.98,
            "equity": 4379606,
            "current_ratio": 180.96,
            "debt_ratio": 54.06,
            "inventory_turnover_ratio": 85.59,
            "account_receivable_turnover_ratio": 0.61,
            "reinvestment_rate": 121.3,
            "research_to_sale_ratio": null,
            "price_fair": 70.79,
            "eps_avg_yearly": 2.02,
            "eps_latest_yearly": 1.24,
            "eps_growth_yearly": 87.45
        },
        "20102": {
            "year_quarter": 20102,
            "year": 2010,
            "quarter": 2,
            "eps": 0.5,
            "eps_growth_year": -24.67,
            "eps_4q": 1.62,
            "eps_4q_growth_year": 2.65,
            "roe": 3.79,
            "roe_4q": 12.69,
            "gross_profit": 324687,
            "gross_margin": 13.55,
            "gross_margin_4q_avg": 13.46,
            "net_income": 168355,
            "net_income_4q": null,
            "revenue": 2395805,
            "revenue_4q": null,
            "common_shares": 2927821,
            "book_valuer_per_share": 15.26,
            "book_valuer_per_share_4q_avg": 14.77,
            "equity": 4502227,
            "current_ratio": 198.79,
            "debt_ratio": 54.56,
            "inventory_turnover_ratio": 89.52,
            "account_receivable_turnover_ratio": 0.83,
            "reinvestment_rate": 117.05,
            "research_to_sale_ratio": null,
            "price_fair": 70.7,
            "eps_avg_yearly": 2.02,
            "eps_latest_yearly": 2,
            "eps_growth_yearly": 96.67
        },
        "20103": {
            "year_quarter": 20103,
            "year": 2010,
            "quarter": 3,
            "eps": 0.28,
            "eps_growth_year": -44.39,
            "eps_4q": 1.55,
            "eps_4q_growth_year": -17.15,
            "roe": 2.09,
            "roe_4q": 11.93,
            "gross_profit": 255444,
            "gross_margin": 10.76,
            "gross_margin_4q_avg": 12.42,
            "net_income": 95163,
            "net_income_4q": null,
            "revenue": 2374400,
            "revenue_4q": null,
            "common_shares": 3349945,
            "book_valuer_per_share": 13.63,
            "book_valuer_per_share_4q_avg": 14.63,
            "equity": 4593800,
            "current_ratio": 208.01,
            "debt_ratio": 55.02,
            "inventory_turnover_ratio": 79.27,
            "account_receivable_turnover_ratio": 0.78,
            "reinvestment_rate": 117.94,
            "research_to_sale_ratio": null,
            "price_fair": 67.73,
            "eps_avg_yearly": 1.94,
            "eps_latest_yearly": 1.12,
            "eps_growth_yearly": 80.28
        },
        "20104": {
            "year_quarter": 20104,
            "year": 2010,
            "quarter": 4,
            "eps": 0.65,
            "eps_growth_year": -2.21,
            "eps_4q": 1.69,
            "eps_4q_growth_year": -3.34,
            "roe": 4.75,
            "roe_4q": 12.75,
            "gross_profit": 483084,
            "gross_margin": 15.94,
            "gross_margin_4q_avg": 13.42,
            "net_income": 218268,
            "net_income_4q": null,
            "revenue": 3031165,
            "revenue_4q": null,
            "common_shares": 3349945,
            "book_valuer_per_share": 13.66,
            "book_valuer_per_share_4q_avg": 14.35,
            "equity": 4602948,
            "current_ratio": 217.14,
            "debt_ratio": 53.56,
            "inventory_turnover_ratio": 67.39,
            "account_receivable_turnover_ratio": 0.89,
            "reinvestment_rate": 24.71,
            "research_to_sale_ratio": null,
            "price_fair": 69.3,
            "eps_avg_yearly": 1.98,
            "eps_latest_yearly": 2.6,
            "eps_growth_yearly": 119.36
        },
        "20111": {
            "year_quarter": 20111,
            "year": 2011,
            "quarter": 1,
            "eps": 0.29,
            "eps_growth_year": -6.45,
            "eps_4q": 1.72,
            "eps_4q_growth_year": -5.24,
            "roe": 2.13,
            "roe_4q": 12.759999999999998,
            "gross_profit": 296897,
            "gross_margin": 16.61,
            "gross_margin_4q_avg": 14.22,
            "net_income": 100247,
            "net_income_4q": null,
            "revenue": 1787732,
            "revenue_4q": null,
            "common_shares": 3349945,
            "book_valuer_per_share": 14.23,
            "book_valuer_per_share_4q_avg": 14.2,
            "equity": 4790373,
            "current_ratio": 235.11,
            "debt_ratio": 51.98,
            "inventory_turnover_ratio": 34.11,
            "account_receivable_turnover_ratio": 0.48,
            "reinvestment_rate": 103.7,
            "research_to_sale_ratio": null,
            "price_fair": 67.9,
            "eps_avg_yearly": 1.94,
            "eps_latest_yearly": 1.16,
            "eps_growth_yearly": 106.58
        },
        "20112": {
            "year_quarter": 20112,
            "year": 2011,
            "quarter": 2,
            "eps": 0.74,
            "eps_growth_year": 48.62,
            "eps_4q": 1.87,
            "eps_4q_growth_year": 15.27,
            "roe": 5.53,
            "roe_4q": 14.5,
            "gross_profit": 625842,
            "gross_margin": 28.73,
            "gross_margin_4q_avg": 18.01,
            "net_income": 266789,
            "net_income_4q": null,
            "revenue": 2178526,
            "revenue_4q": null,
            "common_shares": 3349945,
            "book_valuer_per_share": 14.43,
            "book_valuer_per_share_4q_avg": 13.99,
            "equity": 4858238,
            "current_ratio": 195.5,
            "debt_ratio": 55.47,
            "inventory_turnover_ratio": 33.77,
            "account_receivable_turnover_ratio": 0.63,
            "reinvestment_rate": 102.76,
            "research_to_sale_ratio": null,
            "price_fair": 69.21,
            "eps_avg_yearly": 1.98,
            "eps_latest_yearly": 2.96,
            "eps_growth_yearly": 137.6
        },
        "20113": {
            "year_quarter": 20113,
            "year": 2011,
            "quarter": 3,
            "eps": 0.1,
            "eps_growth_year": -63.16,
            "eps_4q": 1.73,
            "eps_4q_growth_year": 11.66,
            "roe": 0.76,
            "roe_4q": 13.17,
            "gross_profit": 195122,
            "gross_margin": 8.62,
            "gross_margin_4q_avg": 17.48,
            "net_income": 37857,
            "net_income_4q": null,
            "revenue": 2262436,
            "revenue_4q": null,
            "common_shares": 3601191,
            "book_valuer_per_share": 14.04,
            "book_valuer_per_share_4q_avg": 14.09,
            "equity": 5050007,
            "current_ratio": 168.08,
            "debt_ratio": 59.91,
            "inventory_turnover_ratio": 38.73,
            "account_receivable_turnover_ratio": 0.63,
            "reinvestment_rate": 105.3,
            "research_to_sale_ratio": null,
            "price_fair": 66.06,
            "eps_avg_yearly": 1.89,
            "eps_latest_yearly": 0.4,
            "eps_growth_yearly": 121.48
        },
        "20114": {
            "year_quarter": 20114,
            "year": 2011,
            "quarter": 4,
            "eps": 0.16,
            "eps_growth_year": -75.63,
            "eps_4q": 1.29,
            "eps_4q_growth_year": -24.07,
            "roe": 1.15,
            "roe_4q": 9.57,
            "gross_profit": 261656,
            "gross_margin": 8.06,
            "gross_margin_4q_avg": 15.51,
            "net_income": 57989,
            "net_income_4q": null,
            "revenue": 3245213,
            "revenue_4q": null,
            "common_shares": 3601191,
            "book_valuer_per_share": 14.1,
            "book_valuer_per_share_4q_avg": 14.2,
            "equity": 5044392,
            "current_ratio": 203.03,
            "debt_ratio": 59.29,
            "inventory_turnover_ratio": 57.64,
            "account_receivable_turnover_ratio": 0.8,
            "reinvestment_rate": 4.41,
            "research_to_sale_ratio": null,
            "price_fair": 61.95,
            "eps_avg_yearly": 1.77,
            "eps_latest_yearly": 0.64,
            "eps_growth_yearly": 127.25
        },
        "20121": {
            "year_quarter": 20121,
            "year": 2012,
            "quarter": 1,
            "eps": 2.1,
            "eps_growth_year": 624.14,
            "eps_4q": 3.11,
            "eps_4q_growth_year": 81.48,
            "roe": 14.12,
            "roe_4q": 21.560000000000002,
            "gross_profit": -2342,
            "gross_margin": -0.14,
            "gross_margin_4q_avg": 11.32,
            "net_income": 748468,
            "net_income_4q": null,
            "revenue": 1698711,
            "revenue_4q": null,
            "common_shares": 3601191,
            "book_valuer_per_share": 15.57,
            "book_valuer_per_share_4q_avg": 14.54,
            "equity": 5558089,
            "current_ratio": 232.24,
            "debt_ratio": 53.54,
            "inventory_turnover_ratio": 35.33,
            "account_receivable_turnover_ratio": 0.43,
            "reinvestment_rate": 1.28,
            "research_to_sale_ratio": null,
            "price_fair": 78.93,
            "eps_avg_yearly": 2.26,
            "eps_latest_yearly": 8.4,
            "eps_growth_yearly": 449.02
        },
        "20122": {
            "year_quarter": 20122,
            "year": 2012,
            "quarter": 2,
            "eps": 0.06,
            "eps_growth_year": -91.93,
            "eps_4q": 2.42,
            "eps_4q_growth_year": 29.52,
            "roe": 0.4,
            "roe_4q": 16.43,
            "gross_profit": 137116,
            "gross_margin": 6.65,
            "gross_margin_4q_avg": 5.8,
            "net_income": 22091,
            "net_income_4q": null,
            "revenue": 2061370,
            "revenue_4q": null,
            "common_shares": 3601191,
            "book_valuer_per_share": 15.27,
            "book_valuer_per_share_4q_avg": 14.75,
            "equity": 5447242,
            "current_ratio": 254.96,
            "debt_ratio": 52.6,
            "inventory_turnover_ratio": 43.82,
            "account_receivable_turnover_ratio": 0.6,
            "reinvestment_rate": -3.67,
            "research_to_sale_ratio": null,
            "price_fair": 72.63,
            "eps_avg_yearly": 2.08,
            "eps_latest_yearly": 0.24,
            "eps_growth_yearly": 327.86
        },
        "20123": {
            "year_quarter": 20123,
            "year": 2012,
            "quarter": 3,
            "eps": 0.12,
            "eps_growth_year": 21.09,
            "eps_4q": 2.44,
            "eps_4q_growth_year": 41.7,
            "roe": 0.85,
            "roe_4q": 16.52,
            "gross_profit": 152386,
            "gross_margin": 7.25,
            "gross_margin_4q_avg": 5.46,
            "net_income": 46142,
            "net_income_4q": null,
            "revenue": 2101111,
            "revenue_4q": null,
            "common_shares": 3601191,
            "book_valuer_per_share": 15.16,
            "book_valuer_per_share_4q_avg": 15.03,
            "equity": 5406769,
            "current_ratio": 276.59,
            "debt_ratio": 51.9,
            "inventory_turnover_ratio": 47.59,
            "account_receivable_turnover_ratio": 0.67,
            "reinvestment_rate": -11.31,
            "research_to_sale_ratio": null,
            "price_fair": 69.48,
            "eps_avg_yearly": 1.99,
            "eps_latest_yearly": 0.48,
            "eps_growth_yearly": 362.48
        },
        "20124": {
            "year_quarter": 20124,
            "year": 2012,
            "quarter": 4,
            "eps": -0.65,
            "eps_growth_year": -512.36,
            "eps_4q": 1.64,
            "eps_4q_growth_year": 27.52,
            "roe": -4.31,
            "roe_4q": 11.059999999999999,
            "gross_profit": -99457,
            "gross_margin": -4.05,
            "gross_margin_4q_avg": 2.43,
            "net_income": -228487,
            "net_income_4q": null,
            "revenue": 2456384,
            "revenue_4q": null,
            "common_shares": 3601191,
            "book_valuer_per_share": 14.59,
            "book_valuer_per_share_4q_avg": 15.15,
            "equity": 5204059,
            "current_ratio": 309.33,
            "debt_ratio": 50.59,
            "inventory_turnover_ratio": 59.34,
            "account_receivable_turnover_ratio": 0.83,
            "reinvestment_rate": -21.35,
            "research_to_sale_ratio": null,
            "price_fair": 69.91,
            "eps_avg_yearly": 2,
            "eps_latest_yearly": 0.48,
            "eps_growth_yearly": 388.31
        },
        "20131": {
            "year_quarter": 20131,
            "year": 2013,
            "quarter": 1,
            "eps": 2.62,
            "eps_growth_year": 24.76,
            "eps_4q": 2.16,
            "eps_4q_growth_year": -30.63,
            "roe": 16.39,
            "roe_4q": 13.330000000000002,
            "gross_profit": 77687,
            "gross_margin": 6.28,
            "gross_margin_4q_avg": 4.03,
            "net_income": 933488,
            "net_income_4q": null,
            "revenue": 1237454,
            "revenue_4q": null,
            "common_shares": 3601191,
            "book_valuer_per_share": 17.36,
            "book_valuer_per_share_4q_avg": 15.6,
            "equity": 6189768,
            "current_ratio": 394.4,
            "debt_ratio": 39.83,
            "inventory_turnover_ratio": 30.29,
            "account_receivable_turnover_ratio": 0.46,
            "reinvestment_rate": -19.94,
            "research_to_sale_ratio": null,
            "price_fair": 71.3,
            "eps_avg_yearly": 2.04,
            "eps_latest_yearly": 0.48,
            "eps_growth_yearly": 421.76
        },
        "20132": {
            "year_quarter": 20132,
            "year": 2013,
            "quarter": 2,
            "eps": 0.18,
            "eps_growth_year": 201.8,
            "eps_4q": 2.28,
            "eps_4q_growth_year": -5.77,
            "roe": 1.1,
            "roe_4q": 14.030000000000003,
            "gross_profit": 184824,
            "gross_margin": 11.15,
            "gross_margin_4q_avg": 5.16,
            "net_income": 66858,
            "net_income_4q": null,
            "revenue": 1657870,
            "revenue_4q": null,
            "common_shares": 3601191,
            "book_valuer_per_share": 16.71,
            "book_valuer_per_share_4q_avg": 15.96,
            "equity": 5961237,
            "current_ratio": 328.83,
            "debt_ratio": 42.57,
            "inventory_turnover_ratio": 29.8,
            "account_receivable_turnover_ratio": 0.64,
            "reinvestment_rate": -17.8,
            "research_to_sale_ratio": null,
            "price_fair": 66.5,
            "eps_avg_yearly": 1.9,
            "eps_latest_yearly": 0.72,
            "eps_growth_yearly": 371.34
        },
        "20133": {
            "year_quarter": 20133,
            "year": 2013,
            "quarter": 3,
            "eps": -0.29,
            "eps_growth_year": -333.81,
            "eps_4q": 1.87,
            "eps_4q_growth_year": -23.61,
            "roe": -1.74,
            "roe_4q": 11.440000000000001,
            "gross_profit": -61525,
            "gross_margin": -4.14,
            "gross_margin_4q_avg": 2.31,
            "net_income": -103350,
            "net_income_4q": null,
            "revenue": 1485446,
            "revenue_4q": null,
            "common_shares": 3601191,
            "book_valuer_per_share": 16.5,
            "book_valuer_per_share_4q_avg": 16.29,
            "equity": 5885788,
            "current_ratio": 332.08,
            "debt_ratio": 41.23,
            "inventory_turnover_ratio": 22.89,
            "account_receivable_turnover_ratio": 0.55,
            "reinvestment_rate": -15.43,
            "research_to_sale_ratio": null,
            "price_fair": 66.23,
            "eps_avg_yearly": 1.89,
            "eps_latest_yearly": 0.72,
            "eps_growth_yearly": 407.36
        },
        "20134": {
            "year_quarter": 20134,
            "year": 2013,
            "quarter": 4,
            "eps": 0.52,
            "eps_growth_year": null,
            "eps_4q": 3.03,
            "eps_4q_growth_year": 85.04,
            "roe": 3.05,
            "roe_4q": 18.8,
            "gross_profit": 273462,
            "gross_margin": 13.11,
            "gross_margin_4q_avg": 6.6,
            "net_income": 184180,
            "net_income_4q": null,
            "revenue": 2085170,
            "revenue_4q": null,
            "common_shares": 3601191,
            "book_valuer_per_share": 17.34,
            "book_valuer_per_share_4q_avg": 16.98,
            "equity": 6187616,
            "current_ratio": 262.99,
            "debt_ratio": 41.09,
            "inventory_turnover_ratio": 21.92,
            "account_receivable_turnover_ratio": 0.67,
            "reinvestment_rate": -24.12,
            "research_to_sale_ratio": null,
            "price_fair": 64.05,
            "eps_avg_yearly": 1.83,
            "eps_latest_yearly": 0.72,
            "eps_growth_yearly": 430.64
        },
        "20141": {
            "year_quarter": 20141,
            "year": 2014,
            "quarter": 1,
            "eps": -0.09,
            "eps_growth_year": -103.44,
            "eps_4q": 0.32,
            "eps_4q_growth_year": -85.28,
            "roe": -0.49,
            "roe_4q": 1.9199999999999997,
            "gross_profit": 64532,
            "gross_margin": 4.88,
            "gross_margin_4q_avg": 6.25,
            "net_income": -30606,
            "net_income_4q": null,
            "revenue": 1322048,
            "revenue_4q": null,
            "common_shares": 3601191,
            "book_valuer_per_share": 17.48,
            "book_valuer_per_share_4q_avg": 17.01,
            "equity": 6238662,
            "current_ratio": 261.44,
            "debt_ratio": 39.96,
            "inventory_turnover_ratio": 14.03,
            "account_receivable_turnover_ratio": 0.39,
            "reinvestment_rate": -26.12,
            "research_to_sale_ratio": null,
            "price_fair": 65.93,
            "eps_avg_yearly": 1.88,
            "eps_latest_yearly": 0.72,
            "eps_growth_yearly": 489.08
        },
        "20142": {
            "year_quarter": 20142,
            "year": 2014,
            "quarter": 2,
            "eps": 0.42,
            "eps_growth_year": 133.33,
            "eps_4q": 0.56,
            "eps_4q_growth_year": -75.59,
            "roe": 2.51,
            "roe_4q": 3.329999999999999,
            "gross_profit": 235636,
            "gross_margin": 11.99,
            "gross_margin_4q_avg": 6.46,
            "net_income": 152177,
            "net_income_4q": null,
            "revenue": 1964575,
            "revenue_4q": null,
            "common_shares": 3601191,
            "book_valuer_per_share": 16.47,
            "book_valuer_per_share_4q_avg": 16.95,
            "equity": 5876001,
            "current_ratio": 238.09,
            "debt_ratio": 42.1,
            "inventory_turnover_ratio": 20.28,
            "account_receivable_turnover_ratio": 0.54,
            "reinvestment_rate": -31.64,
            "research_to_sale_ratio": null,
            "price_fair": 65.52,
            "eps_avg_yearly": 1.87,
            "eps_latest_yearly": 0.72,
            "eps_growth_yearly": 513.47
        },
        "20143": {
            "year_quarter": 20143,
            "year": 2014,
            "quarter": 3,
            "eps": 0.18,
            "eps_growth_year": null,
            "eps_4q": 1.03,
            "eps_4q_growth_year": -44.8,
            "roe": 1.1,
            "roe_4q": 6.17,
            "gross_profit": 228216,
            "gross_margin": 11.98,
            "gross_margin_4q_avg": 10.49,
            "net_income": 65264,
            "net_income_4q": null,
            "revenue": 1905056,
            "revenue_4q": null,
            "common_shares": 3601191,
            "book_valuer_per_share": 16.88,
            "book_valuer_per_share_4q_avg": 17.04,
            "equity": 6022882,
            "current_ratio": 283.6,
            "debt_ratio": 42.64,
            "inventory_turnover_ratio": 19.23,
            "account_receivable_turnover_ratio": 0.48,
            "reinvestment_rate": -32.41,
            "research_to_sale_ratio": null,
            "price_fair": 64.12,
            "eps_avg_yearly": 1.83,
            "eps_latest_yearly": 0.72,
            "eps_growth_yearly": 508.21
        },
        "20144": {
            "year_quarter": 20144,
            "year": 2014,
            "quarter": 4,
            "eps": 0.02,
            "eps_growth_year": -96.39,
            "eps_4q": 0.53,
            "eps_4q_growth_year": -82.41,
            "roe": 0.1,
            "roe_4q": 3.2199999999999998,
            "gross_profit": 251584,
            "gross_margin": 13.89,
            "gross_margin_4q_avg": 10.69,
            "net_income": 6238,
            "net_income_4q": null,
            "revenue": 1810935,
            "revenue_4q": null,
            "common_shares": 3601191,
            "book_valuer_per_share": 17.42,
            "book_valuer_per_share_4q_avg": 17.06,
            "equity": 6188496,
            "current_ratio": 350.81,
            "debt_ratio": 42.19,
            "inventory_turnover_ratio": 18.38,
            "account_receivable_turnover_ratio": 0.44,
            "reinvestment_rate": -39.78,
            "research_to_sale_ratio": null,
            "price_fair": 55.3,
            "eps_avg_yearly": 1.58,
            "eps_latest_yearly": 0.08,
            "eps_growth_yearly": 419.8
        },
        "20151": {
            "year_quarter": 20151,
            "year": 2015,
            "quarter": 1,
            "eps": -0.11,
            "eps_growth_year": null,
            "eps_4q": 0.51,
            "eps_4q_growth_year": 60.67,
            "roe": -0.67,
            "roe_4q": 3.04,
            "gross_profit": 44689,
            "gross_margin": 4.03,
            "gross_margin_4q_avg": 10.47,
            "net_income": -40984,
            "net_income_4q": null,
            "revenue": 1109786,
            "revenue_4q": null,
            "common_shares": 3551191,
            "book_valuer_per_share": 17.16,
            "book_valuer_per_share_4q_avg": 16.98,
            "equity": 6072978,
            "current_ratio": 501.01,
            "debt_ratio": 36.65,
            "inventory_turnover_ratio": 13.77,
            "account_receivable_turnover_ratio": 0.26,
            "reinvestment_rate": -45.08,
            "research_to_sale_ratio": null,
            "price_fair": 56.93,
            "eps_avg_yearly": 1.63,
            "eps_latest_yearly": 0.08,
            "eps_growth_yearly": 491.06
        },
        "20152": {
            "year_quarter": 20152,
            "year": 2015,
            "quarter": 2,
            "eps": 0.1,
            "eps_growth_year": -76.19,
            "eps_4q": 0.19,
            "eps_4q_growth_year": -66.54,
            "roe": 0.57,
            "roe_4q": 1.1,
            "gross_profit": 76490,
            "gross_margin": 6.26,
            "gross_margin_4q_avg": 9.04,
            "net_income": 33420,
            "net_income_4q": null,
            "revenue": 1221585,
            "revenue_4q": null,
            "common_shares": 3551191,
            "book_valuer_per_share": 16.46,
            "book_valuer_per_share_4q_avg": 16.98,
            "equity": 5660279,
            "current_ratio": 456.7,
            "debt_ratio": 38.78,
            "inventory_turnover_ratio": 16.49,
            "account_receivable_turnover_ratio": 0.3,
            "reinvestment_rate": -58.09,
            "research_to_sale_ratio": null,
            "price_fair": 51.1,
            "eps_avg_yearly": 1.46,
            "eps_latest_yearly": 0.08,
            "eps_growth_yearly": 474.85
        },
        "20153": {
            "year_quarter": 20153,
            "year": 2015,
            "quarter": 3,
            "eps": -0.18,
            "eps_growth_year": -200,
            "eps_4q": -0.19,
            "eps_4q_growth_year": -118.07,
            "roe": -1.1,
            "roe_4q": -1.1,
            "gross_profit": 97342,
            "gross_margin": 7.43,
            "gross_margin_4q_avg": 7.9,
            "net_income": -62308,
            "net_income_4q": null,
            "revenue": 1310848,
            "revenue_4q": null,
            "common_shares": 3389001,
            "book_valuer_per_share": 16.74,
            "book_valuer_per_share_4q_avg": 16.95,
            "equity": 5624882,
            "current_ratio": 429.1,
            "debt_ratio": 40.45,
            "inventory_turnover_ratio": 20.1,
            "account_receivable_turnover_ratio": 0.35,
            "reinvestment_rate": -72.86,
            "research_to_sale_ratio": null,
            "price_fair": 56.4,
            "eps_avg_yearly": 1.61,
            "eps_latest_yearly": 0.08,
            "eps_growth_yearly": 592.11
        },
        "20154": {
            "year_quarter": 20154,
            "year": 2015,
            "quarter": 4,
            "eps": -0.31,
            "eps_growth_year": -1781.4,
            "eps_4q": -0.52,
            "eps_4q_growth_year": -197.58,
            "roe": -1.9,
            "roe_4q": -3.1,
            "gross_profit": -140,
            "gross_margin": -0.01,
            "gross_margin_4q_avg": 4.43,
            "net_income": -104359,
            "net_income_4q": null,
            "revenue": 1381160,
            "revenue_4q": null,
            "common_shares": 3389001,
            "book_valuer_per_share": 16.06,
            "book_valuer_per_share_4q_avg": 16.61,
            "equity": 5373068,
            "current_ratio": 381.31,
            "debt_ratio": 42.74,
            "inventory_turnover_ratio": 32.13,
            "account_receivable_turnover_ratio": 0.4,
            "reinvestment_rate": -50.34,
            "research_to_sale_ratio": null,
            "price_fair": 62.07,
            "eps_avg_yearly": 1.77,
            "eps_latest_yearly": 0.08,
            "eps_growth_yearly": 650.8
        },
        "20161": {
            "year_quarter": 20161,
            "year": 2016,
            "quarter": 1,
            "eps": -0.02,
            "eps_growth_year": null,
            "eps_4q": -0.42,
            "eps_4q_growth_year": -182.63,
            "roe": -0.14,
            "roe_4q": -2.5700000000000003,
            "gross_profit": 75490,
            "gross_margin": 6.18,
            "gross_margin_4q_avg": 4.97,
            "net_income": -7595,
            "net_income_4q": null,
            "revenue": 1221705,
            "revenue_4q": null,
            "common_shares": 3379001,
            "book_valuer_per_share": 15.92,
            "book_valuer_per_share_4q_avg": 16.3,
            "equity": 5325605,
            "current_ratio": 369.04,
            "debt_ratio": 42.93,
            "inventory_turnover_ratio": 36.57,
            "account_receivable_turnover_ratio": 0.37,
            "reinvestment_rate": -88.39,
            "research_to_sale_ratio": null,
            "price_fair": 1.34,
            "eps_avg_yearly": 0.45,
            "eps_latest_yearly": 0.08,
            "eps_growth_yearly": -189.04
        },
        "20162": {
            "year_quarter": 20162,
            "year": 2016,
            "quarter": 2,
            "eps": 0.05,
            "eps_growth_year": -50,
            "eps_4q": -0.48,
            "eps_4q_growth_year": -355.93,
            "roe": 0.29,
            "roe_4q": -2.85,
            "gross_profit": 98401,
            "gross_margin": 6.86,
            "gross_margin_4q_avg": 5.12,
            "net_income": 15089,
            "net_income_4q": null,
            "revenue": 1434409,
            "revenue_4q": null,
            "common_shares": 3379001,
            "book_valuer_per_share": 15.25,
            "book_valuer_per_share_4q_avg": 15.99,
            "equity": 5099651,
            "current_ratio": 354.45,
            "debt_ratio": 44.16,
            "inventory_turnover_ratio": 40.71,
            "account_receivable_turnover_ratio": 0.48,
            "reinvestment_rate": -93.71,
            "research_to_sale_ratio": null,
            "price_fair": 1.5,
            "eps_avg_yearly": 0.5,
            "eps_latest_yearly": 0.08,
            "eps_growth_yearly": -139.16
        },
        "20163": {
            "year_quarter": 20163,
            "year": 2016,
            "quarter": 3,
            "eps": 0.06,
            "eps_growth_year": null,
            "eps_4q": -0.24,
            "eps_4q_growth_year": null,
            "roe": 0.36,
            "roe_4q": -1.3900000000000001,
            "gross_profit": 96311,
            "gross_margin": 7.61,
            "gross_margin_4q_avg": 5.16,
            "net_income": 18244,
            "net_income_4q": null,
            "revenue": 1264939,
            "revenue_4q": null,
            "common_shares": 3379001,
            "book_valuer_per_share": 14.95,
            "book_valuer_per_share_4q_avg": 15.55,
            "equity": 5001012,
            "current_ratio": 351.08,
            "debt_ratio": 44.13,
            "inventory_turnover_ratio": 35.79,
            "account_receivable_turnover_ratio": 0.47,
            "reinvestment_rate": -95.66,
            "research_to_sale_ratio": null,
            "price_fair": 1.32,
            "eps_avg_yearly": 0.44,
            "eps_latest_yearly": 0.24,
            "eps_growth_yearly": -219.16
        },
        "20164": {
            "year_quarter": 20164,
            "year": 2016,
            "quarter": 4,
            "eps": 0.05,
            "eps_growth_year": null,
            "eps_4q": 0.13,
            "eps_4q_growth_year": null,
            "roe": 0.32,
            "roe_4q": 0.83,
            "gross_profit": 153728,
            "gross_margin": 12.33,
            "gross_margin_4q_avg": 8.25,
            "net_income": 15879,
            "net_income_4q": null,
            "revenue": 1247108,
            "revenue_4q": null,
            "common_shares": 3379001,
            "book_valuer_per_share": 15,
            "book_valuer_per_share_4q_avg": 15.28,
            "equity": 5016508,
            "current_ratio": 315.75,
            "debt_ratio": 43.86,
            "inventory_turnover_ratio": 42.51,
            "account_receivable_turnover_ratio": 0.5,
            "reinvestment_rate": -67.77,
            "research_to_sale_ratio": null,
            "price_fair": 1.18,
            "eps_avg_yearly": 0.39,
            "eps_latest_yearly": 0.2,
            "eps_growth_yearly": -188.66
        },
        "20171": {
            "year_quarter": 20171,
            "year": 2017,
            "quarter": 1,
            "eps": 0.03,
            "eps_growth_year": null,
            "eps_4q": 0.18,
            "eps_4q_growth_year": null,
            "roe": 0.19,
            "roe_4q": 1.16,
            "gross_profit": 80673,
            "gross_margin": 7.66,
            "gross_margin_4q_avg": 8.62,
            "net_income": 9243,
            "net_income_4q": null,
            "revenue": 1053327,
            "revenue_4q": null,
            "common_shares": 3379001,
            "book_valuer_per_share": 14.41,
            "book_valuer_per_share_4q_avg": 14.9,
            "equity": 4819612,
            "current_ratio": 279.62,
            "debt_ratio": 44.82,
            "inventory_turnover_ratio": 52.15,
            "account_receivable_turnover_ratio": 0.46,
            "reinvestment_rate": -376.16,
            "research_to_sale_ratio": null,
            "price_fair": 1.04,
            "eps_avg_yearly": 0.35,
            "eps_latest_yearly": 0.12,
            "eps_growth_yearly": -183.89
        },
        "20172": {
            "year_quarter": 20172,
            "year": 2017,
            "quarter": 2,
            "eps": 0.08,
            "eps_growth_year": 60,
            "eps_4q": 0.22,
            "eps_4q_growth_year": null,
            "roe": 0.6,
            "roe_4q": 1.4700000000000002,
            "gross_profit": 104009,
            "gross_margin": 8.15,
            "gross_margin_4q_avg": 8.94,
            "net_income": 28424,
            "net_income_4q": null,
            "revenue": 1276702,
            "revenue_4q": null,
            "common_shares": 3379001,
            "book_valuer_per_share": 14.11,
            "book_valuer_per_share_4q_avg": 14.62,
            "equity": 4718342,
            "current_ratio": 249.76,
            "debt_ratio": 46.56,
            "inventory_turnover_ratio": 80.03,
            "account_receivable_turnover_ratio": 0.62,
            "reinvestment_rate": -453.97,
            "research_to_sale_ratio": null,
            "price_fair": 0.84,
            "eps_avg_yearly": 0.28,
            "eps_latest_yearly": 0.32,
            "eps_growth_yearly": -10.69
        },
        "20173": {
            "year_quarter": 20173,
            "year": 2017,
            "quarter": 3,
            "eps": 0.15,
            "eps_growth_year": 150,
            "eps_4q": 0.3,
            "eps_4q_growth_year": null,
            "roe": 1.03,
            "roe_4q": 2.1399999999999997,
            "gross_profit": 122719,
            "gross_margin": 8.47,
            "gross_margin_4q_avg": 9.15,
            "net_income": 49106,
            "net_income_4q": null,
            "revenue": 1449217,
            "revenue_4q": null,
            "common_shares": 3379001,
            "book_valuer_per_share": 14.42,
            "book_valuer_per_share_4q_avg": 14.49,
            "equity": 4823552,
            "current_ratio": 281.83,
            "debt_ratio": 45.51,
            "inventory_turnover_ratio": 5.38,
            "account_receivable_turnover_ratio": 0.72,
            "reinvestment_rate": -237.99,
            "research_to_sale_ratio": null,
            "price_fair": 11.4,
            "eps_avg_yearly": 0.33,
            "eps_latest_yearly": 0.6,
            "eps_growth_yearly": 40.84
        },
        "20174": {
            "year_quarter": 20174,
            "year": 2017,
            "quarter": 4,
            "eps": 0.25,
            "eps_growth_year": 432.61,
            "eps_4q": 0.51,
            "eps_4q_growth_year": 302.53,
            "roe": 1.76,
            "roe_4q": 3.58,
            "gross_profit": 238227,
            "gross_margin": 12.19,
            "gross_margin_4q_avg": 9.12,
            "net_income": 85400,
            "net_income_4q": null,
            "revenue": 1954662,
            "revenue_4q": null,
            "common_shares": 3379001,
            "book_valuer_per_share": 14.49,
            "book_valuer_per_share_4q_avg": 14.36,
            "equity": 4905572,
            "current_ratio": 225.45,
            "debt_ratio": 50.69,
            "inventory_turnover_ratio": 3.59,
            "account_receivable_turnover_ratio": 0.83,
            "reinvestment_rate": -368.83,
            "research_to_sale_ratio": null,
            "price_fair": 14.35,
            "eps_avg_yearly": 0.41,
            "eps_latest_yearly": 1,
            "eps_growth_yearly": 69.07
        },
        "20181": {
            "year_quarter": 20181,
            "year": 2018,
            "quarter": 1,
            "eps": 0.12,
            "eps_growth_year": 300,
            "eps_4q": 0.61,
            "eps_4q_growth_year": 241.94,
            "roe": 0.84,
            "roe_4q": 4.2299999999999995,
            "gross_profit": 182142,
            "gross_margin": 12.31,
            "gross_margin_4q_avg": 10.28,
            "net_income": 41447,
            "net_income_4q": null,
            "revenue": 1479923,
            "revenue_4q": null,
            "common_shares": 3379001,
            "book_valuer_per_share": 14.72,
            "book_valuer_per_share_4q_avg": 14.44,
            "equity": 4930097,
            "current_ratio": 229.83,
            "debt_ratio": 49.71,
            "inventory_turnover_ratio": 2.7,
            "account_receivable_turnover_ratio": 0.54,
            "reinvestment_rate": -426.19,
            "research_to_sale_ratio": null,
            "price_fair": 14.62,
            "eps_avg_yearly": 0.42,
            "eps_latest_yearly": 0.48,
            "eps_growth_yearly": 38.28
        },
        "20182": {
            "year_quarter": 20182,
            "year": 2018,
            "quarter": 2,
            "eps": 0.24,
            "eps_growth_year": 200,
            "eps_4q": 0.76,
            "eps_4q_growth_year": 255.37,
            "roe": 1.64,
            "roe_4q": 5.2700000000000005,
            "gross_profit": 223536,
            "gross_margin": 11.97,
            "gross_margin_4q_avg": 11.24,
            "net_income": 81007,
            "net_income_4q": null,
            "revenue": 1866759,
            "revenue_4q": null,
            "common_shares": 3379001,
            "book_valuer_per_share": 14.73,
            "book_valuer_per_share_4q_avg": 14.59,
            "equity": 4933920,
            "current_ratio": 230.92,
            "debt_ratio": 48.6,
            "inventory_turnover_ratio": 3.41,
            "account_receivable_turnover_ratio": 0.64,
            "reinvestment_rate": -503.4,
            "research_to_sale_ratio": null,
            "price_fair": 16.52,
            "eps_avg_yearly": 0.47,
            "eps_latest_yearly": 0.96,
            "eps_growth_yearly": 74.45
        },
        "20183": {
            "year_quarter": 20183,
            "year": 2018,
            "quarter": 3,
            "eps": 0.13,
            "eps_growth_year": -13.33,
            "eps_4q": 0.74,
            "eps_4q_growth_year": 144.38,
            "roe": 0.86,
            "roe_4q": 5.1,
            "gross_profit": 160636,
            "gross_margin": 9.71,
            "gross_margin_4q_avg": 11.55,
            "net_income": 42200,
            "net_income_4q": null,
            "revenue": 1654220,
            "revenue_4q": null,
            "common_shares": 3379001,
            "book_valuer_per_share": 14.69,
            "book_valuer_per_share_4q_avg": 14.66,
            "equity": 4921330,
            "current_ratio": 225.8,
            "debt_ratio": 48.5,
            "inventory_turnover_ratio": 3.1,
            "account_receivable_turnover_ratio": 0.59,
            "reinvestment_rate": -565.79,
            "research_to_sale_ratio": null,
            "price_fair": 15.82,
            "eps_avg_yearly": 0.45,
            "eps_latest_yearly": 0.52,
            "eps_growth_yearly": 78.98
        },
        "20184": {
            "year_quarter": 20184,
            "year": 2018,
            "quarter": 4,
            "eps": 0.13,
            "eps_growth_year": -50.22,
            "eps_4q": 0.62,
            "eps_4q_growth_year": 21.43,
            "roe": 0.87,
            "roe_4q": 4.21,
            "gross_profit": 175445,
            "gross_margin": 9.62,
            "gross_margin_4q_avg": 10.9,
            "net_income": 43054,
            "net_income_4q": null,
            "revenue": 1823226,
            "revenue_4q": null,
            "common_shares": 3343001,
            "book_valuer_per_share": 14.81,
            "book_valuer_per_share_4q_avg": 14.74,
            "equity": 4961265,
            "current_ratio": 270.71,
            "debt_ratio": 47.3,
            "inventory_turnover_ratio": 3.39,
            "account_receivable_turnover_ratio": 0.67,
            "reinvestment_rate": -402.63,
            "research_to_sale_ratio": null,
            "price_fair": 17.36,
            "eps_avg_yearly": 0.5,
            "eps_latest_yearly": 0.52,
            "eps_growth_yearly": 114.53
        },
        "20191": {
            "year_quarter": 20191,
            "year": 2019,
            "quarter": 1,
            "eps": 0.17,
            "eps_growth_year": 41.67,
            "eps_4q": 0.66,
            "eps_4q_growth_year": 9.05,
            "roe": 1.13,
            "roe_4q": 4.5,
            "gross_profit": 117660,
            "gross_margin": 8.06,
            "gross_margin_4q_avg": 9.84,
            "net_income": 56808,
            "net_income_4q": null,
            "revenue": 1459727,
            "revenue_4q": null,
            "common_shares": 3343001,
            "book_valuer_per_share": 15.32,
            "book_valuer_per_share_4q_avg": 14.89,
            "equity": 5130354,
            "current_ratio": 326.63,
            "debt_ratio": 43.25,
            "inventory_turnover_ratio": 2.75,
            "account_receivable_turnover_ratio": 0.56,
            "reinvestment_rate": -281.58,
            "research_to_sale_ratio": null,
            "price_fair": 17.95,
            "eps_avg_yearly": 0.51,
            "eps_latest_yearly": 0.68,
            "eps_growth_yearly": 115.31
        },
        "20192": {
            "year_quarter": 20192,
            "year": 2019,
            "quarter": 2,
            "eps": 0.16,
            "eps_growth_year": -33.33,
            "eps_4q": 0.58,
            "eps_4q_growth_year": -24.49,
            "roe": 1.04,
            "roe_4q": 3.9,
            "gross_profit": 167006,
            "gross_margin": 9.52,
            "gross_margin_4q_avg": 9.23,
            "net_income": 52626,
            "net_income_4q": null,
            "revenue": 1754161,
            "revenue_4q": null,
            "common_shares": 3343001,
            "book_valuer_per_share": 15.04,
            "book_valuer_per_share_4q_avg": 14.97,
            "equity": 5034078,
            "current_ratio": 317.63,
            "debt_ratio": 45.66,
            "inventory_turnover_ratio": 3.24,
            "account_receivable_turnover_ratio": 0.72,
            "reinvestment_rate": -278.59,
            "research_to_sale_ratio": null,
            "price_fair": 18.32,
            "eps_avg_yearly": 0.52,
            "eps_latest_yearly": 0.64,
            "eps_growth_yearly": 103.74
        },
        "20193": {
            "year_quarter": 20193,
            "year": 2019,
            "quarter": 3,
            "eps": 0.14,
            "eps_growth_year": 7.69,
            "eps_4q": 0.73,
            "eps_4q_growth_year": -1.31,
            "roe": 0.95,
            "roe_4q": 3.99,
            "gross_profit": 122768,
            "gross_margin": 8.71,
            "gross_margin_4q_avg": 8.98,
            "net_income": 44492,
            "net_income_4q": null,
            "revenue": 1409459,
            "revenue_4q": null,
            "common_shares": 2674401,
            "book_valuer_per_share": 16.23,
            "book_valuer_per_share_4q_avg": 15.35,
            "equity": 4347966,
            "current_ratio": 250.6,
            "debt_ratio": 52.49,
            "inventory_turnover_ratio": 2.62,
            "account_receivable_turnover_ratio": 0.6,
            "reinvestment_rate": -166.48,
            "research_to_sale_ratio": null,
            "price_fair": 18.42,
            "eps_avg_yearly": 0.53,
            "eps_latest_yearly": 0.56,
            "eps_growth_yearly": 91.91
        },
        "20194": {
            "year_quarter": 20194,
            "year": 2019,
            "quarter": 4,
            "eps": 0.09,
            "eps_growth_year": -25.28,
            "eps_4q": 0.67,
            "eps_4q_growth_year": 9.18,
            "roe": 0.59,
            "roe_4q": 3.71,
            "gross_profit": 142771,
            "gross_margin": 8.36,
            "gross_margin_4q_avg": 8.66,
            "net_income": 25638,
            "net_income_4q": null,
            "revenue": 1708410,
            "revenue_4q": null,
            "common_shares": 2674401,
            "book_valuer_per_share": 16.26,
            "book_valuer_per_share_4q_avg": 15.71,
            "equity": 4355752,
            "current_ratio": 293.47,
            "debt_ratio": 49.02,
            "inventory_turnover_ratio": 3.19,
            "account_receivable_turnover_ratio": 0.73,
            "reinvestment_rate": -122.01,
            "research_to_sale_ratio": null,
            "price_fair": 18,
            "eps_avg_yearly": 0.51,
            "eps_latest_yearly": 0.36,
            "eps_growth_yearly": 75.14
        },
        "20201": {
            "year_quarter": 20201,
            "year": 2020,
            "quarter": 1,
            "eps": 0.45,
            "eps_growth_year": 164.71,
            "eps_4q": 0.91,
            "eps_4q_growth_year": 37.31,
            "roe": 2.75,
            "roe_4q": 5.33,
            "gross_profit": 124599,
            "gross_margin": 8.22,
            "gross_margin_4q_avg": 8.7,
            "net_income": 120747,
            "net_income_4q": null,
            "revenue": 1516380,
            "revenue_4q": null,
            "common_shares": 2674401,
            "book_valuer_per_share": 16.49,
            "book_valuer_per_share_4q_avg": 16.01,
            "equity": 4410509,
            "current_ratio": 339.39,
            "debt_ratio": 44.8,
            "inventory_turnover_ratio": 2.87,
            "account_receivable_turnover_ratio": 0.75,
            "reinvestment_rate": -107.36,
            "research_to_sale_ratio": null,
            "price_fair": 21,
            "eps_avg_yearly": 0.6,
            "eps_latest_yearly": 1.8,
            "eps_growth_yearly": 176.8
        },
        "20202": {
            "year_quarter": 20202,
            "year": 2020,
            "quarter": 2,
            "eps": 0.25,
            "eps_growth_year": 56.25,
            "eps_4q": 0.99,
            "eps_4q_growth_year": 71.66,
            "roe": 1.5,
            "roe_4q": 5.79,
            "gross_profit": 149599,
            "gross_margin": 7.08,
            "gross_margin_4q_avg": 8.09,
            "net_income": 64598,
            "net_income_4q": null,
            "revenue": 2113895,
            "revenue_4q": null,
            "common_shares": 2674401,
            "book_valuer_per_share": 16.36,
            "book_valuer_per_share_4q_avg": 16.34,
            "equity": 4212271,
            "current_ratio": 276.92,
            "debt_ratio": 49.78,
            "inventory_turnover_ratio": 4.12,
            "account_receivable_turnover_ratio": 1.13,
            "reinvestment_rate": -96,
            "research_to_sale_ratio": null,
            "price_fair": 21.88,
            "eps_avg_yearly": 0.63,
            "eps_latest_yearly": 1,
            "eps_growth_yearly": 154.64
        },
        "20203": {
            "year_quarter": 20203,
            "year": 2020,
            "quarter": 3,
            "eps": 0.37,
            "eps_growth_year": 164.29,
            "eps_4q": 1.19,
            "eps_4q_growth_year": 61.44,
            "roe": 2.25,
            "roe_4q": 7.09,
            "gross_profit": 135353,
            "gross_margin": 7.57,
            "gross_margin_4q_avg": 7.81,
            "net_income": 95802,
            "net_income_4q": null,
            "revenue": 1787677,
            "revenue_4q": null,
            "common_shares": 2574401,
            "book_valuer_per_share": 16.71,
            "book_valuer_per_share_4q_avg": 16.46,
            "equity": 4302435,
            "current_ratio": 242.14,
            "debt_ratio": 51.65,
            "inventory_turnover_ratio": 3.5,
            "account_receivable_turnover_ratio": 1.17,
            "reinvestment_rate": -90.44,
            "research_to_sale_ratio": null,
            "price_fair": 24.59,
            "eps_avg_yearly": 0.7,
            "eps_latest_yearly": 1.48,
            "eps_growth_yearly": 161.64
        },
        "20204": {
            "year_quarter": 20204,
            "year": 2020,
            "quarter": 4,
            "eps": 0.36,
            "eps_growth_year": 287.86,
            "eps_4q": 1.45,
            "eps_4q_growth_year": 116.23,
            "roe": 2.14,
            "roe_4q": 8.64,
            "gross_profit": 139364,
            "gross_margin": 8.06,
            "gross_margin_4q_avg": 7.73,
            "net_income": 93597,
            "net_income_4q": null,
            "revenue": 1728285,
            "revenue_4q": null,
            "common_shares": 2574401,
            "book_valuer_per_share": 17.2,
            "book_valuer_per_share_4q_avg": 16.69,
            "equity": 4428651,
            "current_ratio": 232.07,
            "debt_ratio": 51.46,
            "inventory_turnover_ratio": 3.41,
            "account_receivable_turnover_ratio": 2.11,
            "reinvestment_rate": -77.05,
            "research_to_sale_ratio": null,
            "price_fair": 27.3,
            "eps_avg_yearly": 0.78,
            "eps_latest_yearly": 1.44,
            "eps_growth_yearly": 165.13
        },
        "20211": {
            "year_quarter": 20211,
            "year": 2021,
            "quarter": 1,
            "eps": 0.54,
            "eps_growth_year": 20,
            "eps_4q": 1.52,
            "eps_4q_growth_year": 67.84,
            "roe": 3.04,
            "roe_4q": 8.93,
            "gross_profit": 122220,
            "gross_margin": 10.25,
            "gross_margin_4q_avg": 8.24,
            "net_income": 138408,
            "net_income_4q": null,
            "revenue": 1192248,
            "revenue_4q": null,
            "common_shares": 2574401,
            "book_valuer_per_share": 18.14,
            "book_valuer_per_share_4q_avg": 17.1,
            "equity": 4668918,
            "current_ratio": 315.76,
            "debt_ratio": 42.24,
            "inventory_turnover_ratio": 2.3,
            "account_receivable_turnover_ratio": 2.21,
            "reinvestment_rate": -60.29,
            "research_to_sale_ratio": null,
            "price_fair": 31.76,
            "eps_avg_yearly": 0.91,
            "eps_latest_yearly": 2.16,
            "eps_growth_yearly": 187.63
        },
        "20212": {
            "year_quarter": 20212,
            "year": 2021,
            "quarter": 2,
            "eps": 0.39,
            "eps_growth_year": 56,
            "eps_4q": 1.67,
            "eps_4q_growth_year": 68.06,
            "roe": 2.14,
            "roe_4q": 9.57,
            "gross_profit": 174979,
            "gross_margin": 12.19,
            "gross_margin_4q_avg": 9.52,
            "net_income": 100841,
            "net_income_4q": null,
            "revenue": 1435637,
            "revenue_4q": null,
            "common_shares": 2574401,
            "book_valuer_per_share": 18.5,
            "book_valuer_per_share_4q_avg": 17.64,
            "equity": 4761406,
            "current_ratio": 294.27,
            "debt_ratio": 42.18,
            "inventory_turnover_ratio": 2.71,
            "account_receivable_turnover_ratio": 2.31,
            "reinvestment_rate": -54.52,
            "research_to_sale_ratio": null,
            "price_fair": 34.48,
            "eps_avg_yearly": 0.99,
            "eps_latest_yearly": 1.56,
            "eps_growth_yearly": 139.02
        },
        "20213": {
            "year_quarter": 20213,
            "year": 2021,
            "quarter": 3,
            "eps": 0.51,
            "eps_growth_year": 37.84,
            "eps_4q": 1.81,
            "eps_4q_growth_year": 52.28,
            "roe": 2.8,
            "roe_4q": 10.12,
            "gross_profit": 217813,
            "gross_margin": 16.81,
            "gross_margin_4q_avg": 11.83,
            "net_income": 132188,
            "net_income_4q": null,
            "revenue": 1295859,
            "revenue_4q": null,
            "common_shares": 2574401,
            "book_valuer_per_share": 18.19,
            "book_valuer_per_share_4q_avg": 18.01,
            "equity": 4683574,
            "current_ratio": 255.21,
            "debt_ratio": 42.27,
            "inventory_turnover_ratio": 2.31,
            "account_receivable_turnover_ratio": 1.83,
            "reinvestment_rate": -52.34,
            "research_to_sale_ratio": null,
            "price_fair": 37.63,
            "eps_avg_yearly": 1.08,
            "eps_latest_yearly": 2.04,
            "eps_growth_yearly": 124.84
        },
        "20214": {
            "year_quarter": 20214,
            "year": 2021,
            "quarter": 4,
            "eps": 0.13,
            "eps_growth_year": -63.98,
            "eps_4q": 1.57,
            "eps_4q_growth_year": 8.36,
            "roe": 0.72,
            "roe_4q": 8.7,
            "gross_profit": 109362,
            "gross_margin": 7.8,
            "gross_margin_4q_avg": 11.76,
            "net_income": 33713,
            "net_income_4q": null,
            "revenue": 1402687,
            "revenue_4q": null,
            "common_shares": 2574401,
            "book_valuer_per_share": 18.27,
            "book_valuer_per_share_4q_avg": 18.28,
            "equity": 4702578,
            "current_ratio": 244.46,
            "debt_ratio": 43.65,
            "inventory_turnover_ratio": 2.78,
            "account_receivable_turnover_ratio": 2.93,
            "reinvestment_rate": -52.65,
            "research_to_sale_ratio": null,
            "price_fair": 36.58,
            "eps_avg_yearly": 1.05,
            "eps_latest_yearly": 0.52,
            "eps_growth_yearly": 89.54
        },
        "20221": {
            "year_quarter": 20221,
            "year": 2022,
            "quarter": 1,
            "eps": 0.18,
            "eps_growth_year": -66.67,
            "eps_4q": 1.22,
            "eps_4q_growth_year": -20.22,
            "roe": 0.97,
            "roe_4q": 6.630000000000001,
            "gross_profit": 159926,
            "gross_margin": 14.85,
            "gross_margin_4q_avg": 12.91,
            "net_income": 46327,
            "net_income_4q": null,
            "revenue": 1077186,
            "revenue_4q": null,
            "common_shares": 2574401,
            "book_valuer_per_share": 18.86,
            "book_valuer_per_share_4q_avg": 18.46,
            "equity": 4855335,
            "current_ratio": 276.33,
            "debt_ratio": 39.87,
            "inventory_turnover_ratio": 1.97,
            "account_receivable_turnover_ratio": 4.06,
            "reinvestment_rate": -14.28,
            "research_to_sale_ratio": null,
            "price_fair": 37.1,
            "eps_avg_yearly": 1.06,
            "eps_latest_yearly": 0.72,
            "eps_growth_yearly": 112.16
        },
        "20222": {
            "year_quarter": 20222,
            "year": 2022,
            "quarter": 2,
            "eps": 0.07,
            "eps_growth_year": -82.05,
            "eps_4q": 0.92,
            "eps_4q_growth_year": -44.96,
            "roe": 0.41,
            "roe_4q": 4.8999999999999995,
            "gross_profit": 146234,
            "gross_margin": 10.53,
            "gross_margin_4q_avg": 12.5,
            "net_income": 19199,
            "net_income_4q": null,
            "revenue": 1389010,
            "revenue_4q": null,
            "common_shares": 2574401,
            "book_valuer_per_share": 18.02,
            "book_valuer_per_share_4q_avg": 18.34,
            "equity": 4550029,
            "current_ratio": 238.89,
            "debt_ratio": 44.62,
            "inventory_turnover_ratio": 2.67,
            "account_receivable_turnover_ratio": 2.54,
            "reinvestment_rate": -6.55,
            "research_to_sale_ratio": null,
            "price_fair": 35.61,
            "eps_avg_yearly": 1.02,
            "eps_latest_yearly": 0.28,
            "eps_growth_yearly": 71.88
        },
        "20223": {
            "year_quarter": 20223,
            "year": 2022,
            "quarter": 3,
            "eps": 0.22,
            "eps_growth_year": -56.86,
            "eps_4q": 0.61,
            "eps_4q_growth_year": -66.02,
            "roe": 1.19,
            "roe_4q": 3.29,
            "gross_profit": 123737,
            "gross_margin": 10.31,
            "gross_margin_4q_avg": 10.87,
            "net_income": 55437,
            "net_income_4q": null,
            "revenue": 1200339,
            "revenue_4q": null,
            "common_shares": 2520001,
            "book_valuer_per_share": 18.84,
            "book_valuer_per_share_4q_avg": 18.5,
            "equity": 4747826,
            "current_ratio": 295.49,
            "debt_ratio": 38.06,
            "inventory_turnover_ratio": 2.31,
            "account_receivable_turnover_ratio": 2.57,
            "reinvestment_rate": 3.3,
            "research_to_sale_ratio": null,
            "price_fair": 36.4,
            "eps_avg_yearly": 1.04,
            "eps_latest_yearly": 0.88,
            "eps_growth_yearly": 136.91
        },
        "20224": {
            "year_quarter": 20224,
            "year": 2022,
            "quarter": 4,
            "eps": 0.25,
            "eps_growth_year": 91.37,
            "eps_4q": 0.73,
            "eps_4q_growth_year": -53.58,
            "roe": 1.33,
            "roe_4q": 3.9000000000000004,
            "gross_profit": 118638,
            "gross_margin": 8.48,
            "gross_margin_4q_avg": 11.04,
            "net_income": 63152,
            "net_income_4q": null,
            "revenue": 1399166,
            "revenue_4q": null,
            "common_shares": 2520001,
            "book_valuer_per_share": 18.81,
            "book_valuer_per_share_4q_avg": 18.63,
            "equity": 4740848,
            "current_ratio": 285.22,
            "debt_ratio": 39.12,
            "inventory_turnover_ratio": 2.74,
            "account_receivable_turnover_ratio": 13.4,
            "reinvestment_rate": 4.77,
            "research_to_sale_ratio": null,
            "price_fair": 37.45,
            "eps_avg_yearly": 1.07,
            "eps_latest_yearly": 1,
            "eps_growth_yearly": 140.32
        },
        "20231": {
            "year_quarter": 20231,
            "year": 2023,
            "quarter": 1,
            "eps": 0.31,
            "eps_growth_year": 72.22,
            "eps_4q": 0.86,
            "eps_4q_growth_year": -29.16,
            "roe": 1.66,
            "roe_4q": 4.59,
            "gross_profit": 104479,
            "gross_margin": 10.12,
            "gross_margin_4q_avg": 9.86,
            "net_income": 79305,
            "net_income_4q": null,
            "revenue": 1032233,
            "revenue_4q": null,
            "common_shares": 2520001,
            "book_valuer_per_share": 19.16,
            "book_valuer_per_share_4q_avg": 18.71,
            "equity": 4827817,
            "current_ratio": 315.99,
            "debt_ratio": 36.13,
            "inventory_turnover_ratio": 1.98,
            "account_receivable_turnover_ratio": 7.11,
            "reinvestment_rate": 8.95,
            "research_to_sale_ratio": null,
            "price_fair": 38.68,
            "eps_avg_yearly": 1.11,
            "eps_latest_yearly": 1.24,
            "eps_growth_yearly": 138.63
        },
        "20232": {
            "year_quarter": 20232,
            "year": 2023,
            "quarter": 2,
            "eps": 0.38,
            "eps_growth_year": 442.86,
            "eps_4q": 1.17,
            "eps_4q_growth_year": 27.41,
            "roe": 2.01,
            "roe_4q": 6.1899999999999995,
            "gross_profit": 99688,
            "gross_margin": 10.18,
            "gross_margin_4q_avg": 9.77,
            "net_income": 96328,
            "net_income_4q": null,
            "revenue": 978798,
            "revenue_4q": null,
            "common_shares": 2520001,
            "book_valuer_per_share": 18.92,
            "book_valuer_per_share_4q_avg": 18.93,
            "equity": 4766961,
            "current_ratio": 277.94,
            "debt_ratio": 38.29,
            "inventory_turnover_ratio": 3.73,
            "account_receivable_turnover_ratio": 5.33,
            "reinvestment_rate": 4.8,
            "research_to_sale_ratio": null,
            "price_fair": 40.6,
            "eps_avg_yearly": 1.16,
            "eps_latest_yearly": 1.52,
            "eps_growth_yearly": 145.74
        },
        "20233": {
            "year_quarter": 20233,
            "year": 2023,
            "quarter": 3,
            "eps": 0.31,
            "eps_growth_year": 40.91,
            "eps_4q": 1.26,
            "eps_4q_growth_year": 105.45,
            "roe": 1.63,
            "roe_4q": 6.63,
            "gross_profit": 84040,
            "gross_margin": 9.39,
            "gross_margin_4q_avg": 9.54,
            "net_income": 78994,
            "net_income_4q": null,
            "revenue": 895056,
            "revenue_4q": null,
            "common_shares": 2520001,
            "book_valuer_per_share": 19.44,
            "book_valuer_per_share_4q_avg": 19.08,
            "equity": 4897763,
            "current_ratio": 274.91,
            "debt_ratio": 38.53,
            "inventory_turnover_ratio": 324.15,
            "account_receivable_turnover_ratio": 4.61,
            "reinvestment_rate": 13.98,
            "research_to_sale_ratio": null,
            "price_fair": 42.09,
            "eps_avg_yearly": 1.2,
            "eps_latest_yearly": 1.24,
            "eps_growth_yearly": 144.26
        }
    },
    "months": {
        "2001-06": {
            "month": "2001-06",
            "price": "5.57",
            "revenue": 254365
        },
        "2001-07": {
            "month": "2001-07",
            "price": "5.53",
            "revenue": 306426
        },
        "2001-08": {
            "month": "2001-08",
            "price": "5.72",
            "revenue": 107021
        },
        "2001-09": {
            "month": "2001-09",
            "price": "5.86",
            "revenue": 306797
        },
        "2001-10": {
            "month": "2001-10",
            "price": "5.51",
            "revenue": 230384
        },
        "2001-11": {
            "month": "2001-11",
            "price": "5.62",
            "revenue": 140096
        },
        "2001-12": {
            "month": "2001-12",
            "price": "7.62",
            "revenue": 85067
        },
        "2002-01": {
            "month": "2002-01",
            "price": "11.92",
            "revenue": 145184
        },
        "2002-02": {
            "month": "2002-02",
            "price": "11.97",
            "revenue": 86436
        },
        "2002-03": {
            "month": "2002-03",
            "price": "11.77",
            "revenue": 74712
        },
        "2002-04": {
            "month": "2002-04",
            "price": "13.97",
            "revenue": 65089
        },
        "2002-05": {
            "month": "2002-05",
            "price": "13.56",
            "revenue": 79615
        },
        "2002-06": {
            "month": "2002-06",
            "price": "17.12",
            "revenue": 112043
        },
        "2002-07": {
            "month": "2002-07",
            "price": "20.33",
            "revenue": 108154
        },
        "2002-08": {
            "month": "2002-08",
            "price": "21.02",
            "revenue": 155874
        },
        "2002-09": {
            "month": "2002-09",
            "price": "19.35",
            "revenue": 240692
        },
        "2002-10": {
            "month": "2002-10",
            "price": "16.72",
            "revenue": 182161
        },
        "2002-11": {
            "month": "2002-11",
            "price": "21.71",
            "revenue": 171045
        },
        "2002-12": {
            "month": "2002-12",
            "price": "26.23",
            "revenue": 183308
        },
        "2003-01": {
            "month": "2003-01",
            "price": "27.12",
            "revenue": 172769
        },
        "2003-02": {
            "month": "2003-02",
            "price": "25.92",
            "revenue": 118343
        },
        "2003-03": {
            "month": "2003-03",
            "price": "23.89",
            "revenue": 204102
        },
        "2003-04": {
            "month": "2003-04",
            "price": "22.18",
            "revenue": 167232
        },
        "2003-05": {
            "month": "2003-05",
            "price": "18.71",
            "revenue": 176132
        },
        "2003-06": {
            "month": "2003-06",
            "price": "21.13",
            "revenue": 197814
        },
        "2003-07": {
            "month": "2003-07",
            "price": "22.88",
            "revenue": 183908
        },
        "2003-08": {
            "month": "2003-08",
            "price": "22.32",
            "revenue": 210508
        },
        "2003-09": {
            "month": "2003-09",
            "price": "18.96",
            "revenue": 169089
        },
        "2003-10": {
            "month": "2003-10",
            "price": "19.74",
            "revenue": 138302
        },
        "2003-11": {
            "month": "2003-11",
            "price": "20.86",
            "revenue": 233831
        },
        "2003-12": {
            "month": "2003-12",
            "price": "20.35",
            "revenue": 271978
        },
        "2004-01": {
            "month": "2004-01",
            "price": "22.99",
            "revenue": 209668
        },
        "2004-02": {
            "month": "2004-02",
            "price": "25.86",
            "revenue": 186314
        },
        "2004-03": {
            "month": "2004-03",
            "price": "25.43",
            "revenue": 167303
        },
        "2004-04": {
            "month": "2004-04",
            "price": "23.03",
            "revenue": 171144
        },
        "2004-05": {
            "month": "2004-05",
            "price": "17.57",
            "revenue": 132374
        },
        "2004-06": {
            "month": "2004-06",
            "price": "17.41",
            "revenue": 174093
        },
        "2004-07": {
            "month": "2004-07",
            "price": "16.61",
            "revenue": 147776
        },
        "2004-08": {
            "month": "2004-08",
            "price": "14.87",
            "revenue": 122958
        },
        "2004-09": {
            "month": "2004-09",
            "price": "15.53",
            "revenue": 159225
        },
        "2004-10": {
            "month": "2004-10",
            "price": "14.68",
            "revenue": 145229
        },
        "2004-11": {
            "month": "2004-11",
            "price": "13.91",
            "revenue": 184623
        },
        "2004-12": {
            "month": "2004-12",
            "price": "15.47",
            "revenue": 262872
        },
        "2005-01": {
            "month": "2005-01",
            "price": "16.70",
            "revenue": 136664
        },
        "2005-02": {
            "month": "2005-02",
            "price": "15.85",
            "revenue": 94684
        },
        "2005-03": {
            "month": "2005-03",
            "price": "14.27",
            "revenue": 209344
        },
        "2005-04": {
            "month": "2005-04",
            "price": "11.69",
            "revenue": 217336
        },
        "2005-05": {
            "month": "2005-05",
            "price": "11.54",
            "revenue": 279499
        },
        "2005-06": {
            "month": "2005-06",
            "price": "12.91",
            "revenue": 240728
        },
        "2005-07": {
            "month": "2005-07",
            "price": "12.77",
            "revenue": 197313
        },
        "2005-08": {
            "month": "2005-08",
            "price": "11.74",
            "revenue": 214781
        },
        "2005-09": {
            "month": "2005-09",
            "price": "11.85",
            "revenue": 197581
        },
        "2005-10": {
            "month": "2005-10",
            "price": "11.32",
            "revenue": 170063
        },
        "2005-11": {
            "month": "2005-11",
            "price": "11.20",
            "revenue": 239566
        },
        "2005-12": {
            "month": "2005-12",
            "price": "12.34",
            "revenue": 442108
        },
        "2006-01": {
            "month": "2006-01",
            "price": "12.77",
            "revenue": 109115
        },
        "2006-02": {
            "month": "2006-02",
            "price": "12.29",
            "revenue": 232449
        },
        "2006-03": {
            "month": "2006-03",
            "price": "12.17",
            "revenue": 221786
        },
        "2006-04": {
            "month": "2006-04",
            "price": "13.93",
            "revenue": 225812
        },
        "2006-05": {
            "month": "2006-05",
            "price": "15.81",
            "revenue": 193254
        },
        "2006-06": {
            "month": "2006-06",
            "price": "14.67",
            "revenue": 195488
        },
        "2006-07": {
            "month": "2006-07",
            "price": "14.90",
            "revenue": 197615
        },
        "2006-08": {
            "month": "2006-08",
            "price": "12.67",
            "revenue": 241116
        },
        "2006-09": {
            "month": "2006-09",
            "price": "12.53",
            "revenue": 217091
        },
        "2006-10": {
            "month": "2006-10",
            "price": "14.32",
            "revenue": 240794
        },
        "2006-11": {
            "month": "2006-11",
            "price": "15.81",
            "revenue": 240097
        },
        "2006-12": {
            "month": "2006-12",
            "price": "16.08",
            "revenue": 582746
        },
        "2007-01": {
            "month": "2007-01",
            "price": "16.51",
            "revenue": 247350
        },
        "2007-02": {
            "month": "2007-02",
            "price": "17.00",
            "revenue": 155168
        },
        "2007-03": {
            "month": "2007-03",
            "price": "18.33",
            "revenue": 213984
        },
        "2007-04": {
            "month": "2007-04",
            "price": "20.34",
            "revenue": 168101
        },
        "2007-05": {
            "month": "2007-05",
            "price": "19.88",
            "revenue": 193586
        },
        "2007-06": {
            "month": "2007-06",
            "price": "23.26",
            "revenue": 273944
        },
        "2007-07": {
            "month": "2007-07",
            "price": "37.69",
            "revenue": 236146
        },
        "2007-08": {
            "month": "2007-08",
            "price": "36.43",
            "revenue": 189066
        },
        "2007-09": {
            "month": "2007-09",
            "price": "36.88",
            "revenue": 184049
        },
        "2007-10": {
            "month": "2007-10",
            "price": "34.09",
            "revenue": 228860
        },
        "2007-11": {
            "month": "2007-11",
            "price": "24.78",
            "revenue": 218276
        },
        "2007-12": {
            "month": "2007-12",
            "price": "19.89",
            "revenue": 441692
        },
        "2008-01": {
            "month": "2008-01",
            "price": "21.69",
            "revenue": 245441
        },
        "2008-02": {
            "month": "2008-02",
            "price": "23.36",
            "revenue": 178719
        },
        "2008-03": {
            "month": "2008-03",
            "price": "26.06",
            "revenue": 385739
        },
        "2008-04": {
            "month": "2008-04",
            "price": "28.50",
            "revenue": 525070
        },
        "2008-05": {
            "month": "2008-05",
            "price": "27.37",
            "revenue": 239806
        },
        "2008-06": {
            "month": "2008-06",
            "price": "23.88",
            "revenue": 524147
        },
        "2008-07": {
            "month": "2008-07",
            "price": "19.17",
            "revenue": 417071
        },
        "2008-08": {
            "month": "2008-08",
            "price": "16.70",
            "revenue": 395461
        },
        "2008-09": {
            "month": "2008-09",
            "price": "13.21",
            "revenue": 334914
        },
        "2008-10": {
            "month": "2008-10",
            "price": "11.35",
            "revenue": 472330
        },
        "2008-11": {
            "month": "2008-11",
            "price": "13.22",
            "revenue": 460130
        },
        "2008-12": {
            "month": "2008-12",
            "price": "15.02",
            "revenue": 636552
        },
        "2009-01": {
            "month": "2009-01",
            "price": "14.89",
            "revenue": 365769
        },
        "2009-02": {
            "month": "2009-02",
            "price": "14.88",
            "revenue": 411114
        },
        "2009-03": {
            "month": "2009-03",
            "price": "16.59",
            "revenue": 365272
        },
        "2009-04": {
            "month": "2009-04",
            "price": "20.20",
            "revenue": 418096
        },
        "2009-05": {
            "month": "2009-05",
            "price": "22.38",
            "revenue": 473388
        },
        "2009-06": {
            "month": "2009-06",
            "price": "21.16",
            "revenue": 456942
        },
        "2009-07": {
            "month": "2009-07",
            "price": "20.81",
            "revenue": 417139
        },
        "2009-08": {
            "month": "2009-08",
            "price": "18.10",
            "revenue": 336608
        },
        "2009-09": {
            "month": "2009-09",
            "price": "17.40",
            "revenue": 338839
        },
        "2009-10": {
            "month": "2009-10",
            "price": "18.52",
            "revenue": 369892
        },
        "2009-11": {
            "month": "2009-11",
            "price": "18.09",
            "revenue": 406780
        },
        "2009-12": {
            "month": "2009-12",
            "price": "18.19",
            "revenue": 703040
        },
        "2010-01": {
            "month": "2010-01",
            "price": "18.69",
            "revenue": 388314
        },
        "2010-02": {
            "month": "2010-02",
            "price": "16.78",
            "revenue": 235974
        },
        "2010-03": {
            "month": "2010-03",
            "price": "17.53",
            "revenue": 341464
        },
        "2010-04": {
            "month": "2010-04",
            "price": "18.83",
            "revenue": 392449
        },
        "2010-05": {
            "month": "2010-05",
            "price": "17.52",
            "revenue": 494553
        },
        "2010-06": {
            "month": "2010-06",
            "price": "17.43",
            "revenue": 336659
        },
        "2010-07": {
            "month": "2010-07",
            "price": "17.68",
            "revenue": 424663
        },
        "2010-08": {
            "month": "2010-08",
            "price": "17.17",
            "revenue": 369909
        },
        "2010-09": {
            "month": "2010-09",
            "price": "16.44",
            "revenue": 430038
        },
        "2010-10": {
            "month": "2010-10",
            "price": "16.58",
            "revenue": 363073
        },
        "2010-11": {
            "month": "2010-11",
            "price": "16.34",
            "revenue": 405488
        },
        "2010-12": {
            "month": "2010-12",
            "price": "16.48",
            "revenue": 725257
        },
        "2011-01": {
            "month": "2011-01",
            "price": "17.10",
            "revenue": 301711
        },
        "2011-02": {
            "month": "2011-02",
            "price": "16.10",
            "revenue": 201843
        },
        "2011-03": {
            "month": "2011-03",
            "price": "15.33",
            "revenue": 290648
        },
        "2011-04": {
            "month": "2011-04",
            "price": "16.36",
            "revenue": 309645
        },
        "2011-05": {
            "month": "2011-05",
            "price": "17.15",
            "revenue": 263725
        },
        "2011-06": {
            "month": "2011-06",
            "price": "16.94",
            "revenue": 240012
        },
        "2011-07": {
            "month": "2011-07",
            "price": "17.65",
            "revenue": 304849
        },
        "2011-08": {
            "month": "2011-08",
            "price": "15.08",
            "revenue": 275432
        },
        "2011-09": {
            "month": "2011-09",
            "price": "14.53",
            "revenue": 235442
        },
        "2011-10": {
            "month": "2011-10",
            "price": "14.88",
            "revenue": 318858
        },
        "2011-11": {
            "month": "2011-11",
            "price": "13.88",
            "revenue": 330214
        },
        "2011-12": {
            "month": "2011-12",
            "price": "13.18",
            "revenue": 1260492
        },
        "2012-01": {
            "month": "2012-01",
            "price": "13.32",
            "revenue": 408957
        },
        "2012-02": {
            "month": "2012-02",
            "price": "14.80",
            "revenue": 346904
        },
        "2012-03": {
            "month": "2012-03",
            "price": "16.13",
            "revenue": 303478
        },
        "2012-04": {
            "month": "2012-04",
            "price": "14.32",
            "revenue": 436683
        },
        "2012-05": {
            "month": "2012-05",
            "price": "13.48",
            "revenue": 363358
        },
        "2012-06": {
            "month": "2012-06",
            "price": "13.35",
            "revenue": 347482
        },
        "2012-07": {
            "month": "2012-07",
            "price": "13.67",
            "revenue": 497325
        },
        "2012-08": {
            "month": "2012-08",
            "price": "14.53",
            "revenue": 393448
        },
        "2012-09": {
            "month": "2012-09",
            "price": "14.68",
            "revenue": 415896
        },
        "2012-10": {
            "month": "2012-10",
            "price": "13.52",
            "revenue": 325867
        },
        "2012-11": {
            "month": "2012-11",
            "price": "13.48",
            "revenue": 373848
        },
        "2012-12": {
            "month": "2012-12",
            "price": "14.03",
            "revenue": 1021293
        },
        "2013-01": {
            "month": "2013-01",
            "price": "14.33",
            "revenue": 607753
        },
        "2013-02": {
            "month": "2013-02",
            "price": "14.71",
            "revenue": 228946
        },
        "2013-03": {
            "month": "2013-03",
            "price": "14.69",
            "revenue": 400755
        },
        "2013-04": {
            "month": "2013-04",
            "price": "14.10",
            "revenue": 518766
        },
        "2013-05": {
            "month": "2013-05",
            "price": "14.90",
            "revenue": 537745
        },
        "2013-06": {
            "month": "2013-06",
            "price": "15.21",
            "revenue": 601359
        },
        "2013-07": {
            "month": "2013-07",
            "price": "14.35",
            "revenue": 536967
        },
        "2013-08": {
            "month": "2013-08",
            "price": "14.07",
            "revenue": 504836
        },
        "2013-09": {
            "month": "2013-09",
            "price": "14.09",
            "revenue": 443643
        },
        "2013-10": {
            "month": "2013-10",
            "price": "14.15",
            "revenue": 628591
        },
        "2013-11": {
            "month": "2013-11",
            "price": "13.90",
            "revenue": 625698
        },
        "2013-12": {
            "month": "2013-12",
            "price": "13.87",
            "revenue": 830881
        },
        "2014-01": {
            "month": "2014-01",
            "price": "13.90",
            "revenue": 510644
        },
        "2014-02": {
            "month": "2014-02",
            "price": "13.72",
            "revenue": 251594
        },
        "2014-03": {
            "month": "2014-03",
            "price": "13.78",
            "revenue": 559810
        },
        "2014-04": {
            "month": "2014-04",
            "price": "14.00",
            "revenue": 615316
        },
        "2014-05": {
            "month": "2014-05",
            "price": "13.66",
            "revenue": 690590
        },
        "2014-06": {
            "month": "2014-06",
            "price": "13.39",
            "revenue": 658669
        },
        "2014-07": {
            "month": "2014-07",
            "price": "13.51",
            "revenue": 686076
        },
        "2014-08": {
            "month": "2014-08",
            "price": "12.48",
            "revenue": 693843
        },
        "2014-09": {
            "month": "2014-09",
            "price": "12.24",
            "revenue": 525137
        },
        "2014-10": {
            "month": "2014-10",
            "price": "11.72",
            "revenue": 626627
        },
        "2014-11": {
            "month": "2014-11",
            "price": "11.57",
            "revenue": 621428
        },
        "2014-12": {
            "month": "2014-12",
            "price": "11.49",
            "revenue": 562880
        },
        "2015-01": {
            "month": "2015-01",
            "price": "11.45",
            "revenue": 548327
        },
        "2015-02": {
            "month": "2015-02",
            "price": "11.41",
            "revenue": 264557
        },
        "2015-03": {
            "month": "2015-03",
            "price": "11.53",
            "revenue": 296902
        },
        "2015-04": {
            "month": "2015-04",
            "price": "11.92",
            "revenue": 419590
        },
        "2015-05": {
            "month": "2015-05",
            "price": "11.76",
            "revenue": 405895
        },
        "2015-06": {
            "month": "2015-06",
            "price": "10.81",
            "revenue": 396100
        },
        "2015-07": {
            "month": "2015-07",
            "price": "10.53",
            "revenue": 455800
        },
        "2015-08": {
            "month": "2015-08",
            "price": "9.47",
            "revenue": 422601
        },
        "2015-09": {
            "month": "2015-09",
            "price": "9.43",
            "revenue": 432447
        },
        "2015-10": {
            "month": "2015-10",
            "price": "9.98",
            "revenue": 445955
        },
        "2015-11": {
            "month": "2015-11",
            "price": "9.28",
            "revenue": 439172
        },
        "2015-12": {
            "month": "2015-12",
            "price": "8.61",
            "revenue": 513433
        },
        "2016-01": {
            "month": "2016-01",
            "price": "8.56",
            "revenue": 508856
        },
        "2016-02": {
            "month": "2016-02",
            "price": "8.63",
            "revenue": 234055
        },
        "2016-03": {
            "month": "2016-03",
            "price": "8.90",
            "revenue": 478794
        },
        "2016-04": {
            "month": "2016-04",
            "price": "8.86",
            "revenue": 492417
        },
        "2016-05": {
            "month": "2016-05",
            "price": "8.69",
            "revenue": 508534
        },
        "2016-06": {
            "month": "2016-06",
            "price": "8.55",
            "revenue": 433458
        },
        "2016-07": {
            "month": "2016-07",
            "price": "8.66",
            "revenue": 415182
        },
        "2016-08": {
            "month": "2016-08",
            "price": "8.52",
            "revenue": 458851
        },
        "2016-09": {
            "month": "2016-09",
            "price": "8.47",
            "revenue": 390906
        },
        "2016-10": {
            "month": "2016-10",
            "price": "8.46",
            "revenue": 386084
        },
        "2016-11": {
            "month": "2016-11",
            "price": "8.47",
            "revenue": 413915
        },
        "2016-12": {
            "month": "2016-12",
            "price": "8.61",
            "revenue": 447696
        },
        "2017-01": {
            "month": "2017-01",
            "price": "8.57",
            "revenue": 330447
        },
        "2017-02": {
            "month": "2017-02",
            "price": "8.74",
            "revenue": 260512
        },
        "2017-03": {
            "month": "2017-03",
            "price": "9.26",
            "revenue": 462210
        },
        "2017-04": {
            "month": "2017-04",
            "price": "9.17",
            "revenue": 350741
        },
        "2017-05": {
            "month": "2017-05",
            "price": "9.09",
            "revenue": 432072
        },
        "2017-06": {
            "month": "2017-06",
            "price": "9.23",
            "revenue": 494047
        },
        "2017-07": {
            "month": "2017-07",
            "price": "9.15",
            "revenue": 489362
        },
        "2017-08": {
            "month": "2017-08",
            "price": "8.83",
            "revenue": 484879
        },
        "2017-09": {
            "month": "2017-09",
            "price": "10.07",
            "revenue": 474535
        },
        "2017-10": {
            "month": "2017-10",
            "price": "11.63",
            "revenue": 520382
        },
        "2017-11": {
            "month": "2017-11",
            "price": "11.55",
            "revenue": 625376
        },
        "2017-12": {
            "month": "2017-12",
            "price": "11.20",
            "revenue": 809344
        },
        "2018-01": {
            "month": "2018-01",
            "price": "11.36",
            "revenue": 521688
        },
        "2018-02": {
            "month": "2018-02",
            "price": "10.54",
            "revenue": 330351
        },
        "2018-03": {
            "month": "2018-03",
            "price": "11.34",
            "revenue": 627884
        },
        "2018-04": {
            "month": "2018-04",
            "price": "11.43",
            "revenue": 627835
        },
        "2018-05": {
            "month": "2018-05",
            "price": "11.90",
            "revenue": 684856
        },
        "2018-06": {
            "month": "2018-06",
            "price": "11.71",
            "revenue": 554068
        },
        "2018-07": {
            "month": "2018-07",
            "price": "11.47",
            "revenue": 539893
        },
        "2018-08": {
            "month": "2018-08",
            "price": "11.15",
            "revenue": 471275
        },
        "2018-09": {
            "month": "2018-09",
            "price": "11.34",
            "revenue": 643052
        },
        "2018-10": {
            "month": "2018-10",
            "price": "10.71",
            "revenue": 654884
        },
        "2018-11": {
            "month": "2018-11",
            "price": "10.24",
            "revenue": 547644
        },
        "2018-12": {
            "month": "2018-12",
            "price": "9.95",
            "revenue": 631508
        },
        "2019-01": {
            "month": "2019-01",
            "price": "9.61",
            "revenue": 613533
        },
        "2019-02": {
            "month": "2019-02",
            "price": "9.73",
            "revenue": 251995
        },
        "2019-03": {
            "month": "2019-03",
            "price": "9.97",
            "revenue": 594199
        },
        "2019-04": {
            "month": "2019-04",
            "price": "10.52",
            "revenue": 678541
        },
        "2019-05": {
            "month": "2019-05",
            "price": "10.30",
            "revenue": 618284
        },
        "2019-06": {
            "month": "2019-06",
            "price": "10.47",
            "revenue": 457336
        },
        "2019-07": {
            "month": "2019-07",
            "price": "10.39",
            "revenue": 464539
        },
        "2019-08": {
            "month": "2019-08",
            "price": "9.95",
            "revenue": 447256
        },
        "2019-09": {
            "month": "2019-09",
            "price": "9.95",
            "revenue": 497774
        },
        "2019-10": {
            "month": "2019-10",
            "price": "10.08",
            "revenue": 490350
        },
        "2019-11": {
            "month": "2019-11",
            "price": "10.33",
            "revenue": 618926
        },
        "2019-12": {
            "month": "2019-12",
            "price": "10.53",
            "revenue": 599024
        },
        "2020-01": {
            "month": "2020-01",
            "price": "10.50",
            "revenue": 550354
        },
        "2020-02": {
            "month": "2020-02",
            "price": "9.99",
            "revenue": 394764
        },
        "2020-03": {
            "month": "2020-03",
            "price": "8.59",
            "revenue": 571262
        },
        "2020-04": {
            "month": "2020-04",
            "price": "9.49",
            "revenue": 748293
        },
        "2020-05": {
            "month": "2020-05",
            "price": "10.13",
            "revenue": 611524
        },
        "2020-06": {
            "month": "2020-06",
            "price": "10.38",
            "revenue": 754078
        },
        "2020-07": {
            "month": "2020-07",
            "price": "10.75",
            "revenue": 641136
        },
        "2020-08": {
            "month": "2020-08",
            "price": "11.78",
            "revenue": 592889
        },
        "2020-09": {
            "month": "2020-09",
            "price": "12.29",
            "revenue": 597310
        },
        "2020-10": {
            "month": "2020-10",
            "price": "11.95",
            "revenue": 599820
        },
        "2020-11": {
            "month": "2020-11",
            "price": "12.28",
            "revenue": 455598
        },
        "2020-12": {
            "month": "2020-12",
            "price": "12.96",
            "revenue": 672867
        },
        "2021-01": {
            "month": "2021-01",
            "price": "12.97",
            "revenue": 485179
        },
        "2021-02": {
            "month": "2021-02",
            "price": "12.45",
            "revenue": 321012
        },
        "2021-03": {
            "month": "2021-03",
            "price": "13.47",
            "revenue": 386057
        },
        "2021-04": {
            "month": "2021-04",
            "price": "14.35",
            "revenue": 418566
        },
        "2021-05": {
            "month": "2021-05",
            "price": "13.20",
            "revenue": 546657
        },
        "2021-06": {
            "month": "2021-06",
            "price": "13.65",
            "revenue": 470414
        },
        "2021-07": {
            "month": "2021-07",
            "price": "14.46",
            "revenue": 390107
        },
        "2021-08": {
            "month": "2021-08",
            "price": "13.75",
            "revenue": 377283
        },
        "2021-09": {
            "month": "2021-09",
            "price": "13.50",
            "revenue": 528469
        },
        "2021-10": {
            "month": "2021-10",
            "price": "13.10",
            "revenue": 412219
        },
        "2021-11": {
            "month": "2021-11",
            "price": "13.73",
            "revenue": 451279
        },
        "2021-12": {
            "month": "2021-12",
            "price": "13.94",
            "revenue": 539190
        },
        "2022-01": {
            "month": "2022-01",
            "price": "13.90",
            "revenue": 347485
        },
        "2022-02": {
            "month": "2022-02",
            "price": "13.91",
            "revenue": 343965
        },
        "2022-03": {
            "month": "2022-03",
            "price": "13.84",
            "revenue": 385735
        },
        "2022-04": {
            "month": "2022-04",
            "price": "13.89",
            "revenue": 373470
        },
        "2022-05": {
            "month": "2022-05",
            "price": "13.90",
            "revenue": 594783
        },
        "2022-06": {
            "month": "2022-06",
            "price": "14.13",
            "revenue": 420757
        },
        "2022-07": {
            "month": "2022-07",
            "price": "13.68",
            "revenue": 453909
        },
        "2022-08": {
            "month": "2022-08",
            "price": "12.34",
            "revenue": 387387
        },
        "2022-09": {
            "month": "2022-09",
            "price": "11.91",
            "revenue": 359043
        },
        "2022-10": {
            "month": "2022-10",
            "price": "11.12",
            "revenue": 352062
        },
        "2022-11": {
            "month": "2022-11",
            "price": "11.04",
            "revenue": 517797
        },
        "2022-12": {
            "month": "2022-12",
            "price": "11.45",
            "revenue": 529306
        },
        "2023-01": {
            "month": "2023-01",
            "price": "11.31",
            "revenue": 351493
        },
        "2023-02": {
            "month": "2023-02",
            "price": "11.51",
            "revenue": 334996
        },
        "2023-03": {
            "month": "2023-03",
            "price": "12.29",
            "revenue": 345744
        },
        "2023-04": {
            "month": "2023-04",
            "price": "12.98",
            "revenue": 342789
        },
        "2023-05": {
            "month": "2023-05",
            "price": "13.63",
            "revenue": 333977
        },
        "2023-06": {
            "month": "2023-06",
            "price": "14.30",
            "revenue": 302032
        },
        "2023-07": {
            "month": "2023-07",
            "price": "13.95",
            "revenue": 371439
        },
        "2023-08": {
            "month": "2023-08",
            "price": "14.12",
            "revenue": 251500
        },
        "2023-09": {
            "month": "2023-09",
            "price": "14.08",
            "revenue": 272117
        },
        "2023-10": {
            "month": "2023-10",
            "price": "13.53",
            "revenue": 350073
        },
        "2023-11": {
            "month": "2023-11",
            "price": "14.37",
            "revenue": 461360
        },
        "2023-12": {
            "month": "2023-12",
            "price": "16.87",
            "revenue": 468839
        }
    }
}
