{
    "summary": {
        "stock_name": "雙喜",
        "stock_id": "5516",
        "category": "建材營造",
        "main_business": "營造業",
        "website_url": "http://www.sunsea.com.tw/",
        "ceo": "邱宏章",
        "pe_ratio": -9,
        "report_year_from": 2001,
        "report_year_to": 2023,
        "age": 23,
        "eps_negative_percentage": 35,
        "eps_growth_avg": {
            "last_all": -9.5,
            "last_2y": -34.22,
            "last_4y": -10.82,
            "last_8y": 7.65,
            "last_12y": -2.87,
            "last_16y": -0.09,
            "last_20y": -9.5,
            "at_2006_last_3y": -70.68,
            "at_2007_last_3y": -34.52,
            "at_2008_last_3y": -43.59,
            "at_2009_last_3y": -7.69,
            "at_2010_last_3y": 6.17,
            "at_2011_last_3y": 38.09,
            "at_2012_last_3y": 35.59,
            "at_2013_last_3y": -14.41,
            "at_2014_last_3y": -23.92,
            "at_2015_last_3y": -85.88,
            "at_2016_last_3y": -100,
            "at_2017_last_3y": null,
            "at_2018_last_3y": 100,
            "at_2019_last_3y": 24.29,
            "at_2020_last_3y": 49.53,
            "at_2021_last_3y": 37.23,
            "at_2022_last_3y": 11.48,
            "at_2023_last_3y": -0.67,
            "at_2024_last_3y": -0.67,
            "at_2006_last_all": -70.68,
            "at_2007_last_all": -56.35,
            "at_2008_last_all": -57.69,
            "at_2009_last_all": -26.15,
            "at_2010_last_all": -19.44,
            "at_2011_last_all": -2.38,
            "at_2012_last_all": -11.05,
            "at_2013_last_all": -20.94,
            "at_2014_last_all": -20.94,
            "at_2015_last_all": -20.94,
            "at_2016_last_all": -20.94,
            "at_2017_last_all": -20.94,
            "at_2018_last_all": -8.84,
            "at_2019_last_all": -12.71,
            "at_2020_last_all": -3.32,
            "at_2021_last_all": -3.04,
            "at_2022_last_all": -3.04,
            "at_2023_last_all": -9.5,
            "at_2024_last_all": -9.5
        },
        "latest_eps": -2.42,
        "latest_price": 20.65,
        "latest_roe": -16.99,
        "latest_gross_margin": -34.74,
        "latest_equity": 641375,
        "latest_revenue": 553377,
        "latest_gross_profit": -192222,
        "latest_net_income": -202656,
        "latest_debt_ratio": 81.08,
        "latest_current_ratio": 116.37,
        "latest_account_receivable_turnover_ratio": 1.95,
        "latest_inventory_turnover_ratio": null,
        "latest_reinvestment_rate": 76.03,
        "latest_research_to_sale_ratio": null
    },
    "eps_dividends": {
        "1997": {
            "cash": 0,
            "stock": 2.5,
            "eps": 0
        },
        "1998": {
            "cash": 0,
            "stock": 1.5,
            "eps": 0
        },
        "1999": {
            "cash": 0,
            "stock": 1.1,
            "eps": 0
        },
        "2001": {
            "cash": 0,
            "stock": 0,
            "eps": -0.03
        },
        "2002": {
            "cash": 0,
            "stock": 0,
            "eps": 0.13
        },
        "2003": {
            "cash": 0,
            "stock": 0,
            "eps": -0.74
        },
        "2004": {
            "cash": 0,
            "stock": 0,
            "eps": -1.83
        },
        "2005": {
            "cash": 0,
            "stock": 0,
            "eps": 1.91
        },
        "2006": {
            "cash": 0,
            "stock": 0,
            "eps": 1.12
        },
        "2007": {
            "cash": 0,
            "stock": 0,
            "eps": 0.81
        },
        "2008": {
            "cash": 0.75,
            "stock": 0,
            "eps": 0.31
        },
        "2009": {
            "cash": 0,
            "stock": 0,
            "eps": 0.78
        },
        "2010": {
            "cash": 0.5,
            "stock": 0,
            "eps": 0.89
        },
        "2011": {
            "cash": 0.5,
            "stock": 0,
            "eps": 4.71
        },
        "2012": {
            "cash": 0,
            "stock": 0,
            "eps": 1.33
        },
        "2013": {
            "cash": 0,
            "stock": 0,
            "eps": -3.33
        },
        "2014": {
            "cash": 0,
            "stock": 0,
            "eps": -1.65
        },
        "2015": {
            "cash": 0,
            "stock": 0,
            "eps": -0.41
        },
        "2016": {
            "cash": 0,
            "stock": 0,
            "eps": -0.93
        },
        "2017": {
            "cash": 0,
            "stock": 0,
            "eps": 0.27
        },
        "2018": {
            "cash": 0,
            "stock": 0,
            "eps": 1.77
        },
        "2019": {
            "cash": 0,
            "stock": 0,
            "eps": 0.86
        },
        "2020": {
            "cash": 0.3,
            "stock": 0,
            "eps": 2.99
        },
        "2021": {
            "cash": 0.2,
            "stock": 0.8,
            "eps": 3
        },
        "2022": {
            "cash": 0.5,
            "stock": 1,
            "eps": 2.91
        },
        "2023": {
            "cash": 0.5,
            "stock": 1,
            "eps": -3.23
        }
    },
    "dividends": {
        "1997-06-20": {
            "cash": 0,
            "stock": 2.5
        },
        "1998-06-30": {
            "cash": 0,
            "stock": 1.5
        },
        "1999-06-25": {
            "cash": 0,
            "stock": 1.1
        },
        "2008-05-08": {
            "cash": 0.75,
            "stock": 0
        },
        "2010-05-13": {
            "cash": 0.5,
            "stock": 0
        },
        "2011-05-12": {
            "cash": 0.5,
            "stock": 0
        },
        "2020-12-25": {
            "cash": 0.3,
            "stock": 0
        },
        "2021-12-15": {
            "cash": 0.2,
            "stock": 0.8
        },
        "2022-10-14": {
            "cash": 0.5,
            "stock": 1
        },
        "2023-10-20": {
            "cash": 0.5,
            "stock": 1
        }
    },
    "prices": {
        "200101": "12.73",
        "200102": "12.83",
        "200103": "12.06",
        "200104": "11.80",
        "200105": "11.95",
        "200106": "11.74",
        "200107": "11.29",
        "200108": "11.80",
        "200109": "11.45",
        "200110": "11.11",
        "200111": "11.38",
        "200112": "12.26",
        "200201": "12.43",
        "200202": "11.69",
        "200203": "11.91",
        "200204": "13.30",
        "200205": "12.09",
        "200206": "11.59",
        "200207": "12.27",
        "200208": "12.62",
        "200209": "11.14",
        "200210": "11.27",
        "200211": "12.12",
        "200212": "11.14",
        "200301": "11.29",
        "200302": "11.88",
        "200303": "11.05",
        "200304": "10.90",
        "200305": "10.57",
        "200306": "10.67",
        "200307": "11.04",
        "200308": "10.88",
        "200309": "10.41",
        "200310": "10.05",
        "200311": "10.40",
        "200312": "10.82",
        "200401": "11.54",
        "200402": "12.34",
        "200403": "13.07",
        "200404": "12.87",
        "200405": "12.17",
        "200406": "11.76",
        "200407": "11.69",
        "200408": "11.78",
        "200409": "11.33",
        "200410": "10.92",
        "200411": "11.00",
        "200412": "11.02",
        "200501": "11.12",
        "200502": "11.08",
        "200503": "10.67",
        "200504": "10.66",
        "200505": "10.30",
        "200506": "11.10",
        "200507": "11.30",
        "200508": "11.24",
        "200509": "11.57",
        "200510": "11.67",
        "200511": "12.08",
        "200512": "11.34",
        "200601": "12.99",
        "200602": "13.70",
        "200603": "12.22",
        "200604": "12.50",
        "200605": "13.11",
        "200606": "11.76",
        "200607": "11.19",
        "200608": "10.85",
        "200609": "10.78",
        "200610": "12.34",
        "200611": "11.95",
        "200612": "12.57",
        "200701": "17.20",
        "200702": "14.95",
        "200703": "12.70",
        "200704": "12.36",
        "200705": "12.83",
        "200706": "13.00",
        "200707": "14.67",
        "200708": "12.90",
        "200709": "10.45",
        "200710": "10.76",
        "200711": "9.78",
        "200712": "9.29",
        "200801": "9.28",
        "200802": "9.52",
        "200803": "9.45",
        "200804": "10.68",
        "200805": "11.52",
        "200806": "11.84",
        "200807": "10.36",
        "200808": "10.30",
        "200809": "10.07",
        "200810": "9.93",
        "200811": "9.12",
        "200812": "6.92",
        "200901": "6.17",
        "200902": "6.02",
        "200903": "5.96",
        "200904": "7.77",
        "200905": "7.72",
        "200906": "10.07",
        "200907": "12.10",
        "200908": "12.43",
        "200909": "12.17",
        "200910": "12.27",
        "200911": "12.07",
        "200912": "12.04",
        "201001": "12.83",
        "201002": "11.84",
        "201003": "12.20",
        "201004": "13.85",
        "201005": "13.12",
        "201006": "12.59",
        "201007": "12.93",
        "201008": "12.45",
        "201009": "12.25",
        "201010": "11.93",
        "201011": "11.59",
        "201012": "12.08",
        "201101": "12.97",
        "201102": "12.85",
        "201103": "12.84",
        "201104": "12.82",
        "201105": "12.58",
        "201106": "13.62",
        "201107": "13.87",
        "201108": "13.83",
        "201109": "16.11",
        "201110": "16.16",
        "201111": "17.52",
        "201112": "17.35",
        "201201": "17.66",
        "201202": "18.51",
        "201203": "20.85",
        "201204": "22.05",
        "201205": "16.18",
        "201206": "14.00",
        "201207": "13.91",
        "201208": "14.82",
        "201209": "14.88",
        "201210": "14.49",
        "201211": "13.54",
        "201212": "12.25",
        "201301": "12.70",
        "201302": "12.73",
        "201303": "12.56",
        "201304": "14.14",
        "201305": "14.50",
        "201306": "14.53",
        "201307": "14.11",
        "201308": "13.81",
        "201309": "13.52",
        "201310": "13.15",
        "201311": "12.57",
        "201312": "12.41",
        "201401": "12.69",
        "201402": "12.38",
        "201403": "12.40",
        "201404": "11.42",
        "201405": "11.24",
        "201406": "10.76",
        "201407": "10.45",
        "201408": "10.93",
        "201409": "11.10",
        "201410": "10.22",
        "201411": "9.76",
        "201412": "10.06",
        "201501": "11.68",
        "201502": "10.81",
        "201503": "10.85",
        "201504": "10.31",
        "201505": "10.60",
        "201506": "10.54",
        "201507": "10.99",
        "201508": "10.62",
        "201509": "10.61",
        "201510": "10.67",
        "201511": "10.31",
        "201512": "9.82",
        "201601": "9.48",
        "201602": "8.97",
        "201603": "10.31",
        "201604": "10.71",
        "201605": "10.61",
        "201606": "9.91",
        "201607": "9.35",
        "201608": "9.42",
        "201609": "10.37",
        "201610": "8.94",
        "201611": "9.06",
        "201612": "8.99",
        "201701": "8.91",
        "201702": "8.95",
        "201703": "8.96",
        "201704": "8.72",
        "201705": "8.54",
        "201706": "8.59",
        "201707": "8.72",
        "201708": "8.93",
        "201709": "9.67",
        "201710": "9.79",
        "201711": "9.37",
        "201712": "9.28",
        "201801": "9.32",
        "201802": "9.23",
        "201803": "9.36",
        "201804": "11.53",
        "201805": "11.18",
        "201806": "11.44",
        "201807": "11.06",
        "201808": "11.17",
        "201809": "11.81",
        "201810": "11.91",
        "201811": "11.88",
        "201812": "12.05",
        "201901": "11.96",
        "201902": "12.00",
        "201903": "11.92",
        "201904": "13.38",
        "201905": "14.93",
        "201906": "15.52",
        "201907": "15.82",
        "201908": "15.62",
        "201909": "14.81",
        "201910": "15.32",
        "201911": "14.67",
        "201912": "13.22",
        "202001": "13.26",
        "202002": "14.05",
        "202003": "13.39",
        "202004": "14.11",
        "202005": "14.58",
        "202006": "15.50",
        "202007": "16.11",
        "202008": "15.57",
        "202009": "15.19",
        "202010": "14.61",
        "202011": "14.61",
        "202012": "14.37",
        "202101": "14.05",
        "202102": "13.28",
        "202103": "13.88",
        "202104": "16.32",
        "202105": "14.54",
        "202106": "14.56",
        "202107": "14.61",
        "202108": "14.04",
        "202109": "14.40",
        "202110": "14.80",
        "202111": "13.88",
        "202112": "13.95",
        "202201": "14.98",
        "202202": "15.36",
        "202203": "15.55",
        "202204": "16.92",
        "202205": "17.09",
        "202206": "17.87",
        "202207": "17.51",
        "202208": "17.75",
        "202209": "18.43",
        "202210": "17.52",
        "202211": "17.00",
        "202212": "17.80",
        "202301": "19.92",
        "202302": "23.80",
        "202303": "26.12",
        "202304": "25.73",
        "202305": "26.94",
        "202306": "28.72",
        "202307": "30.54",
        "202308": "30.23",
        "202309": "30.06",
        "202310": "24.37",
        "202311": "20.25",
        "202312": "19.85"
    },
    "quarters": {
        "20011": {
            "year_quarter": 20011,
            "year": 2001,
            "quarter": 1,
            "eps": 0,
            "eps_growth_year": null,
            "eps_4q": -0.18,
            "eps_4q_growth_year": null,
            "roe": 0,
            "roe_4q": 0,
            "gross_profit": 14503,
            "gross_margin": 4.42,
            "gross_margin_4q_avg": 4.42,
            "net_income": 5,
            "net_income_4q": null,
            "revenue": 328122,
            "revenue_4q": null,
            "common_shares": 382950,
            "book_valuer_per_share": 10.26,
            "book_valuer_per_share_4q_avg": 10.26,
            "equity": 392851,
            "current_ratio": 125.2,
            "debt_ratio": 68.63,
            "inventory_turnover_ratio": 2.25,
            "account_receivable_turnover_ratio": null,
            "reinvestment_rate": null,
            "research_to_sale_ratio": null,
            "price_fair": 0,
            "eps_avg_yearly": 0,
            "eps_latest_yearly": 0,
            "eps_growth_yearly": 0
        },
        "20012": {
            "year_quarter": 20012,
            "year": 2001,
            "quarter": 2,
            "eps": 0.01,
            "eps_growth_year": null,
            "eps_4q": -0.1,
            "eps_4q_growth_year": -347.54,
            "roe": 0.14,
            "roe_4q": 0.14,
            "gross_profit": 17767,
            "gross_margin": 3.21,
            "gross_margin_4q_avg": 3.82,
            "net_income": 544,
            "net_income_4q": null,
            "revenue": 554291,
            "revenue_4q": null,
            "common_shares": 382950,
            "book_valuer_per_share": 10.27,
            "book_valuer_per_share_4q_avg": 10.27,
            "equity": 393395,
            "current_ratio": 118.43,
            "debt_ratio": 74.78,
            "inventory_turnover_ratio": 2.71,
            "account_receivable_turnover_ratio": null,
            "reinvestment_rate": null,
            "research_to_sale_ratio": null,
            "price_fair": 0,
            "eps_avg_yearly": 0,
            "eps_latest_yearly": 0,
            "eps_growth_yearly": 0
        },
        "20013": {
            "year_quarter": 20013,
            "year": 2001,
            "quarter": 3,
            "eps": -0.01,
            "eps_growth_year": null,
            "eps_4q": -0.03,
            "eps_4q_growth_year": null,
            "roe": -0.11,
            "roe_4q": 0.030000000000000013,
            "gross_profit": 9693,
            "gross_margin": 2.25,
            "gross_margin_4q_avg": 3.29,
            "net_income": -420,
            "net_income_4q": null,
            "revenue": 431248,
            "revenue_4q": null,
            "common_shares": 382950,
            "book_valuer_per_share": 10.26,
            "book_valuer_per_share_4q_avg": 10.26,
            "equity": 392975,
            "current_ratio": 124.85,
            "debt_ratio": 68.88,
            "inventory_turnover_ratio": 2.56,
            "account_receivable_turnover_ratio": null,
            "reinvestment_rate": null,
            "research_to_sale_ratio": null,
            "price_fair": 0,
            "eps_avg_yearly": 0,
            "eps_latest_yearly": 0,
            "eps_growth_yearly": 0
        },
        "20014": {
            "year_quarter": 20014,
            "year": 2001,
            "quarter": 4,
            "eps": -0.03,
            "eps_growth_year": null,
            "eps_4q": -0.03,
            "eps_4q_growth_year": null,
            "roe": -0.33,
            "roe_4q": -0.3,
            "gross_profit": 11920,
            "gross_margin": 2.1,
            "gross_margin_4q_avg": 3,
            "net_income": -1278,
            "net_income_4q": null,
            "revenue": 566779,
            "revenue_4q": null,
            "common_shares": 382950,
            "book_valuer_per_share": 10.23,
            "book_valuer_per_share_4q_avg": 10.26,
            "equity": 391697,
            "current_ratio": 118.09,
            "debt_ratio": 74.37,
            "inventory_turnover_ratio": 6.09,
            "account_receivable_turnover_ratio": null,
            "reinvestment_rate": null,
            "research_to_sale_ratio": null,
            "price_fair": 0,
            "eps_avg_yearly": 0,
            "eps_latest_yearly": 0,
            "eps_growth_yearly": 0
        },
        "20021": {
            "year_quarter": 20021,
            "year": 2002,
            "quarter": 1,
            "eps": 0.01,
            "eps_growth_year": null,
            "eps_4q": -0.04,
            "eps_4q_growth_year": null,
            "roe": 0.07,
            "roe_4q": -0.22999999999999998,
            "gross_profit": 10309,
            "gross_margin": 3.58,
            "gross_margin_4q_avg": 2.79,
            "net_income": 255,
            "net_income_4q": null,
            "revenue": 288243,
            "revenue_4q": null,
            "common_shares": 382950,
            "book_valuer_per_share": 10.24,
            "book_valuer_per_share_4q_avg": 10.25,
            "equity": 391952,
            "current_ratio": 126.77,
            "debt_ratio": 66.65,
            "inventory_turnover_ratio": 1.86,
            "account_receivable_turnover_ratio": null,
            "reinvestment_rate": null,
            "research_to_sale_ratio": null,
            "price_fair": 0,
            "eps_avg_yearly": 0,
            "eps_latest_yearly": 0,
            "eps_growth_yearly": 0
        },
        "20022": {
            "year_quarter": 20022,
            "year": 2002,
            "quarter": 2,
            "eps": 0.03,
            "eps_growth_year": 200,
            "eps_4q": -0.01,
            "eps_4q_growth_year": null,
            "roe": 0.3,
            "roe_4q": -0.07000000000000002,
            "gross_profit": 13376,
            "gross_margin": 3.65,
            "gross_margin_4q_avg": 2.9,
            "net_income": 1158,
            "net_income_4q": null,
            "revenue": 366881,
            "revenue_4q": null,
            "common_shares": 382950,
            "book_valuer_per_share": 10.27,
            "book_valuer_per_share_4q_avg": 10.25,
            "equity": 393110,
            "current_ratio": 119.04,
            "debt_ratio": 73.74,
            "inventory_turnover_ratio": 1.26,
            "account_receivable_turnover_ratio": null,
            "reinvestment_rate": null,
            "research_to_sale_ratio": null,
            "price_fair": 4.2,
            "eps_avg_yearly": 0.12,
            "eps_latest_yearly": 0.12,
            "eps_growth_yearly": 800
        },
        "20023": {
            "year_quarter": 20023,
            "year": 2002,
            "quarter": 3,
            "eps": -0.01,
            "eps_growth_year": null,
            "eps_4q": -0.01,
            "eps_4q_growth_year": null,
            "roe": -0.12,
            "roe_4q": -0.08000000000000002,
            "gross_profit": 10946,
            "gross_margin": 2.29,
            "gross_margin_4q_avg": 2.91,
            "net_income": -483,
            "net_income_4q": null,
            "revenue": 476966,
            "revenue_4q": null,
            "common_shares": 382950,
            "book_valuer_per_share": 10.25,
            "book_valuer_per_share_4q_avg": 10.25,
            "equity": 392627,
            "current_ratio": 120.09,
            "debt_ratio": 72.64,
            "inventory_turnover_ratio": 1.62,
            "account_receivable_turnover_ratio": null,
            "reinvestment_rate": null,
            "research_to_sale_ratio": null,
            "price_fair": 4.2,
            "eps_avg_yearly": 0.12,
            "eps_latest_yearly": 0.12,
            "eps_growth_yearly": 800
        },
        "20024": {
            "year_quarter": 20024,
            "year": 2002,
            "quarter": 4,
            "eps": 0.1,
            "eps_growth_year": null,
            "eps_4q": 0.12,
            "eps_4q_growth_year": null,
            "roe": 0.96,
            "roe_4q": 1.21,
            "gross_profit": 13862,
            "gross_margin": 2.92,
            "gross_margin_4q_avg": 3.11,
            "net_income": 3794,
            "net_income_4q": null,
            "revenue": 474506,
            "revenue_4q": null,
            "common_shares": 382950,
            "book_valuer_per_share": 10.35,
            "book_valuer_per_share_4q_avg": 10.28,
            "equity": 396421,
            "current_ratio": 119.51,
            "debt_ratio": 73.6,
            "inventory_turnover_ratio": 1.68,
            "account_receivable_turnover_ratio": null,
            "reinvestment_rate": null,
            "research_to_sale_ratio": null,
            "price_fair": 4.2,
            "eps_avg_yearly": 0.12,
            "eps_latest_yearly": 0.12,
            "eps_growth_yearly": 800
        },
        "20031": {
            "year_quarter": 20031,
            "year": 2003,
            "quarter": 1,
            "eps": 0.01,
            "eps_growth_year": 0,
            "eps_4q": 0.2,
            "eps_4q_growth_year": null,
            "roe": 0.06,
            "roe_4q": 1.2,
            "gross_profit": 10822,
            "gross_margin": 3.11,
            "gross_margin_4q_avg": 2.99,
            "net_income": 235,
            "net_income_4q": null,
            "revenue": 348135,
            "revenue_4q": null,
            "common_shares": 382950,
            "book_valuer_per_share": 10.36,
            "book_valuer_per_share_4q_avg": 10.31,
            "equity": 396656,
            "current_ratio": 124.18,
            "debt_ratio": 69.47,
            "inventory_turnover_ratio": 0.89,
            "account_receivable_turnover_ratio": null,
            "reinvestment_rate": null,
            "research_to_sale_ratio": null,
            "price_fair": 2.8,
            "eps_avg_yearly": 0.08,
            "eps_latest_yearly": 0.04,
            "eps_growth_yearly": 220
        },
        "20032": {
            "year_quarter": 20032,
            "year": 2003,
            "quarter": 2,
            "eps": -1.07,
            "eps_growth_year": -3666.67,
            "eps_4q": -0.98,
            "eps_4q_growth_year": null,
            "roe": -10.89,
            "roe_4q": -9.99,
            "gross_profit": -32950,
            "gross_margin": -11.19,
            "gross_margin_4q_avg": -0.72,
            "net_income": -40964,
            "net_income_4q": null,
            "revenue": 294345,
            "revenue_4q": null,
            "common_shares": 382950,
            "book_valuer_per_share": 9.29,
            "book_valuer_per_share_4q_avg": 10.06,
            "equity": 355692,
            "current_ratio": 123.7,
            "debt_ratio": 67.55,
            "inventory_turnover_ratio": 1.01,
            "account_receivable_turnover_ratio": null,
            "reinvestment_rate": null,
            "research_to_sale_ratio": null,
            "price_fair": 2.8,
            "eps_avg_yearly": 0.08,
            "eps_latest_yearly": 0.04,
            "eps_growth_yearly": 220
        },
        "20033": {
            "year_quarter": 20033,
            "year": 2003,
            "quarter": 3,
            "eps": 0.21,
            "eps_growth_year": null,
            "eps_4q": -0.76,
            "eps_4q_growth_year": null,
            "roe": 2.23,
            "roe_4q": -7.64,
            "gross_profit": 13713,
            "gross_margin": 5.12,
            "gross_margin_4q_avg": -0.01,
            "net_income": 8012,
            "net_income_4q": null,
            "revenue": 267643,
            "revenue_4q": null,
            "common_shares": 382950,
            "book_valuer_per_share": 9.5,
            "book_valuer_per_share_4q_avg": 9.88,
            "equity": 363704,
            "current_ratio": 129.08,
            "debt_ratio": 63,
            "inventory_turnover_ratio": 1.29,
            "account_receivable_turnover_ratio": null,
            "reinvestment_rate": null,
            "research_to_sale_ratio": null,
            "price_fair": 2.8,
            "eps_avg_yearly": 0.08,
            "eps_latest_yearly": 0.04,
            "eps_growth_yearly": 220
        },
        "20034": {
            "year_quarter": 20034,
            "year": 2003,
            "quarter": 4,
            "eps": 0.11,
            "eps_growth_year": 10,
            "eps_4q": -0.74,
            "eps_4q_growth_year": -690.95,
            "roe": 1.16,
            "roe_4q": -7.440000000000001,
            "gross_profit": 17393,
            "gross_margin": 5,
            "gross_margin_4q_avg": 0.51,
            "net_income": 4255,
            "net_income_4q": null,
            "revenue": 347841,
            "revenue_4q": null,
            "common_shares": 382950,
            "book_valuer_per_share": 9.61,
            "book_valuer_per_share_4q_avg": 9.69,
            "equity": 367959,
            "current_ratio": 127.82,
            "debt_ratio": 64.32,
            "inventory_turnover_ratio": 1.56,
            "account_receivable_turnover_ratio": null,
            "reinvestment_rate": null,
            "research_to_sale_ratio": null,
            "price_fair": 7,
            "eps_avg_yearly": 0.2,
            "eps_latest_yearly": 0.44,
            "eps_growth_yearly": 83.17
        },
        "20041": {
            "year_quarter": 20041,
            "year": 2004,
            "quarter": 1,
            "eps": -0.21,
            "eps_growth_year": -2200,
            "eps_4q": -0.94,
            "eps_4q_growth_year": -571.52,
            "roe": -2.26,
            "roe_4q": -9.76,
            "gross_profit": 804,
            "gross_margin": 1.11,
            "gross_margin_4q_avg": 0.01,
            "net_income": -8212,
            "net_income_4q": null,
            "revenue": 72509,
            "revenue_4q": null,
            "common_shares": 382950,
            "book_valuer_per_share": 9.39,
            "book_valuer_per_share_4q_avg": 9.45,
            "equity": 359747,
            "current_ratio": 132.12,
            "debt_ratio": 60.44,
            "inventory_turnover_ratio": 0.38,
            "account_receivable_turnover_ratio": null,
            "reinvestment_rate": null,
            "research_to_sale_ratio": null,
            "price_fair": 7,
            "eps_avg_yearly": 0.2,
            "eps_latest_yearly": 0.44,
            "eps_growth_yearly": 83.17
        },
        "20042": {
            "year_quarter": 20042,
            "year": 2004,
            "quarter": 2,
            "eps": -1.59,
            "eps_growth_year": null,
            "eps_4q": -1.49,
            "eps_4q_growth_year": null,
            "roe": -18.51,
            "roe_4q": -17.380000000000003,
            "gross_profit": -40277,
            "gross_margin": -42.43,
            "gross_margin_4q_avg": -7.8,
            "net_income": -60952,
            "net_income_4q": null,
            "revenue": 94915,
            "revenue_4q": null,
            "common_shares": 382950,
            "book_valuer_per_share": 7.8,
            "book_valuer_per_share_4q_avg": 9.08,
            "equity": 298795,
            "current_ratio": 119.18,
            "debt_ratio": 68.78,
            "inventory_turnover_ratio": 0.79,
            "account_receivable_turnover_ratio": null,
            "reinvestment_rate": null,
            "research_to_sale_ratio": null,
            "price_fair": 7,
            "eps_avg_yearly": 0.2,
            "eps_latest_yearly": 0.44,
            "eps_growth_yearly": 83.17
        },
        "20043": {
            "year_quarter": 20043,
            "year": 2004,
            "quarter": 3,
            "eps": 0.1,
            "eps_growth_year": -52.38,
            "eps_4q": -1.56,
            "eps_4q_growth_year": null,
            "roe": 1.3,
            "roe_4q": -18.31,
            "gross_profit": 13910,
            "gross_margin": 5.24,
            "gross_margin_4q_avg": -7.77,
            "net_income": 3905,
            "net_income_4q": null,
            "revenue": 265585,
            "revenue_4q": null,
            "common_shares": 382950,
            "book_valuer_per_share": 7.9,
            "book_valuer_per_share_4q_avg": 8.68,
            "equity": 302700,
            "current_ratio": 132.38,
            "debt_ratio": 73.36,
            "inventory_turnover_ratio": 0.92,
            "account_receivable_turnover_ratio": null,
            "reinvestment_rate": null,
            "research_to_sale_ratio": null,
            "price_fair": 7,
            "eps_avg_yearly": 0.2,
            "eps_latest_yearly": 0.44,
            "eps_growth_yearly": 83.17
        },
        "20044": {
            "year_quarter": 20044,
            "year": 2004,
            "quarter": 4,
            "eps": -0.13,
            "eps_growth_year": -218.18,
            "eps_4q": -1.83,
            "eps_4q_growth_year": null,
            "roe": -1.64,
            "roe_4q": -21.11,
            "gross_profit": 7751,
            "gross_margin": 1.22,
            "gross_margin_4q_avg": -8.72,
            "net_income": -4927,
            "net_income_4q": null,
            "revenue": 635675,
            "revenue_4q": null,
            "common_shares": 382950,
            "book_valuer_per_share": 7.78,
            "book_valuer_per_share_4q_avg": 8.22,
            "equity": 297773,
            "current_ratio": 116.39,
            "debt_ratio": 77.56,
            "inventory_turnover_ratio": 2.04,
            "account_receivable_turnover_ratio": null,
            "reinvestment_rate": null,
            "research_to_sale_ratio": null,
            "price_fair": 7,
            "eps_avg_yearly": 0.2,
            "eps_latest_yearly": 0.44,
            "eps_growth_yearly": 83.17
        },
        "20051": {
            "year_quarter": 20051,
            "year": 2005,
            "quarter": 1,
            "eps": 0.18,
            "eps_growth_year": null,
            "eps_4q": -1.46,
            "eps_4q_growth_year": null,
            "roe": 2.26,
            "roe_4q": -16.590000000000003,
            "gross_profit": 16478,
            "gross_margin": 3.1,
            "gross_margin_4q_avg": -8.22,
            "net_income": 6803,
            "net_income_4q": null,
            "revenue": 530751,
            "revenue_4q": null,
            "common_shares": 382950,
            "book_valuer_per_share": 7.95,
            "book_valuer_per_share_4q_avg": 7.86,
            "equity": 304576,
            "current_ratio": 115.55,
            "debt_ratio": 78.08,
            "inventory_turnover_ratio": 1.38,
            "account_receivable_turnover_ratio": null,
            "reinvestment_rate": null,
            "research_to_sale_ratio": null,
            "price_fair": 7,
            "eps_avg_yearly": 0.2,
            "eps_latest_yearly": 0.44,
            "eps_growth_yearly": 83.17
        },
        "20052": {
            "year_quarter": 20052,
            "year": 2005,
            "quarter": 2,
            "eps": 0.57,
            "eps_growth_year": null,
            "eps_4q": 0.72,
            "eps_4q_growth_year": null,
            "roe": 6.89,
            "roe_4q": 8.809999999999999,
            "gross_profit": 33587,
            "gross_margin": 7.08,
            "gross_margin_4q_avg": 4.16,
            "net_income": 21746,
            "net_income_4q": null,
            "revenue": 474670,
            "revenue_4q": null,
            "common_shares": 382950,
            "book_valuer_per_share": 8.52,
            "book_valuer_per_share_4q_avg": 8.04,
            "equity": 326322,
            "current_ratio": 121.19,
            "debt_ratio": 75.04,
            "inventory_turnover_ratio": 0.9,
            "account_receivable_turnover_ratio": null,
            "reinvestment_rate": null,
            "research_to_sale_ratio": null,
            "price_fair": 25.2,
            "eps_avg_yearly": 0.72,
            "eps_latest_yearly": 2.28,
            "eps_growth_yearly": 279.05
        },
        "20053": {
            "year_quarter": 20053,
            "year": 2005,
            "quarter": 3,
            "eps": 0.71,
            "eps_growth_year": 610,
            "eps_4q": 1.32,
            "eps_4q_growth_year": null,
            "roe": 8.04,
            "roe_4q": 15.549999999999997,
            "gross_profit": 38065,
            "gross_margin": 5.45,
            "gross_margin_4q_avg": 4.21,
            "net_income": 27336,
            "net_income_4q": null,
            "revenue": 698900,
            "revenue_4q": null,
            "common_shares": 382950,
            "book_valuer_per_share": 9.24,
            "book_valuer_per_share_4q_avg": 8.37,
            "equity": 353658,
            "current_ratio": 122.62,
            "debt_ratio": 74.87,
            "inventory_turnover_ratio": 1.55,
            "account_receivable_turnover_ratio": null,
            "reinvestment_rate": null,
            "research_to_sale_ratio": null,
            "price_fair": 40.04,
            "eps_avg_yearly": 1.14,
            "eps_latest_yearly": 2.84,
            "eps_growth_yearly": 242.89
        },
        "20054": {
            "year_quarter": 20054,
            "year": 2005,
            "quarter": 4,
            "eps": 0.45,
            "eps_growth_year": null,
            "eps_4q": 1.9,
            "eps_4q_growth_year": null,
            "roe": 4.78,
            "roe_4q": 21.97,
            "gross_profit": 30142,
            "gross_margin": 3.51,
            "gross_margin_4q_avg": 4.79,
            "net_income": 17335,
            "net_income_4q": null,
            "revenue": 859370,
            "revenue_4q": null,
            "common_shares": 382950,
            "book_valuer_per_share": 9.69,
            "book_valuer_per_share_4q_avg": 8.85,
            "equity": 370993,
            "current_ratio": 119.71,
            "debt_ratio": 75.79,
            "inventory_turnover_ratio": 2.21,
            "account_receivable_turnover_ratio": null,
            "reinvestment_rate": null,
            "research_to_sale_ratio": null,
            "price_fair": 43.87,
            "eps_avg_yearly": 1.25,
            "eps_latest_yearly": 1.8,
            "eps_growth_yearly": 177.99
        },
        "20061": {
            "year_quarter": 20061,
            "year": 2006,
            "quarter": 1,
            "eps": 0.34,
            "eps_growth_year": 88.89,
            "eps_4q": 2.06,
            "eps_4q_growth_year": null,
            "roe": 3.47,
            "roe_4q": 23.18,
            "gross_profit": 24994,
            "gross_margin": 4.52,
            "gross_margin_4q_avg": 5.14,
            "net_income": 13097,
            "net_income_4q": null,
            "revenue": 552672,
            "revenue_4q": null,
            "common_shares": 382950,
            "book_valuer_per_share": 10.03,
            "book_valuer_per_share_4q_avg": 9.37,
            "equity": 384090,
            "current_ratio": 126.12,
            "debt_ratio": 71.02,
            "inventory_turnover_ratio": 1.23,
            "account_receivable_turnover_ratio": null,
            "reinvestment_rate": null,
            "research_to_sale_ratio": null,
            "price_fair": 44.4,
            "eps_avg_yearly": 1.27,
            "eps_latest_yearly": 1.36,
            "eps_growth_yearly": 138.6
        },
        "20062": {
            "year_quarter": 20062,
            "year": 2006,
            "quarter": 2,
            "eps": 0.32,
            "eps_growth_year": -43.86,
            "eps_4q": 1.82,
            "eps_4q_growth_year": 152.86,
            "roe": 3.15,
            "roe_4q": 19.439999999999998,
            "gross_profit": 34724,
            "gross_margin": 8.8,
            "gross_margin_4q_avg": 5.57,
            "net_income": 12287,
            "net_income_4q": null,
            "revenue": 394727,
            "revenue_4q": null,
            "common_shares": 382950,
            "book_valuer_per_share": 10.35,
            "book_valuer_per_share_4q_avg": 9.83,
            "equity": 396377,
            "current_ratio": 125.29,
            "debt_ratio": 72.39,
            "inventory_turnover_ratio": 0.67,
            "account_receivable_turnover_ratio": null,
            "reinvestment_rate": -181.14,
            "research_to_sale_ratio": null,
            "price_fair": 44.39,
            "eps_avg_yearly": 1.43,
            "eps_latest_yearly": 1.28,
            "eps_growth_yearly": 20.95
        },
        "20063": {
            "year_quarter": 20063,
            "year": 2006,
            "quarter": 3,
            "eps": 0.11,
            "eps_growth_year": -84.51,
            "eps_4q": 1.25,
            "eps_4q_growth_year": -5.87,
            "roe": 1.04,
            "roe_4q": 12.440000000000001,
            "gross_profit": 19786,
            "gross_margin": 5.95,
            "gross_margin_4q_avg": 5.7,
            "net_income": 4137,
            "net_income_4q": null,
            "revenue": 332492,
            "revenue_4q": null,
            "common_shares": 382950,
            "book_valuer_per_share": 10.46,
            "book_valuer_per_share_4q_avg": 10.13,
            "equity": 400514,
            "current_ratio": 128.86,
            "debt_ratio": 72.73,
            "inventory_turnover_ratio": 0.46,
            "account_receivable_turnover_ratio": null,
            "reinvestment_rate": -95.21,
            "research_to_sale_ratio": null,
            "price_fair": 3.93,
            "eps_avg_yearly": 1.31,
            "eps_latest_yearly": 0.44,
            "eps_growth_yearly": -14.48
        },
        "20064": {
            "year_quarter": 20064,
            "year": 2006,
            "quarter": 4,
            "eps": 0.35,
            "eps_growth_year": -22.22,
            "eps_4q": 1.13,
            "eps_4q_growth_year": -40.51,
            "roe": 3.25,
            "roe_4q": 10.91,
            "gross_profit": 60251,
            "gross_margin": 14.82,
            "gross_margin_4q_avg": 8.52,
            "net_income": 13234,
            "net_income_4q": null,
            "revenue": 406417,
            "revenue_4q": null,
            "common_shares": 382950,
            "book_valuer_per_share": 10.8,
            "book_valuer_per_share_4q_avg": 10.41,
            "equity": 413748,
            "current_ratio": 133.87,
            "debt_ratio": 71.74,
            "inventory_turnover_ratio": 0.6,
            "account_receivable_turnover_ratio": null,
            "reinvestment_rate": -42.88,
            "research_to_sale_ratio": null,
            "price_fair": 46.2,
            "eps_avg_yearly": 1.32,
            "eps_latest_yearly": 1.4,
            "eps_growth_yearly": 84.1
        },
        "20071": {
            "year_quarter": 20071,
            "year": 2007,
            "quarter": 1,
            "eps": 0.25,
            "eps_growth_year": -26.47,
            "eps_4q": 1.03,
            "eps_4q_growth_year": -49.98,
            "roe": 2.26,
            "roe_4q": 9.7,
            "gross_profit": 9040,
            "gross_margin": 4.61,
            "gross_margin_4q_avg": 8.55,
            "net_income": 9475,
            "net_income_4q": null,
            "revenue": 196278,
            "revenue_4q": null,
            "common_shares": 382950,
            "book_valuer_per_share": 11.05,
            "book_valuer_per_share_4q_avg": 10.67,
            "equity": 423223,
            "current_ratio": 138.78,
            "debt_ratio": 68.36,
            "inventory_turnover_ratio": 0.43,
            "account_receivable_turnover_ratio": null,
            "reinvestment_rate": -27.68,
            "research_to_sale_ratio": null,
            "price_fair": 49.93,
            "eps_avg_yearly": 1.43,
            "eps_latest_yearly": 1,
            "eps_growth_yearly": 111.4
        },
        "20072": {
            "year_quarter": 20072,
            "year": 2007,
            "quarter": 2,
            "eps": -0.05,
            "eps_growth_year": -115.62,
            "eps_4q": 0.65,
            "eps_4q_growth_year": -64.42,
            "roe": -0.47,
            "roe_4q": 6.08,
            "gross_profit": 12586,
            "gross_margin": 5.38,
            "gross_margin_4q_avg": 7.69,
            "net_income": -1985,
            "net_income_4q": null,
            "revenue": 233864,
            "revenue_4q": null,
            "common_shares": 382950,
            "book_valuer_per_share": 11,
            "book_valuer_per_share_4q_avg": 10.83,
            "equity": 421238,
            "current_ratio": 132.98,
            "debt_ratio": 71.54,
            "inventory_turnover_ratio": 0.69,
            "account_receivable_turnover_ratio": null,
            "reinvestment_rate": -11.22,
            "research_to_sale_ratio": null,
            "price_fair": 49.93,
            "eps_avg_yearly": 1.43,
            "eps_latest_yearly": 1,
            "eps_growth_yearly": 111.4
        },
        "20073": {
            "year_quarter": 20073,
            "year": 2007,
            "quarter": 3,
            "eps": 0.01,
            "eps_growth_year": -90.91,
            "eps_4q": 0.55,
            "eps_4q_growth_year": -55.89,
            "roe": 0.08,
            "roe_4q": 5.12,
            "gross_profit": 15180,
            "gross_margin": 6.9,
            "gross_margin_4q_avg": 7.93,
            "net_income": 322,
            "net_income_4q": null,
            "revenue": 219894,
            "revenue_4q": null,
            "common_shares": 382950,
            "book_valuer_per_share": 11.01,
            "book_valuer_per_share_4q_avg": 10.97,
            "equity": 421561,
            "current_ratio": 136.59,
            "debt_ratio": 69.61,
            "inventory_turnover_ratio": 0.84,
            "account_receivable_turnover_ratio": null,
            "reinvestment_rate": -15.33,
            "research_to_sale_ratio": null,
            "price_fair": 49.93,
            "eps_avg_yearly": 1.43,
            "eps_latest_yearly": 1,
            "eps_growth_yearly": 111.4
        },
        "20074": {
            "year_quarter": 20074,
            "year": 2007,
            "quarter": 4,
            "eps": 0.6,
            "eps_growth_year": 71.43,
            "eps_4q": 0.8,
            "eps_4q_growth_year": -28.83,
            "roe": 5.29,
            "roe_4q": 7.16,
            "gross_profit": 42460,
            "gross_margin": 20.24,
            "gross_margin_4q_avg": 9.28,
            "net_income": 22890,
            "net_income_4q": null,
            "revenue": 209787,
            "revenue_4q": null,
            "common_shares": 382950,
            "book_valuer_per_share": 11.61,
            "book_valuer_per_share_4q_avg": 11.17,
            "equity": 444450,
            "current_ratio": 166.17,
            "debt_ratio": 57.84,
            "inventory_turnover_ratio": 0.76,
            "account_receivable_turnover_ratio": null,
            "reinvestment_rate": -13.35,
            "research_to_sale_ratio": null,
            "price_fair": 57.56,
            "eps_avg_yearly": 1.64,
            "eps_latest_yearly": 2.4,
            "eps_growth_yearly": 2754.79
        },
        "20081": {
            "year_quarter": 20081,
            "year": 2008,
            "quarter": 1,
            "eps": -0.07,
            "eps_growth_year": -128,
            "eps_4q": 0.45,
            "eps_4q_growth_year": -56.16,
            "roe": -0.64,
            "roe_4q": 4.260000000000001,
            "gross_profit": 2514,
            "gross_margin": 4.66,
            "gross_margin_4q_avg": 9.3,
            "net_income": -2843,
            "net_income_4q": null,
            "revenue": 53984,
            "revenue_4q": null,
            "common_shares": 382950,
            "book_valuer_per_share": 11.53,
            "book_valuer_per_share_4q_avg": 11.29,
            "equity": 441607,
            "current_ratio": 160.17,
            "debt_ratio": 56.97,
            "inventory_turnover_ratio": 0.46,
            "account_receivable_turnover_ratio": null,
            "reinvestment_rate": -14.82,
            "research_to_sale_ratio": null,
            "price_fair": 57.56,
            "eps_avg_yearly": 1.64,
            "eps_latest_yearly": 2.4,
            "eps_growth_yearly": 2754.79
        },
        "20082": {
            "year_quarter": 20082,
            "year": 2008,
            "quarter": 2,
            "eps": 0.04,
            "eps_growth_year": null,
            "eps_4q": 0.54,
            "eps_4q_growth_year": -16.13,
            "roe": 0.38,
            "roe_4q": 5.11,
            "gross_profit": 9980,
            "gross_margin": 11.88,
            "gross_margin_4q_avg": 10.92,
            "net_income": 1615,
            "net_income_4q": null,
            "revenue": 84035,
            "revenue_4q": null,
            "common_shares": 382950,
            "book_valuer_per_share": 10.81,
            "book_valuer_per_share_4q_avg": 11.24,
            "equity": 413915,
            "current_ratio": 180.26,
            "debt_ratio": 50.34,
            "inventory_turnover_ratio": 0.6,
            "account_receivable_turnover_ratio": null,
            "reinvestment_rate": -7.65,
            "research_to_sale_ratio": null,
            "price_fair": 57.56,
            "eps_avg_yearly": 1.64,
            "eps_latest_yearly": 2.4,
            "eps_growth_yearly": 2754.79
        },
        "20083": {
            "year_quarter": 20083,
            "year": 2008,
            "quarter": 3,
            "eps": 0.09,
            "eps_growth_year": 800,
            "eps_4q": 0.64,
            "eps_4q_growth_year": 16.9,
            "roe": 0.85,
            "roe_4q": 5.88,
            "gross_profit": 17096,
            "gross_margin": 15.64,
            "gross_margin_4q_avg": 13.11,
            "net_income": 3529,
            "net_income_4q": null,
            "revenue": 109321,
            "revenue_4q": null,
            "common_shares": 382950,
            "book_valuer_per_share": 10.83,
            "book_valuer_per_share_4q_avg": 11.2,
            "equity": 414749,
            "current_ratio": 152.65,
            "debt_ratio": 58.78,
            "inventory_turnover_ratio": 0.57,
            "account_receivable_turnover_ratio": null,
            "reinvestment_rate": -7.9,
            "research_to_sale_ratio": null,
            "price_fair": 53.06,
            "eps_avg_yearly": 1.52,
            "eps_latest_yearly": 0.36,
            "eps_growth_yearly": 2529.31
        },
        "20084": {
            "year_quarter": 20084,
            "year": 2008,
            "quarter": 4,
            "eps": 0.25,
            "eps_growth_year": -58.33,
            "eps_4q": 0.31,
            "eps_4q_growth_year": -61.38,
            "roe": 2.26,
            "roe_4q": 2.8499999999999996,
            "gross_profit": 16915,
            "gross_margin": 11.27,
            "gross_margin_4q_avg": 10.86,
            "net_income": 9465,
            "net_income_4q": null,
            "revenue": 150036,
            "revenue_4q": null,
            "common_shares": 382950,
            "book_valuer_per_share": 11.05,
            "book_valuer_per_share_4q_avg": 11.06,
            "equity": 423052,
            "current_ratio": 150.97,
            "debt_ratio": 60.48,
            "inventory_turnover_ratio": 0.82,
            "account_receivable_turnover_ratio": 0.38,
            "reinvestment_rate": -6.18,
            "research_to_sale_ratio": null,
            "price_fair": 51.42,
            "eps_avg_yearly": 1.47,
            "eps_latest_yearly": 1,
            "eps_growth_yearly": 2364.02
        },
        "20091": {
            "year_quarter": 20091,
            "year": 2009,
            "quarter": 1,
            "eps": 0.03,
            "eps_growth_year": null,
            "eps_4q": 0.39,
            "eps_4q_growth_year": -13.75,
            "roe": 0.29,
            "roe_4q": 3.78,
            "gross_profit": 3500,
            "gross_margin": 2.85,
            "gross_margin_4q_avg": 10.41,
            "net_income": 1216,
            "net_income_4q": null,
            "revenue": 122748,
            "revenue_4q": null,
            "common_shares": 382950,
            "book_valuer_per_share": 11.12,
            "book_valuer_per_share_4q_avg": 10.95,
            "equity": 425767,
            "current_ratio": 195.68,
            "debt_ratio": 46.96,
            "inventory_turnover_ratio": 0.85,
            "account_receivable_turnover_ratio": 0.4,
            "reinvestment_rate": -5.42,
            "research_to_sale_ratio": null,
            "price_fair": 47.48,
            "eps_avg_yearly": 1.36,
            "eps_latest_yearly": 0.12,
            "eps_growth_yearly": 2137.68
        },
        "20092": {
            "year_quarter": 20092,
            "year": 2009,
            "quarter": 2,
            "eps": 0.1,
            "eps_growth_year": 150,
            "eps_4q": 0.47,
            "eps_4q_growth_year": -13.24,
            "roe": 0.89,
            "roe_4q": 4.289999999999999,
            "gross_profit": 21696,
            "gross_margin": 6.89,
            "gross_margin_4q_avg": 9.16,
            "net_income": 3816,
            "net_income_4q": null,
            "revenue": 314959,
            "revenue_4q": null,
            "common_shares": 382950,
            "book_valuer_per_share": 11.23,
            "book_valuer_per_share_4q_avg": 11.06,
            "equity": 429948,
            "current_ratio": 147.74,
            "debt_ratio": 61.53,
            "inventory_turnover_ratio": 2.19,
            "account_receivable_turnover_ratio": 0.88,
            "reinvestment_rate": -4.99,
            "research_to_sale_ratio": null,
            "price_fair": 42,
            "eps_avg_yearly": 1.2,
            "eps_latest_yearly": 0.4,
            "eps_growth_yearly": 2143.24
        },
        "20093": {
            "year_quarter": 20093,
            "year": 2009,
            "quarter": 3,
            "eps": 0.16,
            "eps_growth_year": 77.78,
            "eps_4q": 0.55,
            "eps_4q_growth_year": -14.78,
            "roe": 1.38,
            "roe_4q": 4.82,
            "gross_profit": 16698,
            "gross_margin": 4.05,
            "gross_margin_4q_avg": 6.27,
            "net_income": 5986,
            "net_income_4q": null,
            "revenue": 412492,
            "revenue_4q": null,
            "common_shares": 382950,
            "book_valuer_per_share": 11.4,
            "book_valuer_per_share_4q_avg": 11.2,
            "equity": 436404,
            "current_ratio": 140.81,
            "debt_ratio": 64.35,
            "inventory_turnover_ratio": 2.9,
            "account_receivable_turnover_ratio": 0.97,
            "reinvestment_rate": -4.97,
            "research_to_sale_ratio": null,
            "price_fair": 35.58,
            "eps_avg_yearly": 1.02,
            "eps_latest_yearly": 0.64,
            "eps_growth_yearly": 2155.05
        },
        "20094": {
            "year_quarter": 20094,
            "year": 2009,
            "quarter": 4,
            "eps": 0.49,
            "eps_growth_year": 96,
            "eps_4q": 0.78,
            "eps_4q_growth_year": 150.65,
            "roe": 4.22,
            "roe_4q": 6.779999999999999,
            "gross_profit": 24997,
            "gross_margin": 4.08,
            "gross_margin_4q_avg": 4.47,
            "net_income": 18812,
            "net_income_4q": null,
            "revenue": 612270,
            "revenue_4q": null,
            "common_shares": 382950,
            "book_valuer_per_share": 11.86,
            "book_valuer_per_share_4q_avg": 11.4,
            "equity": 454349,
            "current_ratio": 142.56,
            "debt_ratio": 63.8,
            "inventory_turnover_ratio": 3.31,
            "account_receivable_turnover_ratio": 2.83,
            "reinvestment_rate": 13.89,
            "research_to_sale_ratio": null,
            "price_fair": 36.05,
            "eps_avg_yearly": 1.03,
            "eps_latest_yearly": 1.96,
            "eps_growth_yearly": 2236.01
        },
        "20101": {
            "year_quarter": 20101,
            "year": 2010,
            "quarter": 1,
            "eps": 0.09,
            "eps_growth_year": 200,
            "eps_4q": 0.83,
            "eps_4q_growth_year": 113.18,
            "roe": 0.72,
            "roe_4q": 7.209999999999999,
            "gross_profit": 15140,
            "gross_margin": 7.09,
            "gross_margin_4q_avg": 5.53,
            "net_income": 3259,
            "net_income_4q": null,
            "revenue": 213618,
            "revenue_4q": null,
            "common_shares": 382950,
            "book_valuer_per_share": 11.93,
            "book_valuer_per_share_4q_avg": 11.61,
            "equity": 456874,
            "current_ratio": 150.08,
            "debt_ratio": 60.26,
            "inventory_turnover_ratio": 1.06,
            "account_receivable_turnover_ratio": 0.47,
            "reinvestment_rate": 16.2,
            "research_to_sale_ratio": null,
            "price_fair": 33.13,
            "eps_avg_yearly": 0.95,
            "eps_latest_yearly": 0.36,
            "eps_growth_yearly": 2216.94
        },
        "20102": {
            "year_quarter": 20102,
            "year": 2010,
            "quarter": 2,
            "eps": 0.2,
            "eps_growth_year": 104.05,
            "eps_4q": 0.94,
            "eps_4q_growth_year": 98.29,
            "roe": 1.7,
            "roe_4q": 8.02,
            "gross_profit": 23095,
            "gross_margin": 8.59,
            "gross_margin_4q_avg": 5.95,
            "net_income": 7814,
            "net_income_4q": null,
            "revenue": 268927,
            "revenue_4q": null,
            "common_shares": 382950,
            "book_valuer_per_share": 12.12,
            "book_valuer_per_share_4q_avg": 11.83,
            "equity": 464037,
            "current_ratio": 150.53,
            "debt_ratio": 60.84,
            "inventory_turnover_ratio": 2.52,
            "account_receivable_turnover_ratio": 0.68,
            "reinvestment_rate": 14.65,
            "research_to_sale_ratio": null,
            "price_fair": 31.73,
            "eps_avg_yearly": 0.91,
            "eps_latest_yearly": 0.8,
            "eps_growth_yearly": 2259.65
        },
        "20103": {
            "year_quarter": 20103,
            "year": 2010,
            "quarter": 3,
            "eps": 0.5,
            "eps_growth_year": 215.53,
            "eps_4q": 1.29,
            "eps_4q_growth_year": 134.75,
            "roe": 4.16,
            "roe_4q": 10.8,
            "gross_profit": 24963,
            "gross_margin": 7.26,
            "gross_margin_4q_avg": 6.76,
            "net_income": 19333,
            "net_income_4q": null,
            "revenue": 344018,
            "revenue_4q": null,
            "common_shares": 382950,
            "book_valuer_per_share": 12.13,
            "book_valuer_per_share_4q_avg": 12.01,
            "equity": 464461,
            "current_ratio": 153.14,
            "debt_ratio": 61.18,
            "inventory_turnover_ratio": 5.18,
            "account_receivable_turnover_ratio": 1.08,
            "reinvestment_rate": 18.21,
            "research_to_sale_ratio": null,
            "price_fair": 36.28,
            "eps_avg_yearly": 1.04,
            "eps_latest_yearly": 2,
            "eps_growth_yearly": 2331.52
        },
        "20104": {
            "year_quarter": 20104,
            "year": 2010,
            "quarter": 4,
            "eps": 0.1,
            "eps_growth_year": -79.11,
            "eps_4q": 0.9,
            "eps_4q_growth_year": 15.07,
            "roe": 0.84,
            "roe_4q": 7.42,
            "gross_profit": 14899,
            "gross_margin": 2.54,
            "gross_margin_4q_avg": 6.37,
            "net_income": 3919,
            "net_income_4q": null,
            "revenue": 587700,
            "revenue_4q": null,
            "common_shares": 382950,
            "book_valuer_per_share": 12.26,
            "book_valuer_per_share_4q_avg": 12.11,
            "equity": 469584,
            "current_ratio": 125.78,
            "debt_ratio": 72.65,
            "inventory_turnover_ratio": 4.22,
            "account_receivable_turnover_ratio": 1.26,
            "reinvestment_rate": 19.67,
            "research_to_sale_ratio": null,
            "price_fair": 33.37,
            "eps_avg_yearly": 0.95,
            "eps_latest_yearly": 0.4,
            "eps_growth_yearly": 2232.13
        },
        "20111": {
            "year_quarter": 20111,
            "year": 2011,
            "quarter": 1,
            "eps": 0.09,
            "eps_growth_year": 0,
            "eps_4q": 0.9,
            "eps_4q_growth_year": 7.99,
            "roe": 0.71,
            "roe_4q": 7.41,
            "gross_profit": 16351,
            "gross_margin": 6.45,
            "gross_margin_4q_avg": 6.21,
            "net_income": 3354,
            "net_income_4q": null,
            "revenue": 253360,
            "revenue_4q": null,
            "common_shares": 382950,
            "book_valuer_per_share": 12.35,
            "book_valuer_per_share_4q_avg": 12.22,
            "equity": 472852,
            "current_ratio": 133.93,
            "debt_ratio": 67.22,
            "inventory_turnover_ratio": 0.96,
            "account_receivable_turnover_ratio": 0.59,
            "reinvestment_rate": 21.36,
            "research_to_sale_ratio": null,
            "price_fair": 31.5,
            "eps_avg_yearly": 0.9,
            "eps_latest_yearly": 0.36,
            "eps_growth_yearly": 2238.32
        },
        "20112": {
            "year_quarter": 20112,
            "year": 2011,
            "quarter": 2,
            "eps": 1.32,
            "eps_growth_year": 548.5,
            "eps_4q": 2.02,
            "eps_4q_growth_year": 115.44,
            "roe": 10.37,
            "roe_4q": 16.08,
            "gross_profit": 71933,
            "gross_margin": 11.8,
            "gross_margin_4q_avg": 7.01,
            "net_income": 50674,
            "net_income_4q": null,
            "revenue": 609757,
            "revenue_4q": null,
            "common_shares": 382950,
            "book_valuer_per_share": 13.16,
            "book_valuer_per_share_4q_avg": 12.48,
            "equity": 504119,
            "current_ratio": 125.2,
            "debt_ratio": 73.91,
            "inventory_turnover_ratio": 2.33,
            "account_receivable_turnover_ratio": 0.99,
            "reinvestment_rate": 5.48,
            "research_to_sale_ratio": null,
            "price_fair": 43.29,
            "eps_avg_yearly": 1.24,
            "eps_latest_yearly": 5.28,
            "eps_growth_yearly": 2486.65
        },
        "20113": {
            "year_quarter": 20113,
            "year": 2011,
            "quarter": 3,
            "eps": 0.82,
            "eps_growth_year": 62.26,
            "eps_4q": 2.33,
            "eps_4q_growth_year": 81.47,
            "roe": 6.03,
            "roe_4q": 17.95,
            "gross_profit": 54589,
            "gross_margin": 7.08,
            "gross_margin_4q_avg": 6.97,
            "net_income": 31370,
            "net_income_4q": null,
            "revenue": 770704,
            "revenue_4q": null,
            "common_shares": 382950,
            "book_valuer_per_share": 0,
            "book_valuer_per_share_4q_avg": 9.44,
            "equity": 535884,
            "current_ratio": 129.87,
            "debt_ratio": 70.65,
            "inventory_turnover_ratio": 2.01,
            "account_receivable_turnover_ratio": 1.15,
            "reinvestment_rate": 4.49,
            "research_to_sale_ratio": null,
            "price_fair": 48.4,
            "eps_avg_yearly": 1.38,
            "eps_latest_yearly": 3.28,
            "eps_growth_yearly": 2298.21
        },
        "20114": {
            "year_quarter": 20114,
            "year": 2011,
            "quarter": 4,
            "eps": 2.48,
            "eps_growth_year": 2322.71,
            "eps_4q": 4.71,
            "eps_4q_growth_year": 425.4,
            "roe": 16.37,
            "roe_4q": 33.480000000000004,
            "gross_profit": 121442,
            "gross_margin": 14.7,
            "gross_margin_4q_avg": 10.01,
            "net_income": 94946,
            "net_income_4q": null,
            "revenue": 826194,
            "revenue_4q": null,
            "common_shares": 382950,
            "book_valuer_per_share": 0,
            "book_valuer_per_share_4q_avg": 6.38,
            "equity": 624429,
            "current_ratio": 130.51,
            "debt_ratio": 71.63,
            "inventory_turnover_ratio": 1.38,
            "account_receivable_turnover_ratio": 1.34,
            "reinvestment_rate": 3.16,
            "research_to_sale_ratio": null,
            "price_fair": 67.2,
            "eps_avg_yearly": 1.92,
            "eps_latest_yearly": 9.92,
            "eps_growth_yearly": 670.34
        },
        "20121": {
            "year_quarter": 20121,
            "year": 2012,
            "quarter": 1,
            "eps": 0.4,
            "eps_growth_year": 344.44,
            "eps_4q": 5.02,
            "eps_4q_growth_year": 458.78,
            "roe": 2.43,
            "roe_4q": 35.2,
            "gross_profit": 30047,
            "gross_margin": 6.6,
            "gross_margin_4q_avg": 10.05,
            "net_income": 15343,
            "net_income_4q": null,
            "revenue": 455353,
            "revenue_4q": null,
            "common_shares": 382950,
            "book_valuer_per_share": 16.71,
            "book_valuer_per_share_4q_avg": 7.47,
            "equity": 640052,
            "current_ratio": 152.74,
            "debt_ratio": 60.01,
            "inventory_turnover_ratio": 0.91,
            "account_receivable_turnover_ratio": 0.62,
            "reinvestment_rate": 2.85,
            "research_to_sale_ratio": null,
            "price_fair": 66.45,
            "eps_avg_yearly": 1.9,
            "eps_latest_yearly": 1.6,
            "eps_growth_yearly": 603.28
        },
        "20122": {
            "year_quarter": 20122,
            "year": 2012,
            "quarter": 2,
            "eps": -0.05,
            "eps_growth_year": -103.41,
            "eps_4q": 3.65,
            "eps_4q_growth_year": 81.07,
            "roe": -0.28,
            "roe_4q": 24.550000000000004,
            "gross_profit": 31472,
            "gross_margin": 6.89,
            "gross_margin_4q_avg": 8.82,
            "net_income": -1729,
            "net_income_4q": null,
            "revenue": 456609,
            "revenue_4q": null,
            "common_shares": 382950,
            "book_valuer_per_share": 15.69,
            "book_valuer_per_share_4q_avg": 8.1,
            "equity": 600779,
            "current_ratio": 143.88,
            "debt_ratio": 63.31,
            "inventory_turnover_ratio": 0.91,
            "account_receivable_turnover_ratio": 0.73,
            "reinvestment_rate": 2.16,
            "research_to_sale_ratio": null,
            "price_fair": 66.45,
            "eps_avg_yearly": 1.9,
            "eps_latest_yearly": 1.6,
            "eps_growth_yearly": 603.28
        },
        "20123": {
            "year_quarter": 20123,
            "year": 2012,
            "quarter": 3,
            "eps": 0.15,
            "eps_growth_year": -81.61,
            "eps_4q": 2.99,
            "eps_4q_growth_year": 28,
            "roe": 0.96,
            "roe_4q": 19.48,
            "gross_profit": 16242,
            "gross_margin": 4.73,
            "gross_margin_4q_avg": 8.23,
            "net_income": 5769,
            "net_income_4q": null,
            "revenue": 343470,
            "revenue_4q": null,
            "common_shares": 382950,
            "book_valuer_per_share": 15.84,
            "book_valuer_per_share_4q_avg": 12.06,
            "equity": 606541,
            "current_ratio": 143.59,
            "debt_ratio": 63.4,
            "inventory_turnover_ratio": 0.8,
            "account_receivable_turnover_ratio": 0.5,
            "reinvestment_rate": 2.04,
            "research_to_sale_ratio": null,
            "price_fair": 70.3,
            "eps_avg_yearly": 2.01,
            "eps_latest_yearly": 1.6,
            "eps_growth_yearly": 610.66
        },
        "20124": {
            "year_quarter": 20124,
            "year": 2012,
            "quarter": 4,
            "eps": 0.83,
            "eps_growth_year": -66.55,
            "eps_4q": 1.34,
            "eps_4q_growth_year": -71.64,
            "roe": 5.11,
            "roe_4q": 8.22,
            "gross_profit": 50630,
            "gross_margin": 10.7,
            "gross_margin_4q_avg": 7.23,
            "net_income": 31763,
            "net_income_4q": null,
            "revenue": 472959,
            "revenue_4q": null,
            "common_shares": 382950,
            "book_valuer_per_share": 16.65,
            "book_valuer_per_share_4q_avg": 16.22,
            "equity": 637516,
            "current_ratio": 157.31,
            "debt_ratio": 57.3,
            "inventory_turnover_ratio": 1.36,
            "account_receivable_turnover_ratio": 0.66,
            "reinvestment_rate": 3.14,
            "research_to_sale_ratio": null,
            "price_fair": 76.1,
            "eps_avg_yearly": 2.17,
            "eps_latest_yearly": 3.32,
            "eps_growth_yearly": 689.39
        },
        "20131": {
            "year_quarter": 20131,
            "year": 2013,
            "quarter": 1,
            "eps": 0.57,
            "eps_growth_year": 42.5,
            "eps_4q": 1.51,
            "eps_4q_growth_year": -69.95,
            "roe": 3.4,
            "roe_4q": 9.19,
            "gross_profit": 34218,
            "gross_margin": 6.53,
            "gross_margin_4q_avg": 7.21,
            "net_income": 21985,
            "net_income_4q": null,
            "revenue": 524092,
            "revenue_4q": null,
            "common_shares": 382950,
            "book_valuer_per_share": 17.11,
            "book_valuer_per_share_4q_avg": 16.32,
            "equity": 655398,
            "current_ratio": 151.83,
            "debt_ratio": 59.74,
            "inventory_turnover_ratio": 1.34,
            "account_receivable_turnover_ratio": 0.71,
            "reinvestment_rate": 2.56,
            "research_to_sale_ratio": null,
            "price_fair": 81.5,
            "eps_avg_yearly": 2.33,
            "eps_latest_yearly": 2.28,
            "eps_growth_yearly": 705.58
        },
        "20132": {
            "year_quarter": 20132,
            "year": 2013,
            "quarter": 2,
            "eps": -0.1,
            "eps_growth_year": null,
            "eps_4q": 1.45,
            "eps_4q_growth_year": -60.31,
            "roe": -0.61,
            "roe_4q": 8.86,
            "gross_profit": 4329,
            "gross_margin": 1.17,
            "gross_margin_4q_avg": 5.78,
            "net_income": -3984,
            "net_income_4q": null,
            "revenue": 369133,
            "revenue_4q": null,
            "common_shares": 382950,
            "book_valuer_per_share": 17.01,
            "book_valuer_per_share_4q_avg": 16.65,
            "equity": 651368,
            "current_ratio": 149.88,
            "debt_ratio": 60.31,
            "inventory_turnover_ratio": 0.9,
            "account_receivable_turnover_ratio": 0.51,
            "reinvestment_rate": 2.11,
            "research_to_sale_ratio": null,
            "price_fair": 86.69,
            "eps_avg_yearly": 2.48,
            "eps_latest_yearly": 2.28,
            "eps_growth_yearly": 688.06
        },
        "20133": {
            "year_quarter": 20133,
            "year": 2013,
            "quarter": 3,
            "eps": -0.07,
            "eps_growth_year": -146.47,
            "eps_4q": 1.23,
            "eps_4q_growth_year": -58.88,
            "roe": -0.42,
            "roe_4q": 7.48,
            "gross_profit": 6411,
            "gross_margin": 2.35,
            "gross_margin_4q_avg": 5.19,
            "net_income": -2750,
            "net_income_4q": null,
            "revenue": 273090,
            "revenue_4q": null,
            "common_shares": 382950,
            "book_valuer_per_share": 16.94,
            "book_valuer_per_share_4q_avg": 16.93,
            "equity": 648533,
            "current_ratio": 160.67,
            "debt_ratio": 55.7,
            "inventory_turnover_ratio": 0.66,
            "account_receivable_turnover_ratio": 0.46,
            "reinvestment_rate": 1.82,
            "research_to_sale_ratio": null,
            "price_fair": 92.05,
            "eps_avg_yearly": 2.63,
            "eps_latest_yearly": 2.28,
            "eps_growth_yearly": 725.4
        },
        "20134": {
            "year_quarter": 20134,
            "year": 2013,
            "quarter": 4,
            "eps": -3.73,
            "eps_growth_year": -549.58,
            "eps_4q": -3.33,
            "eps_4q_growth_year": -349.38,
            "roe": -24.67,
            "roe_4q": -22.300000000000004,
            "gross_profit": -160838,
            "gross_margin": -119.53,
            "gross_margin_4q_avg": -27.37,
            "net_income": -142801,
            "net_income_4q": null,
            "revenue": 134559,
            "revenue_4q": null,
            "common_shares": 382950,
            "book_valuer_per_share": 13.3,
            "book_valuer_per_share_4q_avg": 16.09,
            "equity": 509276,
            "current_ratio": 139.61,
            "debt_ratio": 61.51,
            "inventory_turnover_ratio": 0.73,
            "account_receivable_turnover_ratio": 0.29,
            "reinvestment_rate": -9.62,
            "research_to_sale_ratio": null,
            "price_fair": 94.18,
            "eps_avg_yearly": 2.69,
            "eps_latest_yearly": 2.28,
            "eps_growth_yearly": 716.35
        },
        "20141": {
            "year_quarter": 20141,
            "year": 2014,
            "quarter": 1,
            "eps": 0.4,
            "eps_growth_year": -29.82,
            "eps_4q": -3.5,
            "eps_4q_growth_year": -332.18,
            "roe": 2.97,
            "roe_4q": -22.730000000000004,
            "gross_profit": 24284,
            "gross_margin": 12.29,
            "gross_margin_4q_avg": -25.93,
            "net_income": 15361,
            "net_income_4q": null,
            "revenue": 197572,
            "revenue_4q": null,
            "common_shares": 382950,
            "book_valuer_per_share": 13.7,
            "book_valuer_per_share_4q_avg": 15.24,
            "equity": 524779,
            "current_ratio": 165.23,
            "debt_ratio": 50.27,
            "inventory_turnover_ratio": 0.63,
            "account_receivable_turnover_ratio": 0.48,
            "reinvestment_rate": -9.74,
            "research_to_sale_ratio": null,
            "price_fair": 102.34,
            "eps_avg_yearly": 2.92,
            "eps_latest_yearly": 2.28,
            "eps_growth_yearly": 820.63
        },
        "20142": {
            "year_quarter": 20142,
            "year": 2014,
            "quarter": 2,
            "eps": -1.47,
            "eps_growth_year": null,
            "eps_4q": -4.86,
            "eps_4q_growth_year": -435.48,
            "roe": -11.3,
            "roe_4q": -33.42,
            "gross_profit": -49071,
            "gross_margin": -41.34,
            "gross_margin_4q_avg": -36.56,
            "net_income": -56114,
            "net_income_4q": null,
            "revenue": 118708,
            "revenue_4q": null,
            "common_shares": 382950,
            "book_valuer_per_share": 12.24,
            "book_valuer_per_share_4q_avg": 14.05,
            "equity": 468791,
            "current_ratio": 152.82,
            "debt_ratio": 53.68,
            "inventory_turnover_ratio": 0.82,
            "account_receivable_turnover_ratio": 0.31,
            "reinvestment_rate": -14.39,
            "research_to_sale_ratio": null,
            "price_fair": 110.6,
            "eps_avg_yearly": 3.16,
            "eps_latest_yearly": 2.28,
            "eps_growth_yearly": 857.5
        },
        "20143": {
            "year_quarter": 20143,
            "year": 2014,
            "quarter": 3,
            "eps": 0.23,
            "eps_growth_year": null,
            "eps_4q": -4.56,
            "eps_4q_growth_year": -471.75,
            "roe": 1.86,
            "roe_4q": -31.14,
            "gross_profit": 13188,
            "gross_margin": 11.31,
            "gross_margin_4q_avg": -34.32,
            "net_income": 8781,
            "net_income_4q": null,
            "revenue": 116561,
            "revenue_4q": null,
            "common_shares": 382950,
            "book_valuer_per_share": 12.47,
            "book_valuer_per_share_4q_avg": 12.93,
            "equity": 477487,
            "current_ratio": 189.03,
            "debt_ratio": 41.95,
            "inventory_turnover_ratio": 0.63,
            "account_receivable_turnover_ratio": 0.34,
            "reinvestment_rate": -25.2,
            "research_to_sale_ratio": null,
            "price_fair": 115.68,
            "eps_avg_yearly": 3.31,
            "eps_latest_yearly": 2.28,
            "eps_growth_yearly": 889.68
        },
        "20144": {
            "year_quarter": 20144,
            "year": 2014,
            "quarter": 4,
            "eps": -0.81,
            "eps_growth_year": null,
            "eps_4q": -1.65,
            "eps_4q_growth_year": null,
            "roe": -6.7,
            "roe_4q": -13.17,
            "gross_profit": -26352,
            "gross_margin": -23.62,
            "gross_margin_4q_avg": -10.34,
            "net_income": -31051,
            "net_income_4q": null,
            "revenue": 111575,
            "revenue_4q": null,
            "common_shares": 382950,
            "book_valuer_per_share": 11.75,
            "book_valuer_per_share_4q_avg": 12.54,
            "equity": 449925,
            "current_ratio": 201.18,
            "debt_ratio": 37.71,
            "inventory_turnover_ratio": 1.72,
            "account_receivable_turnover_ratio": 0.4,
            "reinvestment_rate": -44.1,
            "research_to_sale_ratio": null,
            "price_fair": 130.2,
            "eps_avg_yearly": 3.72,
            "eps_latest_yearly": 2.28,
            "eps_growth_yearly": 1062.49
        },
        "20151": {
            "year_quarter": 20151,
            "year": 2015,
            "quarter": 1,
            "eps": -0.19,
            "eps_growth_year": -147.5,
            "eps_4q": -2.24,
            "eps_4q_growth_year": null,
            "roe": -1.66,
            "roe_4q": -17.8,
            "gross_profit": 1638,
            "gross_margin": 2.1,
            "gross_margin_4q_avg": -12.89,
            "net_income": -7401,
            "net_income_4q": null,
            "revenue": 78121,
            "revenue_4q": null,
            "common_shares": 382950,
            "book_valuer_per_share": 11.56,
            "book_valuer_per_share_4q_avg": 12.01,
            "equity": 442548,
            "current_ratio": 179.37,
            "debt_ratio": 42.73,
            "inventory_turnover_ratio": 1.41,
            "account_receivable_turnover_ratio": 0.47,
            "reinvestment_rate": -60.55,
            "research_to_sale_ratio": null,
            "price_fair": 149.8,
            "eps_avg_yearly": 4.28,
            "eps_latest_yearly": 2.28,
            "eps_growth_yearly": 1246.24
        },
        "20152": {
            "year_quarter": 20152,
            "year": 2015,
            "quarter": 2,
            "eps": -0.07,
            "eps_growth_year": null,
            "eps_4q": -0.84,
            "eps_4q_growth_year": null,
            "roe": -0.58,
            "roe_4q": -7.079999999999999,
            "gross_profit": 6698,
            "gross_margin": 3.72,
            "gross_margin_4q_avg": -1.62,
            "net_income": -2571,
            "net_income_4q": null,
            "revenue": 179941,
            "revenue_4q": null,
            "common_shares": 382950,
            "book_valuer_per_share": 11.49,
            "book_valuer_per_share_4q_avg": 11.82,
            "equity": 439855,
            "current_ratio": 193.96,
            "debt_ratio": 38.94,
            "inventory_turnover_ratio": 2.24,
            "account_receivable_turnover_ratio": 1.23,
            "reinvestment_rate": null,
            "research_to_sale_ratio": null,
            "price_fair": 142.8,
            "eps_avg_yearly": 4.08,
            "eps_latest_yearly": 2.28,
            "eps_growth_yearly": 402.16
        },
        "20153": {
            "year_quarter": 20153,
            "year": 2015,
            "quarter": 3,
            "eps": -0.11,
            "eps_growth_year": -147.83,
            "eps_4q": -1.18,
            "eps_4q_growth_year": null,
            "roe": -0.95,
            "roe_4q": -9.89,
            "gross_profit": 4880,
            "gross_margin": 3.04,
            "gross_margin_4q_avg": -3.69,
            "net_income": -4139,
            "net_income_4q": null,
            "revenue": 160694,
            "revenue_4q": null,
            "common_shares": 382950,
            "book_valuer_per_share": 11.37,
            "book_valuer_per_share_4q_avg": 11.54,
            "equity": 435568,
            "current_ratio": 179.79,
            "debt_ratio": 42.24,
            "inventory_turnover_ratio": 1.5,
            "account_receivable_turnover_ratio": 0.91,
            "reinvestment_rate": null,
            "research_to_sale_ratio": null,
            "price_fair": 149.8,
            "eps_avg_yearly": 4.28,
            "eps_latest_yearly": 2.28,
            "eps_growth_yearly": 540.58
        },
        "20154": {
            "year_quarter": 20154,
            "year": 2015,
            "quarter": 4,
            "eps": -0.04,
            "eps_growth_year": null,
            "eps_4q": -0.41,
            "eps_4q_growth_year": null,
            "roe": -0.34,
            "roe_4q": -3.5300000000000002,
            "gross_profit": 4942,
            "gross_margin": 2.41,
            "gross_margin_4q_avg": 2.82,
            "net_income": -1485,
            "net_income_4q": null,
            "revenue": 204870,
            "revenue_4q": null,
            "common_shares": 382950,
            "book_valuer_per_share": 11.37,
            "book_valuer_per_share_4q_avg": 11.45,
            "equity": 435550,
            "current_ratio": 162.34,
            "debt_ratio": 47.81,
            "inventory_turnover_ratio": 2.24,
            "account_receivable_turnover_ratio": 1.01,
            "reinvestment_rate": null,
            "research_to_sale_ratio": null,
            "price_fair": 84,
            "eps_avg_yearly": 2.4,
            "eps_latest_yearly": 2.28,
            "eps_growth_yearly": 450.85
        },
        "20161": {
            "year_quarter": 20161,
            "year": 2016,
            "quarter": 1,
            "eps": -0.17,
            "eps_growth_year": null,
            "eps_4q": -0.38,
            "eps_4q_growth_year": null,
            "roe": -1.5,
            "roe_4q": -3.37,
            "gross_profit": -303,
            "gross_margin": -0.19,
            "gross_margin_4q_avg": 2.25,
            "net_income": -6476,
            "net_income_4q": null,
            "revenue": 159217,
            "revenue_4q": null,
            "common_shares": 382950,
            "book_valuer_per_share": 11.2,
            "book_valuer_per_share_4q_avg": 11.36,
            "equity": 429073,
            "current_ratio": 181.98,
            "debt_ratio": 41.47,
            "inventory_turnover_ratio": 3.17,
            "account_receivable_turnover_ratio": 0.68,
            "reinvestment_rate": null,
            "research_to_sale_ratio": null,
            "price_fair": 98,
            "eps_avg_yearly": 2.8,
            "eps_latest_yearly": 2.28,
            "eps_growth_yearly": 844.02
        },
        "20162": {
            "year_quarter": 20162,
            "year": 2016,
            "quarter": 2,
            "eps": -0.32,
            "eps_growth_year": null,
            "eps_4q": -0.64,
            "eps_4q_growth_year": null,
            "roe": -2.91,
            "roe_4q": -5.7,
            "gross_profit": -4599,
            "gross_margin": -3.93,
            "gross_margin_4q_avg": 0.33,
            "net_income": -12307,
            "net_income_4q": null,
            "revenue": 116880,
            "revenue_4q": null,
            "common_shares": 382950,
            "book_valuer_per_share": 10.88,
            "book_valuer_per_share_4q_avg": 11.21,
            "equity": 416771,
            "current_ratio": 227.33,
            "debt_ratio": 31.91,
            "inventory_turnover_ratio": 3.63,
            "account_receivable_turnover_ratio": 0.71,
            "reinvestment_rate": null,
            "research_to_sale_ratio": null,
            "price_fair": 98,
            "eps_avg_yearly": 2.8,
            "eps_latest_yearly": 2.28,
            "eps_growth_yearly": 844.02
        },
        "20163": {
            "year_quarter": 20163,
            "year": 2016,
            "quarter": 3,
            "eps": 0.18,
            "eps_growth_year": null,
            "eps_4q": -0.35,
            "eps_4q_growth_year": null,
            "roe": 1.66,
            "roe_4q": -3.09,
            "gross_profit": 10481,
            "gross_margin": 7.74,
            "gross_margin_4q_avg": 1.51,
            "net_income": 6958,
            "net_income_4q": null,
            "revenue": 135350,
            "revenue_4q": null,
            "common_shares": 382950,
            "book_valuer_per_share": 11.07,
            "book_valuer_per_share_4q_avg": 11.13,
            "equity": 423768,
            "current_ratio": 208.21,
            "debt_ratio": 35.39,
            "inventory_turnover_ratio": 5.53,
            "account_receivable_turnover_ratio": 1.14,
            "reinvestment_rate": null,
            "research_to_sale_ratio": null,
            "price_fair": 98,
            "eps_avg_yearly": 2.8,
            "eps_latest_yearly": 2.28,
            "eps_growth_yearly": 844.02
        },
        "20164": {
            "year_quarter": 20164,
            "year": 2016,
            "quarter": 4,
            "eps": -0.62,
            "eps_growth_year": null,
            "eps_4q": -0.93,
            "eps_4q_growth_year": null,
            "roe": -5.74,
            "roe_4q": -8.49,
            "gross_profit": 667,
            "gross_margin": 0.27,
            "gross_margin_4q_avg": 0.97,
            "net_income": -23676,
            "net_income_4q": null,
            "revenue": 248604,
            "revenue_4q": null,
            "common_shares": 382950,
            "book_valuer_per_share": 10.47,
            "book_valuer_per_share_4q_avg": 10.91,
            "equity": 401004,
            "current_ratio": 176.83,
            "debt_ratio": 43.59,
            "inventory_turnover_ratio": 11.52,
            "account_receivable_turnover_ratio": 1.48,
            "reinvestment_rate": null,
            "research_to_sale_ratio": null,
            "price_fair": 6.84,
            "eps_avg_yearly": 2.28,
            "eps_latest_yearly": 2.28,
            "eps_growth_yearly": -125.3
        },
        "20171": {
            "year_quarter": 20171,
            "year": 2017,
            "quarter": 1,
            "eps": -0.04,
            "eps_growth_year": null,
            "eps_4q": -0.8,
            "eps_4q_growth_year": null,
            "roe": -0.37,
            "roe_4q": -7.36,
            "gross_profit": 2872,
            "gross_margin": 3.11,
            "gross_margin_4q_avg": 1.8,
            "net_income": -1468,
            "net_income_4q": null,
            "revenue": 92269,
            "revenue_4q": null,
            "common_shares": 382950,
            "book_valuer_per_share": 10.44,
            "book_valuer_per_share_4q_avg": 10.72,
            "equity": 399636,
            "current_ratio": 182.8,
            "debt_ratio": 41.86,
            "inventory_turnover_ratio": null,
            "account_receivable_turnover_ratio": 0.52,
            "reinvestment_rate": null,
            "research_to_sale_ratio": null,
            "price_fair": 0,
            "eps_avg_yearly": 0,
            "eps_latest_yearly": 0,
            "eps_growth_yearly": 0
        },
        "20172": {
            "year_quarter": 20172,
            "year": 2017,
            "quarter": 2,
            "eps": -0.09,
            "eps_growth_year": null,
            "eps_4q": -0.57,
            "eps_4q_growth_year": null,
            "roe": -0.88,
            "roe_4q": -5.33,
            "gross_profit": 1813,
            "gross_margin": 1.13,
            "gross_margin_4q_avg": 3.06,
            "net_income": -3504,
            "net_income_4q": null,
            "revenue": 160196,
            "revenue_4q": null,
            "common_shares": 382950,
            "book_valuer_per_share": 10.35,
            "book_valuer_per_share_4q_avg": 10.58,
            "equity": 396176,
            "current_ratio": 178.51,
            "debt_ratio": 42.98,
            "inventory_turnover_ratio": null,
            "account_receivable_turnover_ratio": 0.93,
            "reinvestment_rate": null,
            "research_to_sale_ratio": null,
            "price_fair": 0,
            "eps_avg_yearly": 0,
            "eps_latest_yearly": 0,
            "eps_growth_yearly": 0
        },
        "20173": {
            "year_quarter": 20173,
            "year": 2017,
            "quarter": 3,
            "eps": 0.22,
            "eps_growth_year": 22.22,
            "eps_4q": -0.53,
            "eps_4q_growth_year": null,
            "roe": 2.09,
            "roe_4q": -4.9,
            "gross_profit": 15929,
            "gross_margin": 5.72,
            "gross_margin_4q_avg": 2.56,
            "net_income": 8376,
            "net_income_4q": null,
            "revenue": 278520,
            "revenue_4q": null,
            "common_shares": 382950,
            "book_valuer_per_share": 10.56,
            "book_valuer_per_share_4q_avg": 10.46,
            "equity": 404474,
            "current_ratio": 150.76,
            "debt_ratio": 52.9,
            "inventory_turnover_ratio": null,
            "account_receivable_turnover_ratio": 1.33,
            "reinvestment_rate": null,
            "research_to_sale_ratio": null,
            "price_fair": 0,
            "eps_avg_yearly": 0,
            "eps_latest_yearly": 0,
            "eps_growth_yearly": 0
        },
        "20174": {
            "year_quarter": 20174,
            "year": 2017,
            "quarter": 4,
            "eps": 0.18,
            "eps_growth_year": null,
            "eps_4q": 0.27,
            "eps_4q_growth_year": null,
            "roe": 1.69,
            "roe_4q": 2.53,
            "gross_profit": 16958,
            "gross_margin": 6.42,
            "gross_margin_4q_avg": 4.1,
            "net_income": 6886,
            "net_income_4q": null,
            "revenue": 264043,
            "revenue_4q": null,
            "common_shares": 382950,
            "book_valuer_per_share": 10.74,
            "book_valuer_per_share_4q_avg": 10.52,
            "equity": 411448,
            "current_ratio": 150.68,
            "debt_ratio": 53.18,
            "inventory_turnover_ratio": null,
            "account_receivable_turnover_ratio": 0.91,
            "reinvestment_rate": null,
            "research_to_sale_ratio": null,
            "price_fair": 2.16,
            "eps_avg_yearly": 0.72,
            "eps_latest_yearly": 0.72,
            "eps_growth_yearly": -72.73
        },
        "20181": {
            "year_quarter": 20181,
            "year": 2018,
            "quarter": 1,
            "eps": 0.08,
            "eps_growth_year": null,
            "eps_4q": 0.39,
            "eps_4q_growth_year": null,
            "roe": 0.74,
            "roe_4q": 3.6399999999999997,
            "gross_profit": 8396,
            "gross_margin": 5.38,
            "gross_margin_4q_avg": 4.66,
            "net_income": 3071,
            "net_income_4q": null,
            "revenue": 156157,
            "revenue_4q": null,
            "common_shares": 382950,
            "book_valuer_per_share": 10.83,
            "book_valuer_per_share_4q_avg": 10.62,
            "equity": 414581,
            "current_ratio": 152.28,
            "debt_ratio": 52.8,
            "inventory_turnover_ratio": null,
            "account_receivable_turnover_ratio": 0.68,
            "reinvestment_rate": null,
            "research_to_sale_ratio": null,
            "price_fair": 1.56,
            "eps_avg_yearly": 0.52,
            "eps_latest_yearly": 0.32,
            "eps_growth_yearly": -147.47
        },
        "20182": {
            "year_quarter": 20182,
            "year": 2018,
            "quarter": 2,
            "eps": 0.19,
            "eps_growth_year": null,
            "eps_4q": 0.67,
            "eps_4q_growth_year": null,
            "roe": 1.78,
            "roe_4q": 6.3,
            "gross_profit": 15953,
            "gross_margin": 4.3,
            "gross_margin_4q_avg": 5.46,
            "net_income": 7445,
            "net_income_4q": null,
            "revenue": 371027,
            "revenue_4q": null,
            "common_shares": 382950,
            "book_valuer_per_share": 11.02,
            "book_valuer_per_share_4q_avg": 10.79,
            "equity": 421970,
            "current_ratio": 134.41,
            "debt_ratio": 62.89,
            "inventory_turnover_ratio": null,
            "account_receivable_turnover_ratio": 2.53,
            "reinvestment_rate": null,
            "research_to_sale_ratio": null,
            "price_fair": 21,
            "eps_avg_yearly": 0.6,
            "eps_latest_yearly": 0.76,
            "eps_growth_yearly": 85.02
        },
        "20183": {
            "year_quarter": 20183,
            "year": 2018,
            "quarter": 3,
            "eps": 0.43,
            "eps_growth_year": 95.45,
            "eps_4q": 0.89,
            "eps_4q_growth_year": null,
            "roe": 3.87,
            "roe_4q": 8.08,
            "gross_profit": 26859,
            "gross_margin": 6.62,
            "gross_margin_4q_avg": 5.68,
            "net_income": 16657,
            "net_income_4q": null,
            "revenue": 405481,
            "revenue_4q": null,
            "common_shares": 382950,
            "book_valuer_per_share": 11.45,
            "book_valuer_per_share_4q_avg": 11.01,
            "equity": 438627,
            "current_ratio": 130.2,
            "debt_ratio": 67.13,
            "inventory_turnover_ratio": null,
            "account_receivable_turnover_ratio": 2.48,
            "reinvestment_rate": null,
            "research_to_sale_ratio": null,
            "price_fair": 30.8,
            "eps_avg_yearly": 0.88,
            "eps_latest_yearly": 1.72,
            "eps_growth_yearly": 190.08
        },
        "20184": {
            "year_quarter": 20184,
            "year": 2018,
            "quarter": 4,
            "eps": 1.07,
            "eps_growth_year": 495.9,
            "eps_4q": 1.78,
            "eps_4q_growth_year": 562.85,
            "roe": 8.96,
            "roe_4q": 15.350000000000001,
            "gross_profit": 53272,
            "gross_margin": 16.43,
            "gross_margin_4q_avg": 8.18,
            "net_income": 41034,
            "net_income_4q": null,
            "revenue": 324203,
            "revenue_4q": null,
            "common_shares": 382950,
            "book_valuer_per_share": 12.48,
            "book_valuer_per_share_4q_avg": 11.45,
            "equity": 477818,
            "current_ratio": 132.86,
            "debt_ratio": 66.26,
            "inventory_turnover_ratio": null,
            "account_receivable_turnover_ratio": 2.92,
            "reinvestment_rate": -6.66,
            "research_to_sale_ratio": null,
            "price_fair": 54.6,
            "eps_avg_yearly": 1.56,
            "eps_latest_yearly": 4.28,
            "eps_growth_yearly": 271.13
        },
        "20191": {
            "year_quarter": 20191,
            "year": 2019,
            "quarter": 1,
            "eps": 0.28,
            "eps_growth_year": 250,
            "eps_4q": 1.98,
            "eps_4q_growth_year": 412.06,
            "roe": 2.23,
            "roe_4q": 16.840000000000003,
            "gross_profit": 21700,
            "gross_margin": 23.01,
            "gross_margin_4q_avg": 12.59,
            "net_income": 10798,
            "net_income_4q": null,
            "revenue": 94290,
            "revenue_4q": null,
            "common_shares": 382950,
            "book_valuer_per_share": 12.76,
            "book_valuer_per_share_4q_avg": 11.93,
            "equity": 488616,
            "current_ratio": 141.7,
            "debt_ratio": 61.16,
            "inventory_turnover_ratio": null,
            "account_receivable_turnover_ratio": 1.1,
            "reinvestment_rate": -3.98,
            "research_to_sale_ratio": null,
            "price_fair": 52.03,
            "eps_avg_yearly": 1.49,
            "eps_latest_yearly": 1.12,
            "eps_growth_yearly": 176.72
        },
        "20192": {
            "year_quarter": 20192,
            "year": 2019,
            "quarter": 2,
            "eps": 0.26,
            "eps_growth_year": 36.84,
            "eps_4q": 2.05,
            "eps_4q_growth_year": 204.43,
            "roe": 2.02,
            "roe_4q": 17.080000000000002,
            "gross_profit": 20596,
            "gross_margin": 14.36,
            "gross_margin_4q_avg": 15.11,
            "net_income": 9986,
            "net_income_4q": null,
            "revenue": 143415,
            "revenue_4q": null,
            "common_shares": 382950,
            "book_valuer_per_share": 13.02,
            "book_valuer_per_share_4q_avg": 12.43,
            "equity": 498602,
            "current_ratio": 141.29,
            "debt_ratio": 61.62,
            "inventory_turnover_ratio": null,
            "account_receivable_turnover_ratio": 2.59,
            "reinvestment_rate": -3.15,
            "research_to_sale_ratio": null,
            "price_fair": 49.8,
            "eps_avg_yearly": 1.42,
            "eps_latest_yearly": 1.04,
            "eps_growth_yearly": 147.39
        },
        "20193": {
            "year_quarter": 20193,
            "year": 2019,
            "quarter": 3,
            "eps": -0.01,
            "eps_growth_year": -102.33,
            "eps_4q": 1.6,
            "eps_4q_growth_year": 80.3,
            "roe": -0.08,
            "roe_4q": 13.13,
            "gross_profit": 13021,
            "gross_margin": 3.65,
            "gross_margin_4q_avg": 14.36,
            "net_income": -409,
            "net_income_4q": null,
            "revenue": 356814,
            "revenue_4q": null,
            "common_shares": 382950,
            "book_valuer_per_share": 13.01,
            "book_valuer_per_share_4q_avg": 12.82,
            "equity": 498193,
            "current_ratio": 133.94,
            "debt_ratio": 65.63,
            "inventory_turnover_ratio": null,
            "account_receivable_turnover_ratio": 12.8,
            "reinvestment_rate": -4.89,
            "research_to_sale_ratio": null,
            "price_fair": 49.8,
            "eps_avg_yearly": 1.42,
            "eps_latest_yearly": 1.04,
            "eps_growth_yearly": 147.39
        },
        "20194": {
            "year_quarter": 20194,
            "year": 2019,
            "quarter": 4,
            "eps": 0.33,
            "eps_growth_year": -69.32,
            "eps_4q": 0.86,
            "eps_4q_growth_year": -51.67,
            "roe": 2.5,
            "roe_4q": 6.67,
            "gross_profit": 27241,
            "gross_margin": 6.49,
            "gross_margin_4q_avg": 11.88,
            "net_income": 12589,
            "net_income_4q": null,
            "revenue": 419696,
            "revenue_4q": null,
            "common_shares": 382950,
            "book_valuer_per_share": 13.28,
            "book_valuer_per_share_4q_avg": 13.02,
            "equity": 508470,
            "current_ratio": 131.87,
            "debt_ratio": 67.39,
            "inventory_turnover_ratio": null,
            "account_receivable_turnover_ratio": 12.77,
            "reinvestment_rate": -3.74,
            "research_to_sale_ratio": null,
            "price_fair": 49.8,
            "eps_avg_yearly": 1.42,
            "eps_latest_yearly": 1.04,
            "eps_growth_yearly": 147.39
        },
        "20201": {
            "year_quarter": 20201,
            "year": 2020,
            "quarter": 1,
            "eps": 0.34,
            "eps_growth_year": 21.43,
            "eps_4q": 0.92,
            "eps_4q_growth_year": -53.85,
            "roe": 2.5,
            "roe_4q": 6.9399999999999995,
            "gross_profit": 27388,
            "gross_margin": 12.89,
            "gross_margin_4q_avg": 9.35,
            "net_income": 12880,
            "net_income_4q": null,
            "revenue": 212450,
            "revenue_4q": null,
            "common_shares": 382950,
            "book_valuer_per_share": 13.61,
            "book_valuer_per_share_4q_avg": 13.23,
            "equity": 521350,
            "current_ratio": 137.21,
            "debt_ratio": 64.33,
            "inventory_turnover_ratio": null,
            "account_receivable_turnover_ratio": 3.86,
            "reinvestment_rate": -2.88,
            "research_to_sale_ratio": null,
            "price_fair": 49.53,
            "eps_avg_yearly": 1.42,
            "eps_latest_yearly": 1.36,
            "eps_growth_yearly": 130.49
        },
        "20202": {
            "year_quarter": 20202,
            "year": 2020,
            "quarter": 2,
            "eps": 0.32,
            "eps_growth_year": 23.08,
            "eps_4q": 0.97,
            "eps_4q_growth_year": -52.52,
            "roe": 2.34,
            "roe_4q": 7.26,
            "gross_profit": 23257,
            "gross_margin": 6.42,
            "gross_margin_4q_avg": 7.36,
            "net_income": 12198,
            "net_income_4q": null,
            "revenue": 362439,
            "revenue_4q": null,
            "common_shares": 382950,
            "book_valuer_per_share": 13.63,
            "book_valuer_per_share_4q_avg": 13.38,
            "equity": 522059,
            "current_ratio": 136.57,
            "debt_ratio": 64.69,
            "inventory_turnover_ratio": null,
            "account_receivable_turnover_ratio": 9.83,
            "reinvestment_rate": -2.08,
            "research_to_sale_ratio": null,
            "price_fair": 49,
            "eps_avg_yearly": 1.4,
            "eps_latest_yearly": 1.28,
            "eps_growth_yearly": 113.37
        },
        "20203": {
            "year_quarter": 20203,
            "year": 2020,
            "quarter": 3,
            "eps": 0.38,
            "eps_growth_year": null,
            "eps_4q": 1.36,
            "eps_4q_growth_year": -14.99,
            "roe": 2.75,
            "roe_4q": 10.09,
            "gross_profit": 26869,
            "gross_margin": 6.19,
            "gross_margin_4q_avg": 8,
            "net_income": 14537,
            "net_income_4q": null,
            "revenue": 434252,
            "revenue_4q": null,
            "common_shares": 382950,
            "book_valuer_per_share": 14.01,
            "book_valuer_per_share_4q_avg": 13.63,
            "equity": 536596,
            "current_ratio": 131.89,
            "debt_ratio": 67.96,
            "inventory_turnover_ratio": null,
            "account_receivable_turnover_ratio": null,
            "reinvestment_rate": -1.41,
            "research_to_sale_ratio": null,
            "price_fair": 49.42,
            "eps_avg_yearly": 1.41,
            "eps_latest_yearly": 1.52,
            "eps_growth_yearly": 109.54
        },
        "20204": {
            "year_quarter": 20204,
            "year": 2020,
            "quarter": 4,
            "eps": 1.95,
            "eps_growth_year": 493.89,
            "eps_4q": 2.99,
            "eps_4q_growth_year": 246.98,
            "roe": 13.02,
            "roe_4q": 20.61,
            "gross_profit": 88918,
            "gross_margin": 16.65,
            "gross_margin_4q_avg": 10.54,
            "net_income": 74765,
            "net_income_4q": null,
            "revenue": 534083,
            "revenue_4q": null,
            "common_shares": 382950,
            "book_valuer_per_share": 15.98,
            "book_valuer_per_share_4q_avg": 14.31,
            "equity": 611859,
            "current_ratio": 134.44,
            "debt_ratio": 67.47,
            "inventory_turnover_ratio": null,
            "account_receivable_turnover_ratio": 4.54,
            "reinvestment_rate": -0.57,
            "research_to_sale_ratio": null,
            "price_fair": 69.75,
            "eps_avg_yearly": 1.99,
            "eps_latest_yearly": 7.8,
            "eps_growth_yearly": 249.82
        },
        "20211": {
            "year_quarter": 20211,
            "year": 2021,
            "quarter": 1,
            "eps": 0.43,
            "eps_growth_year": 26.47,
            "eps_4q": 3.08,
            "eps_4q_growth_year": 236.33,
            "roe": 2.64,
            "roe_4q": 20.75,
            "gross_profit": 28921,
            "gross_margin": 8.69,
            "gross_margin_4q_avg": 9.49,
            "net_income": 16371,
            "net_income_4q": null,
            "revenue": 332865,
            "revenue_4q": null,
            "common_shares": 382950,
            "book_valuer_per_share": 16.41,
            "book_valuer_per_share_4q_avg": 15.01,
            "equity": 628230,
            "current_ratio": 135.69,
            "debt_ratio": 66.92,
            "inventory_turnover_ratio": null,
            "account_receivable_turnover_ratio": 1.54,
            "reinvestment_rate": -0.25,
            "research_to_sale_ratio": null,
            "price_fair": 68.95,
            "eps_avg_yearly": 1.97,
            "eps_latest_yearly": 1.72,
            "eps_growth_yearly": 203.02
        },
        "20212": {
            "year_quarter": 20212,
            "year": 2021,
            "quarter": 2,
            "eps": 0.69,
            "eps_growth_year": 115.62,
            "eps_4q": 3.45,
            "eps_4q_growth_year": 254.26,
            "roe": 4.1,
            "roe_4q": 22.509999999999998,
            "gross_profit": 50070,
            "gross_margin": 10.51,
            "gross_margin_4q_avg": 10.51,
            "net_income": 26316,
            "net_income_4q": null,
            "revenue": 476424,
            "revenue_4q": null,
            "common_shares": 382950,
            "book_valuer_per_share": 17.09,
            "book_valuer_per_share_4q_avg": 15.87,
            "equity": 654546,
            "current_ratio": 139.58,
            "debt_ratio": 64.89,
            "inventory_turnover_ratio": null,
            "account_receivable_turnover_ratio": 2.64,
            "reinvestment_rate": 0.66,
            "research_to_sale_ratio": null,
            "price_fair": 71.08,
            "eps_avg_yearly": 2.03,
            "eps_latest_yearly": 2.76,
            "eps_growth_yearly": 206
        },
        "20213": {
            "year_quarter": 20213,
            "year": 2021,
            "quarter": 3,
            "eps": 0.33,
            "eps_growth_year": -13.16,
            "eps_4q": 3.17,
            "eps_4q_growth_year": 132.53,
            "roe": 2.08,
            "roe_4q": 21.84,
            "gross_profit": 39488,
            "gross_margin": 8,
            "gross_margin_4q_avg": 10.96,
            "net_income": 13648,
            "net_income_4q": null,
            "revenue": 493486,
            "revenue_4q": null,
            "common_shares": 382950,
            "book_valuer_per_share": 17.25,
            "book_valuer_per_share_4q_avg": 16.68,
            "equity": 660535,
            "current_ratio": 132.7,
            "debt_ratio": 69.15,
            "inventory_turnover_ratio": null,
            "account_receivable_turnover_ratio": 2.07,
            "reinvestment_rate": -0.27,
            "research_to_sale_ratio": null,
            "price_fair": 69.3,
            "eps_avg_yearly": 1.98,
            "eps_latest_yearly": 1.32,
            "eps_growth_yearly": 176.38
        },
        "20214": {
            "year_quarter": 20214,
            "year": 2021,
            "quarter": 4,
            "eps": 1.55,
            "eps_growth_year": -20.56,
            "eps_4q": 2.91,
            "eps_4q_growth_year": -2.47,
            "roe": 9.29,
            "roe_4q": 18.11,
            "gross_profit": 114320,
            "gross_margin": 11.89,
            "gross_margin_4q_avg": 9.77,
            "net_income": 64148,
            "net_income_4q": null,
            "revenue": 961794,
            "revenue_4q": null,
            "common_shares": 413586,
            "book_valuer_per_share": 17.4,
            "book_valuer_per_share_4q_avg": 17.04,
            "equity": 719810,
            "current_ratio": 125.41,
            "debt_ratio": 74.36,
            "inventory_turnover_ratio": null,
            "account_receivable_turnover_ratio": 3.16,
            "reinvestment_rate": -0.54,
            "research_to_sale_ratio": null,
            "price_fair": 83,
            "eps_avg_yearly": 2.37,
            "eps_latest_yearly": 6.2,
            "eps_growth_yearly": 287.21
        },
        "20221": {
            "year_quarter": 20221,
            "year": 2022,
            "quarter": 1,
            "eps": 0.42,
            "eps_growth_year": -2.33,
            "eps_4q": 2.94,
            "eps_4q_growth_year": -4.49,
            "roe": 2.4,
            "roe_4q": 17.869999999999997,
            "gross_profit": 36833,
            "gross_margin": 9.59,
            "gross_margin_4q_avg": 10,
            "net_income": 17470,
            "net_income_4q": null,
            "revenue": 384144,
            "revenue_4q": null,
            "common_shares": 413586,
            "book_valuer_per_share": 17.83,
            "book_valuer_per_share_4q_avg": 17.39,
            "equity": 737280,
            "current_ratio": 123.92,
            "debt_ratio": 74.15,
            "inventory_turnover_ratio": null,
            "account_receivable_turnover_ratio": 1.09,
            "reinvestment_rate": 38.67,
            "research_to_sale_ratio": null,
            "price_fair": 86.4,
            "eps_avg_yearly": 2.47,
            "eps_latest_yearly": 1.68,
            "eps_growth_yearly": 282.25
        },
        "20222": {
            "year_quarter": 20222,
            "year": 2022,
            "quarter": 2,
            "eps": 0.56,
            "eps_growth_year": -18.84,
            "eps_4q": 2.61,
            "eps_4q_growth_year": -24.4,
            "roe": 3.15,
            "roe_4q": 16.92,
            "gross_profit": 51139,
            "gross_margin": 9.62,
            "gross_margin_4q_avg": 9.78,
            "net_income": 23272,
            "net_income_4q": null,
            "revenue": 531672,
            "revenue_4q": null,
            "common_shares": 413586,
            "book_valuer_per_share": 17.89,
            "book_valuer_per_share_4q_avg": 17.59,
            "equity": 739872,
            "current_ratio": 124.73,
            "debt_ratio": 72.59,
            "inventory_turnover_ratio": null,
            "account_receivable_turnover_ratio": 1.25,
            "reinvestment_rate": 43.66,
            "research_to_sale_ratio": null,
            "price_fair": 90.1,
            "eps_avg_yearly": 2.57,
            "eps_latest_yearly": 2.24,
            "eps_growth_yearly": 252.49
        },
        "20223": {
            "year_quarter": 20223,
            "year": 2022,
            "quarter": 3,
            "eps": 0.94,
            "eps_growth_year": 184.85,
            "eps_4q": 3.25,
            "eps_4q_growth_year": 2.51,
            "roe": 5.64,
            "roe_4q": 20.479999999999997,
            "gross_profit": 77115,
            "gross_margin": 12.33,
            "gross_margin_4q_avg": 10.86,
            "net_income": 42939,
            "net_income_4q": null,
            "revenue": 625382,
            "revenue_4q": null,
            "common_shares": 454945,
            "book_valuer_per_share": 17.21,
            "book_valuer_per_share_4q_avg": 17.58,
            "equity": 782811,
            "current_ratio": 125.08,
            "debt_ratio": 72.91,
            "inventory_turnover_ratio": null,
            "account_receivable_turnover_ratio": 1.56,
            "reinvestment_rate": 40.63,
            "research_to_sale_ratio": null,
            "price_fair": 95.2,
            "eps_avg_yearly": 2.72,
            "eps_latest_yearly": 3.76,
            "eps_growth_yearly": 235.78
        },
        "20224": {
            "year_quarter": 20224,
            "year": 2022,
            "quarter": 4,
            "eps": 0.99,
            "eps_growth_year": -36.03,
            "eps_4q": 2.83,
            "eps_4q_growth_year": -2.8,
            "roe": 5.6,
            "roe_4q": 16.79,
            "gross_profit": 81479,
            "gross_margin": 9.05,
            "gross_margin_4q_avg": 10.15,
            "net_income": 45136,
            "net_income_4q": null,
            "revenue": 900292,
            "revenue_4q": null,
            "common_shares": 454945,
            "book_valuer_per_share": 18.25,
            "book_valuer_per_share_4q_avg": 17.8,
            "equity": 830210,
            "current_ratio": 124.89,
            "debt_ratio": 73.49,
            "inventory_turnover_ratio": null,
            "account_receivable_turnover_ratio": 1.96,
            "reinvestment_rate": 40.12,
            "research_to_sale_ratio": null,
            "price_fair": 94.4,
            "eps_avg_yearly": 2.7,
            "eps_latest_yearly": 3.96,
            "eps_growth_yearly": 194.78
        },
        "20231": {
            "year_quarter": 20231,
            "year": 2023,
            "quarter": 1,
            "eps": 0.72,
            "eps_growth_year": 71.43,
            "eps_4q": 3.15,
            "eps_4q_growth_year": 7.25,
            "roe": 3.79,
            "roe_4q": 18.18,
            "gross_profit": 61950,
            "gross_margin": 11.22,
            "gross_margin_4q_avg": 10.56,
            "net_income": 32093,
            "net_income_4q": null,
            "revenue": 551936,
            "revenue_4q": null,
            "common_shares": 454945,
            "book_valuer_per_share": 18.95,
            "book_valuer_per_share_4q_avg": 18.08,
            "equity": 862303,
            "current_ratio": 125.49,
            "debt_ratio": 73.29,
            "inventory_turnover_ratio": null,
            "account_receivable_turnover_ratio": 1.15,
            "reinvestment_rate": 38.43,
            "research_to_sale_ratio": null,
            "price_fair": 98.8,
            "eps_avg_yearly": 2.82,
            "eps_latest_yearly": 2.88,
            "eps_growth_yearly": 208.08
        },
        "20232": {
            "year_quarter": 20232,
            "year": 2023,
            "quarter": 2,
            "eps": 0.1,
            "eps_growth_year": -82.14,
            "eps_4q": 2.49,
            "eps_4q_growth_year": -4.41,
            "roe": 0.52,
            "roe_4q": 15.55,
            "gross_profit": 33238,
            "gross_margin": 4.03,
            "gross_margin_4q_avg": 9.16,
            "net_income": 4476,
            "net_income_4q": null,
            "revenue": 824423,
            "revenue_4q": null,
            "common_shares": 454945,
            "book_valuer_per_share": 18.55,
            "book_valuer_per_share_4q_avg": 18.24,
            "equity": 844031,
            "current_ratio": 126.35,
            "debt_ratio": 73.8,
            "inventory_turnover_ratio": null,
            "account_receivable_turnover_ratio": 2.44,
            "reinvestment_rate": 38.91,
            "research_to_sale_ratio": null,
            "price_fair": 97.2,
            "eps_avg_yearly": 2.78,
            "eps_latest_yearly": 0.4,
            "eps_growth_yearly": 185.52
        },
        "20233": {
            "year_quarter": 20233,
            "year": 2023,
            "quarter": 3,
            "eps": -4.05,
            "eps_growth_year": -530.85,
            "eps_4q": -2.42,
            "eps_4q_growth_year": -174.38,
            "roe": -27.29,
            "roe_4q": -17.380000000000003,
            "gross_profit": -192222,
            "gross_margin": -34.74,
            "gross_margin_4q_avg": -2.61,
            "net_income": -202656,
            "net_income_4q": null,
            "revenue": 553377,
            "revenue_4q": null,
            "common_shares": 500439,
            "book_valuer_per_share": 12.82,
            "book_valuer_per_share_4q_avg": 17.14,
            "equity": 641375,
            "current_ratio": 116.37,
            "debt_ratio": 81.08,
            "inventory_turnover_ratio": null,
            "account_receivable_turnover_ratio": 1.95,
            "reinvestment_rate": 76.03,
            "research_to_sale_ratio": null,
            "price_fair": 97.2,
            "eps_avg_yearly": 2.78,
            "eps_latest_yearly": 0.4,
            "eps_growth_yearly": 185.52
        }
    },
    "months": {
        "2001-06": {
            "month": "2001-06",
            "price": "11.74",
            "revenue": 252941
        },
        "2001-07": {
            "month": "2001-07",
            "price": "11.29",
            "revenue": 124740
        },
        "2001-08": {
            "month": "2001-08",
            "price": "11.80",
            "revenue": 160497
        },
        "2001-09": {
            "month": "2001-09",
            "price": "11.45",
            "revenue": 148112
        },
        "2001-10": {
            "month": "2001-10",
            "price": "11.11",
            "revenue": 193026
        },
        "2001-11": {
            "month": "2001-11",
            "price": "11.38",
            "revenue": 107977
        },
        "2001-12": {
            "month": "2001-12",
            "price": "12.26",
            "revenue": 250920
        },
        "2002-01": {
            "month": "2002-01",
            "price": "12.43",
            "revenue": 149586
        },
        "2002-02": {
            "month": "2002-02",
            "price": "11.69",
            "revenue": 43539
        },
        "2002-03": {
            "month": "2002-03",
            "price": "11.91",
            "revenue": 95119
        },
        "2002-04": {
            "month": "2002-04",
            "price": "13.30",
            "revenue": 100054
        },
        "2002-05": {
            "month": "2002-05",
            "price": "12.09",
            "revenue": 114505
        },
        "2002-06": {
            "month": "2002-06",
            "price": "11.59",
            "revenue": 149344
        },
        "2002-07": {
            "month": "2002-07",
            "price": "12.27",
            "revenue": 156107
        },
        "2002-08": {
            "month": "2002-08",
            "price": "12.62",
            "revenue": 159301
        },
        "2002-09": {
            "month": "2002-09",
            "price": "11.14",
            "revenue": 164536
        },
        "2002-10": {
            "month": "2002-10",
            "price": "11.27",
            "revenue": 108568
        },
        "2002-11": {
            "month": "2002-11",
            "price": "12.12",
            "revenue": 118409
        },
        "2002-12": {
            "month": "2002-12",
            "price": "11.14",
            "revenue": 220426
        },
        "2003-01": {
            "month": "2003-01",
            "price": "11.29",
            "revenue": 105819
        },
        "2003-02": {
            "month": "2003-02",
            "price": "11.88",
            "revenue": 98138
        },
        "2003-03": {
            "month": "2003-03",
            "price": "11.05",
            "revenue": 144178
        },
        "2003-04": {
            "month": "2003-04",
            "price": "10.90",
            "revenue": 79360
        },
        "2003-05": {
            "month": "2003-05",
            "price": "10.57",
            "revenue": 107321
        },
        "2003-06": {
            "month": "2003-06",
            "price": "10.67",
            "revenue": 151467
        },
        "2003-07": {
            "month": "2003-07",
            "price": "11.04",
            "revenue": 71692
        },
        "2003-08": {
            "month": "2003-08",
            "price": "10.88",
            "revenue": 50695
        },
        "2003-09": {
            "month": "2003-09",
            "price": "10.41",
            "revenue": 22758
        },
        "2003-10": {
            "month": "2003-10",
            "price": "10.05",
            "revenue": 174669
        },
        "2003-11": {
            "month": "2003-11",
            "price": "10.40",
            "revenue": 89232
        },
        "2003-12": {
            "month": "2003-12",
            "price": "10.82",
            "revenue": 158400
        },
        "2004-01": {
            "month": "2004-01",
            "price": "11.54",
            "revenue": 29496
        },
        "2004-02": {
            "month": "2004-02",
            "price": "12.34",
            "revenue": 13287
        },
        "2004-03": {
            "month": "2004-03",
            "price": "13.07",
            "revenue": 29726
        },
        "2004-04": {
            "month": "2004-04",
            "price": "12.87",
            "revenue": 20510
        },
        "2004-05": {
            "month": "2004-05",
            "price": "12.17",
            "revenue": 64337
        },
        "2004-06": {
            "month": "2004-06",
            "price": "11.76",
            "revenue": 10069
        },
        "2004-07": {
            "month": "2004-07",
            "price": "11.69",
            "revenue": 40548
        },
        "2004-08": {
            "month": "2004-08",
            "price": "11.78",
            "revenue": 111581
        },
        "2004-09": {
            "month": "2004-09",
            "price": "11.33",
            "revenue": 114153
        },
        "2004-10": {
            "month": "2004-10",
            "price": "10.92",
            "revenue": 196856
        },
        "2004-11": {
            "month": "2004-11",
            "price": "11.00",
            "revenue": 202060
        },
        "2004-12": {
            "month": "2004-12",
            "price": "11.02",
            "revenue": 195145
        },
        "2005-01": {
            "month": "2005-01",
            "price": "11.12",
            "revenue": 255568
        },
        "2005-02": {
            "month": "2005-02",
            "price": "11.08",
            "revenue": 100329
        },
        "2005-03": {
            "month": "2005-03",
            "price": "10.67",
            "revenue": 174855
        },
        "2005-04": {
            "month": "2005-04",
            "price": "10.66",
            "revenue": 196449
        },
        "2005-05": {
            "month": "2005-05",
            "price": "10.30",
            "revenue": 116812
        },
        "2005-06": {
            "month": "2005-06",
            "price": "11.10",
            "revenue": 161278
        },
        "2005-07": {
            "month": "2005-07",
            "price": "11.30",
            "revenue": 349084
        },
        "2005-08": {
            "month": "2005-08",
            "price": "11.24",
            "revenue": 161665
        },
        "2005-09": {
            "month": "2005-09",
            "price": "11.57",
            "revenue": 224623
        },
        "2005-10": {
            "month": "2005-10",
            "price": "11.67",
            "revenue": 151946
        },
        "2005-11": {
            "month": "2005-11",
            "price": "12.08",
            "revenue": 170259
        },
        "2005-12": {
            "month": "2005-12",
            "price": "11.34",
            "revenue": 756916
        },
        "2006-01": {
            "month": "2006-01",
            "price": "12.99",
            "revenue": 160679
        },
        "2006-02": {
            "month": "2006-02",
            "price": "13.70",
            "revenue": 63795
        },
        "2006-03": {
            "month": "2006-03",
            "price": "12.22",
            "revenue": 328198
        },
        "2006-04": {
            "month": "2006-04",
            "price": "12.50",
            "revenue": 107439
        },
        "2006-05": {
            "month": "2006-05",
            "price": "13.11",
            "revenue": 134672
        },
        "2006-06": {
            "month": "2006-06",
            "price": "11.76",
            "revenue": 138283
        },
        "2006-07": {
            "month": "2006-07",
            "price": "11.19",
            "revenue": 86855
        },
        "2006-08": {
            "month": "2006-08",
            "price": "10.85",
            "revenue": 143175
        },
        "2006-09": {
            "month": "2006-09",
            "price": "10.78",
            "revenue": 116795
        },
        "2006-10": {
            "month": "2006-10",
            "price": "12.34",
            "revenue": 135402
        },
        "2006-11": {
            "month": "2006-11",
            "price": "11.95",
            "revenue": 197770
        },
        "2006-12": {
            "month": "2006-12",
            "price": "12.57",
            "revenue": 62318
        },
        "2007-01": {
            "month": "2007-01",
            "price": "17.20",
            "revenue": 103593
        },
        "2007-02": {
            "month": "2007-02",
            "price": "14.95",
            "revenue": 27107
        },
        "2007-03": {
            "month": "2007-03",
            "price": "12.70",
            "revenue": 60540
        },
        "2007-04": {
            "month": "2007-04",
            "price": "12.36",
            "revenue": 26895
        },
        "2007-05": {
            "month": "2007-05",
            "price": "12.83",
            "revenue": 85203
        },
        "2007-06": {
            "month": "2007-06",
            "price": "13.00",
            "revenue": 49415
        },
        "2007-07": {
            "month": "2007-07",
            "price": "14.67",
            "revenue": 36681
        },
        "2007-08": {
            "month": "2007-08",
            "price": "12.90",
            "revenue": 138612
        },
        "2007-09": {
            "month": "2007-09",
            "price": "10.45",
            "revenue": 40162
        },
        "2007-10": {
            "month": "2007-10",
            "price": "10.76",
            "revenue": 67338
        },
        "2007-11": {
            "month": "2007-11",
            "price": "9.78",
            "revenue": 20068
        },
        "2007-12": {
            "month": "2007-12",
            "price": "9.29",
            "revenue": 76942
        },
        "2008-01": {
            "month": "2008-01",
            "price": "9.28",
            "revenue": 14112
        },
        "2008-02": {
            "month": "2008-02",
            "price": "9.52",
            "revenue": 7114
        },
        "2008-03": {
            "month": "2008-03",
            "price": "9.45",
            "revenue": 32758
        },
        "2008-04": {
            "month": "2008-04",
            "price": "10.68",
            "revenue": 31165
        },
        "2008-05": {
            "month": "2008-05",
            "price": "11.52",
            "revenue": 17616
        },
        "2008-06": {
            "month": "2008-06",
            "price": "11.84",
            "revenue": 40332
        },
        "2008-07": {
            "month": "2008-07",
            "price": "10.36",
            "revenue": 17662
        },
        "2008-08": {
            "month": "2008-08",
            "price": "10.30",
            "revenue": 31691
        },
        "2008-09": {
            "month": "2008-09",
            "price": "10.07",
            "revenue": 54888
        },
        "2008-10": {
            "month": "2008-10",
            "price": "9.93",
            "revenue": 24851
        },
        "2008-11": {
            "month": "2008-11",
            "price": "9.12",
            "revenue": 40050
        },
        "2008-12": {
            "month": "2008-12",
            "price": "6.92",
            "revenue": 73446
        },
        "2009-01": {
            "month": "2009-01",
            "price": "6.17",
            "revenue": 23663
        },
        "2009-02": {
            "month": "2009-02",
            "price": "6.02",
            "revenue": 51251
        },
        "2009-03": {
            "month": "2009-03",
            "price": "5.96",
            "revenue": 47833
        },
        "2009-04": {
            "month": "2009-04",
            "price": "7.77",
            "revenue": 43539
        },
        "2009-05": {
            "month": "2009-05",
            "price": "7.72",
            "revenue": 129085
        },
        "2009-06": {
            "month": "2009-06",
            "price": "10.07",
            "revenue": 106086
        },
        "2009-07": {
            "month": "2009-07",
            "price": "12.10",
            "revenue": 165708
        },
        "2009-08": {
            "month": "2009-08",
            "price": "12.43",
            "revenue": 137412
        },
        "2009-09": {
            "month": "2009-09",
            "price": "12.17",
            "revenue": 145622
        },
        "2009-10": {
            "month": "2009-10",
            "price": "12.27",
            "revenue": 132628
        },
        "2009-11": {
            "month": "2009-11",
            "price": "12.07",
            "revenue": 90087
        },
        "2009-12": {
            "month": "2009-12",
            "price": "12.04",
            "revenue": 366135
        },
        "2010-01": {
            "month": "2010-01",
            "price": "12.83",
            "revenue": 67400
        },
        "2010-02": {
            "month": "2010-02",
            "price": "11.84",
            "revenue": 51160
        },
        "2010-03": {
            "month": "2010-03",
            "price": "12.20",
            "revenue": 95058
        },
        "2010-04": {
            "month": "2010-04",
            "price": "13.85",
            "revenue": 85911
        },
        "2010-05": {
            "month": "2010-05",
            "price": "13.12",
            "revenue": 79168
        },
        "2010-06": {
            "month": "2010-06",
            "price": "12.59",
            "revenue": 96961
        },
        "2010-07": {
            "month": "2010-07",
            "price": "12.93",
            "revenue": 81771
        },
        "2010-08": {
            "month": "2010-08",
            "price": "12.45",
            "revenue": 118657
        },
        "2010-09": {
            "month": "2010-09",
            "price": "12.25",
            "revenue": 150816
        },
        "2010-10": {
            "month": "2010-10",
            "price": "11.93",
            "revenue": 145703
        },
        "2010-11": {
            "month": "2010-11",
            "price": "11.59",
            "revenue": 80022
        },
        "2010-12": {
            "month": "2010-12",
            "price": "12.08",
            "revenue": 323163
        },
        "2011-01": {
            "month": "2011-01",
            "price": "12.97",
            "revenue": 39214
        },
        "2011-02": {
            "month": "2011-02",
            "price": "12.85",
            "revenue": 49944
        },
        "2011-03": {
            "month": "2011-03",
            "price": "12.84",
            "revenue": 164202
        },
        "2011-04": {
            "month": "2011-04",
            "price": "12.82",
            "revenue": 173683
        },
        "2011-05": {
            "month": "2011-05",
            "price": "12.58",
            "revenue": 226258
        },
        "2011-06": {
            "month": "2011-06",
            "price": "13.62",
            "revenue": 216085
        },
        "2011-07": {
            "month": "2011-07",
            "price": "13.87",
            "revenue": 278020
        },
        "2011-08": {
            "month": "2011-08",
            "price": "13.83",
            "revenue": 241789
        },
        "2011-09": {
            "month": "2011-09",
            "price": "16.11",
            "revenue": 244624
        },
        "2011-10": {
            "month": "2011-10",
            "price": "16.16",
            "revenue": 234090
        },
        "2011-11": {
            "month": "2011-11",
            "price": "17.52",
            "revenue": 260618
        },
        "2011-12": {
            "month": "2011-12",
            "price": "17.35",
            "revenue": 364391
        },
        "2012-01": {
            "month": "2012-01",
            "price": "17.66",
            "revenue": 176607
        },
        "2012-02": {
            "month": "2012-02",
            "price": "18.51",
            "revenue": 132484
        },
        "2012-03": {
            "month": "2012-03",
            "price": "20.85",
            "revenue": 146262
        },
        "2012-04": {
            "month": "2012-04",
            "price": "22.05",
            "revenue": 126756
        },
        "2012-05": {
            "month": "2012-05",
            "price": "16.18",
            "revenue": 115064
        },
        "2012-06": {
            "month": "2012-06",
            "price": "14.00",
            "revenue": 214790
        },
        "2012-07": {
            "month": "2012-07",
            "price": "13.91",
            "revenue": 100579
        },
        "2012-08": {
            "month": "2012-08",
            "price": "14.82",
            "revenue": 121166
        },
        "2012-09": {
            "month": "2012-09",
            "price": "14.88",
            "revenue": 121726
        },
        "2012-10": {
            "month": "2012-10",
            "price": "14.49",
            "revenue": 125677
        },
        "2012-11": {
            "month": "2012-11",
            "price": "13.54",
            "revenue": 125726
        },
        "2012-12": {
            "month": "2012-12",
            "price": "12.25",
            "revenue": 164047
        },
        "2013-01": {
            "month": "2013-01",
            "price": "12.70",
            "revenue": 231777
        },
        "2013-02": {
            "month": "2013-02",
            "price": "12.73",
            "revenue": 76231
        },
        "2013-03": {
            "month": "2013-03",
            "price": "12.56",
            "revenue": 216084
        },
        "2013-04": {
            "month": "2013-04",
            "price": "14.14",
            "revenue": 202069
        },
        "2013-05": {
            "month": "2013-05",
            "price": "14.50",
            "revenue": 103952
        },
        "2013-06": {
            "month": "2013-06",
            "price": "14.53",
            "revenue": 63111
        },
        "2013-07": {
            "month": "2013-07",
            "price": "14.11",
            "revenue": 139772
        },
        "2013-08": {
            "month": "2013-08",
            "price": "13.81",
            "revenue": 63576
        },
        "2013-09": {
            "month": "2013-09",
            "price": "13.52",
            "revenue": 68793
        },
        "2013-10": {
            "month": "2013-10",
            "price": "13.15",
            "revenue": 57249
        },
        "2013-11": {
            "month": "2013-11",
            "price": "12.57",
            "revenue": 60297
        },
        "2013-12": {
            "month": "2013-12",
            "price": "12.41",
            "revenue": 9934
        },
        "2014-01": {
            "month": "2014-01",
            "price": "12.69",
            "revenue": 68960
        },
        "2014-02": {
            "month": "2014-02",
            "price": "12.38",
            "revenue": 52533
        },
        "2014-03": {
            "month": "2014-03",
            "price": "12.40",
            "revenue": 59641
        },
        "2014-04": {
            "month": "2014-04",
            "price": "11.42",
            "revenue": 82776
        },
        "2014-05": {
            "month": "2014-05",
            "price": "11.24",
            "revenue": 4026
        },
        "2014-06": {
            "month": "2014-06",
            "price": "10.76",
            "revenue": 47401
        },
        "2014-07": {
            "month": "2014-07",
            "price": "10.45",
            "revenue": 52325
        },
        "2014-08": {
            "month": "2014-08",
            "price": "10.93",
            "revenue": 20895
        },
        "2014-09": {
            "month": "2014-09",
            "price": "11.10",
            "revenue": 41955
        },
        "2014-10": {
            "month": "2014-10",
            "price": "10.22",
            "revenue": 29217
        },
        "2014-11": {
            "month": "2014-11",
            "price": "9.76",
            "revenue": 33307
        },
        "2014-12": {
            "month": "2014-12",
            "price": "10.06",
            "revenue": 33489
        },
        "2015-01": {
            "month": "2015-01",
            "price": "11.68",
            "revenue": 27161
        },
        "2015-02": {
            "month": "2015-02",
            "price": "10.81",
            "revenue": 24998
        },
        "2015-03": {
            "month": "2015-03",
            "price": "10.85",
            "revenue": 25962
        },
        "2015-04": {
            "month": "2015-04",
            "price": "10.31",
            "revenue": 77402
        },
        "2015-05": {
            "month": "2015-05",
            "price": "10.60",
            "revenue": 28849
        },
        "2015-06": {
            "month": "2015-06",
            "price": "10.54",
            "revenue": 62895
        },
        "2015-07": {
            "month": "2015-07",
            "price": "10.99",
            "revenue": 43645
        },
        "2015-08": {
            "month": "2015-08",
            "price": "10.62",
            "revenue": 37879
        },
        "2015-09": {
            "month": "2015-09",
            "price": "10.61",
            "revenue": 88804
        },
        "2015-10": {
            "month": "2015-10",
            "price": "10.67",
            "revenue": 40999
        },
        "2015-11": {
            "month": "2015-11",
            "price": "10.31",
            "revenue": 37612
        },
        "2015-12": {
            "month": "2015-12",
            "price": "9.82",
            "revenue": 136642
        },
        "2016-01": {
            "month": "2016-01",
            "price": "9.48",
            "revenue": 79691
        },
        "2016-02": {
            "month": "2016-02",
            "price": "8.97",
            "revenue": 2392
        },
        "2016-03": {
            "month": "2016-03",
            "price": "10.31",
            "revenue": 47722
        },
        "2016-04": {
            "month": "2016-04",
            "price": "10.71",
            "revenue": 68066
        },
        "2016-05": {
            "month": "2016-05",
            "price": "10.61",
            "revenue": 31442
        },
        "2016-06": {
            "month": "2016-06",
            "price": "9.91",
            "revenue": 46784
        },
        "2016-07": {
            "month": "2016-07",
            "price": "9.35",
            "revenue": 37966
        },
        "2016-08": {
            "month": "2016-08",
            "price": "9.42",
            "revenue": 36986
        },
        "2016-09": {
            "month": "2016-09",
            "price": "10.37",
            "revenue": 60398
        },
        "2016-10": {
            "month": "2016-10",
            "price": "8.94",
            "revenue": 15574
        },
        "2016-11": {
            "month": "2016-11",
            "price": "9.06",
            "revenue": 79114
        },
        "2016-12": {
            "month": "2016-12",
            "price": "8.99",
            "revenue": 153179
        },
        "2017-01": {
            "month": "2017-01",
            "price": "8.91",
            "revenue": 23237
        },
        "2017-02": {
            "month": "2017-02",
            "price": "8.95",
            "revenue": 16595
        },
        "2017-03": {
            "month": "2017-03",
            "price": "8.96",
            "revenue": 52437
        },
        "2017-04": {
            "month": "2017-04",
            "price": "8.72",
            "revenue": 15695
        },
        "2017-05": {
            "month": "2017-05",
            "price": "8.54",
            "revenue": 38301
        },
        "2017-06": {
            "month": "2017-06",
            "price": "8.59",
            "revenue": 106200
        },
        "2017-07": {
            "month": "2017-07",
            "price": "8.72",
            "revenue": 38534
        },
        "2017-08": {
            "month": "2017-08",
            "price": "8.93",
            "revenue": 104679
        },
        "2017-09": {
            "month": "2017-09",
            "price": "9.67",
            "revenue": 88201
        },
        "2017-10": {
            "month": "2017-10",
            "price": "9.79",
            "revenue": 55656
        },
        "2017-11": {
            "month": "2017-11",
            "price": "9.37",
            "revenue": 102686
        },
        "2017-12": {
            "month": "2017-12",
            "price": "9.28",
            "revenue": 123100
        },
        "2018-01": {
            "month": "2018-01",
            "price": "9.32",
            "revenue": 28124
        },
        "2018-02": {
            "month": "2018-02",
            "price": "9.23",
            "revenue": 49001
        },
        "2018-03": {
            "month": "2018-03",
            "price": "9.36",
            "revenue": 79032
        },
        "2018-04": {
            "month": "2018-04",
            "price": "11.53",
            "revenue": 42016
        },
        "2018-05": {
            "month": "2018-05",
            "price": "11.18",
            "revenue": 149363
        },
        "2018-06": {
            "month": "2018-06",
            "price": "11.44",
            "revenue": 118172
        },
        "2018-07": {
            "month": "2018-07",
            "price": "11.06",
            "revenue": 142858
        },
        "2018-08": {
            "month": "2018-08",
            "price": "11.17",
            "revenue": 113528
        },
        "2018-09": {
            "month": "2018-09",
            "price": "11.81",
            "revenue": 210571
        },
        "2018-10": {
            "month": "2018-10",
            "price": "11.91",
            "revenue": 41896
        },
        "2018-11": {
            "month": "2018-11",
            "price": "11.88",
            "revenue": 33270
        },
        "2018-12": {
            "month": "2018-12",
            "price": "12.05",
            "revenue": 249777
        },
        "2019-01": {
            "month": "2019-01",
            "price": "11.96",
            "revenue": 11995
        },
        "2019-02": {
            "month": "2019-02",
            "price": "12.00",
            "revenue": 26526
        },
        "2019-03": {
            "month": "2019-03",
            "price": "11.92",
            "revenue": 48343
        },
        "2019-04": {
            "month": "2019-04",
            "price": "13.38",
            "revenue": 22663
        },
        "2019-05": {
            "month": "2019-05",
            "price": "14.93",
            "revenue": 69347
        },
        "2019-06": {
            "month": "2019-06",
            "price": "15.52",
            "revenue": 58831
        },
        "2019-07": {
            "month": "2019-07",
            "price": "15.82",
            "revenue": 47892
        },
        "2019-08": {
            "month": "2019-08",
            "price": "15.62",
            "revenue": 108710
        },
        "2019-09": {
            "month": "2019-09",
            "price": "14.81",
            "revenue": 200212
        },
        "2019-10": {
            "month": "2019-10",
            "price": "15.32",
            "revenue": 44266
        },
        "2019-11": {
            "month": "2019-11",
            "price": "14.67",
            "revenue": 86716
        },
        "2019-12": {
            "month": "2019-12",
            "price": "13.22",
            "revenue": 278649
        },
        "2020-01": {
            "month": "2020-01",
            "price": "13.26",
            "revenue": 15422
        },
        "2020-02": {
            "month": "2020-02",
            "price": "14.05",
            "revenue": 32868
        },
        "2020-03": {
            "month": "2020-03",
            "price": "13.39",
            "revenue": 164160
        },
        "2020-04": {
            "month": "2020-04",
            "price": "14.11",
            "revenue": 57091
        },
        "2020-05": {
            "month": "2020-05",
            "price": "14.58",
            "revenue": 68886
        },
        "2020-06": {
            "month": "2020-06",
            "price": "15.50",
            "revenue": 236462
        },
        "2020-07": {
            "month": "2020-07",
            "price": "16.11",
            "revenue": 118587
        },
        "2020-08": {
            "month": "2020-08",
            "price": "15.57",
            "revenue": 106052
        },
        "2020-09": {
            "month": "2020-09",
            "price": "15.19",
            "revenue": 209613
        },
        "2020-10": {
            "month": "2020-10",
            "price": "14.61",
            "revenue": 105320
        },
        "2020-11": {
            "month": "2020-11",
            "price": "14.61",
            "revenue": 127508
        },
        "2020-12": {
            "month": "2020-12",
            "price": "14.37",
            "revenue": 299836
        },
        "2021-01": {
            "month": "2021-01",
            "price": "14.05",
            "revenue": 122097
        },
        "2021-02": {
            "month": "2021-02",
            "price": "13.28",
            "revenue": 59409
        },
        "2021-03": {
            "month": "2021-03",
            "price": "13.88",
            "revenue": 151359
        },
        "2021-04": {
            "month": "2021-04",
            "price": "16.32",
            "revenue": 126343
        },
        "2021-05": {
            "month": "2021-05",
            "price": "14.54",
            "revenue": 118565
        },
        "2021-06": {
            "month": "2021-06",
            "price": "14.56",
            "revenue": 231516
        },
        "2021-07": {
            "month": "2021-07",
            "price": "14.61",
            "revenue": 136839
        },
        "2021-08": {
            "month": "2021-08",
            "price": "14.04",
            "revenue": 158338
        },
        "2021-09": {
            "month": "2021-09",
            "price": "14.40",
            "revenue": 198308
        },
        "2021-10": {
            "month": "2021-10",
            "price": "14.80",
            "revenue": 164551
        },
        "2021-11": {
            "month": "2021-11",
            "price": "13.88",
            "revenue": 219604
        },
        "2021-12": {
            "month": "2021-12",
            "price": "13.95",
            "revenue": 601199
        },
        "2022-01": {
            "month": "2022-01",
            "price": "14.98",
            "revenue": 61641
        },
        "2022-02": {
            "month": "2022-02",
            "price": "15.36",
            "revenue": 126662
        },
        "2022-03": {
            "month": "2022-03",
            "price": "15.55",
            "revenue": 186351
        },
        "2022-04": {
            "month": "2022-04",
            "price": "16.92",
            "revenue": 180977
        },
        "2022-05": {
            "month": "2022-05",
            "price": "17.09",
            "revenue": 171538
        },
        "2022-06": {
            "month": "2022-06",
            "price": "17.87",
            "revenue": 196584
        },
        "2022-07": {
            "month": "2022-07",
            "price": "17.51",
            "revenue": 161960
        },
        "2022-08": {
            "month": "2022-08",
            "price": "17.75",
            "revenue": 210636
        },
        "2022-09": {
            "month": "2022-09",
            "price": "18.43",
            "revenue": 259151
        },
        "2022-10": {
            "month": "2022-10",
            "price": "17.52",
            "revenue": 206672
        },
        "2022-11": {
            "month": "2022-11",
            "price": "17.00",
            "revenue": 154109
        },
        "2022-12": {
            "month": "2022-12",
            "price": "17.80",
            "revenue": 546393
        },
        "2023-01": {
            "month": "2023-01",
            "price": "19.92",
            "revenue": 156097
        },
        "2023-02": {
            "month": "2023-02",
            "price": "23.80",
            "revenue": 158534
        },
        "2023-03": {
            "month": "2023-03",
            "price": "26.12",
            "revenue": 237305
        },
        "2023-04": {
            "month": "2023-04",
            "price": "25.73",
            "revenue": 282005
        },
        "2023-05": {
            "month": "2023-05",
            "price": "26.94",
            "revenue": 288519
        },
        "2023-06": {
            "month": "2023-06",
            "price": "28.72",
            "revenue": 269412
        },
        "2023-07": {
            "month": "2023-07",
            "price": "30.54",
            "revenue": 246029
        },
        "2023-08": {
            "month": "2023-08",
            "price": "30.23",
            "revenue": 240765
        },
        "2023-09": {
            "month": "2023-09",
            "price": "30.06",
            "revenue": 51019
        },
        "2023-10": {
            "month": "2023-10",
            "price": "24.37",
            "revenue": 166345
        },
        "2023-11": {
            "month": "2023-11",
            "price": "20.25",
            "revenue": 286546
        },
        "2023-12": {
            "month": "2023-12",
            "price": "19.85",
            "revenue": 397845
        }
    }
}
