{
    "summary": {
        "stock_name": "隆大",
        "stock_id": "5519",
        "category": "建材營造",
        "main_business": "住宅、大樓及工業廠房開發租售業<br>營造業、投資興建公共建設業<br>不動產租賃業",
        "website_url": "http://www.longda.com.tw",
        "ceo": "洪茂源",
        "pe_ratio": 6,
        "report_year_from": 2001,
        "report_year_to": 2023,
        "age": 22,
        "eps_negative_percentage": 0,
        "eps_growth_avg": {
            "last_all": 8.72,
            "last_2y": 22.91,
            "last_4y": 34.08,
            "last_8y": 8.34,
            "last_12y": 14.49,
            "last_16y": 2.89,
            "last_20y": 8.72,
            "at_2006_last_3y": 41.13,
            "at_2007_last_3y": 31.67,
            "at_2008_last_3y": -4.13,
            "at_2009_last_3y": -34.82,
            "at_2010_last_3y": -0.95,
            "at_2011_last_3y": 19.6,
            "at_2012_last_3y": 23.01,
            "at_2013_last_3y": 28.35,
            "at_2014_last_3y": -1.62,
            "at_2015_last_3y": -26.89,
            "at_2016_last_3y": -22.26,
            "at_2017_last_3y": -23.84,
            "at_2018_last_3y": 6.12,
            "at_2019_last_3y": 20.72,
            "at_2020_last_3y": 19.78,
            "at_2021_last_3y": 29.69,
            "at_2022_last_3y": 17.6,
            "at_2023_last_3y": 17.6,
            "at_2006_last_all": 19.71,
            "at_2007_last_all": 10.12,
            "at_2008_last_all": 2.5,
            "at_2009_last_all": -0.65,
            "at_2010_last_all": 10.53,
            "at_2011_last_all": 13.91,
            "at_2012_last_all": 9.96,
            "at_2013_last_all": 9.01,
            "at_2014_last_all": 6.79,
            "at_2015_last_all": 2.26,
            "at_2016_last_all": 1.37,
            "at_2017_last_all": 0.8,
            "at_2018_last_all": 6.64,
            "at_2019_last_all": 6.36,
            "at_2020_last_all": 5.25,
            "at_2021_last_all": 6.58,
            "at_2022_last_all": 8.72,
            "at_2023_last_all": 8.72
        },
        "latest_eps": 4.17,
        "latest_price": 24.35,
        "latest_roe": 20.58,
        "latest_gross_margin": 32.12,
        "latest_equity": 4665494,
        "latest_revenue": 442345,
        "latest_gross_profit": 142096,
        "latest_net_income": 58897,
        "latest_debt_ratio": 61.26,
        "latest_current_ratio": 376.94,
        "latest_account_receivable_turnover_ratio": 3.24,
        "latest_inventory_turnover_ratio": 0.03,
        "latest_reinvestment_rate": 0.77,
        "latest_research_to_sale_ratio": null
    },
    "eps_dividends": {
        "1999": {
            "cash": 0,
            "stock": 2,
            "eps": 0
        },
        "2000": {
            "cash": 0,
            "stock": 2,
            "eps": 0
        },
        "2001": {
            "cash": 1,
            "stock": 1,
            "eps": 0.47
        },
        "2002": {
            "cash": 0,
            "stock": 0,
            "eps": 0.16
        },
        "2003": {
            "cash": 0,
            "stock": 0,
            "eps": 0.16
        },
        "2004": {
            "cash": 0,
            "stock": 0,
            "eps": 2.23
        },
        "2005": {
            "cash": 1,
            "stock": 1,
            "eps": 7.33
        },
        "2006": {
            "cash": 3,
            "stock": 3,
            "eps": 4.73
        },
        "2007": {
            "cash": 2,
            "stock": 2,
            "eps": 2.94
        },
        "2008": {
            "cash": 0,
            "stock": 2,
            "eps": 1.67
        },
        "2009": {
            "cash": 1,
            "stock": 1,
            "eps": 1.29
        },
        "2010": {
            "cash": 1,
            "stock": 1,
            "eps": 4.17
        },
        "2011": {
            "cash": 2,
            "stock": 7,
            "eps": 6.02
        },
        "2012": {
            "cash": 0,
            "stock": 0,
            "eps": 4.24
        },
        "2013": {
            "cash": 1,
            "stock": 3,
            "eps": 4.18
        },
        "2014": {
            "cash": 1,
            "stock": 2,
            "eps": 3.35
        },
        "2015": {
            "cash": 1,
            "stock": 1,
            "eps": 1.45
        },
        "2016": {
            "cash": 1,
            "stock": 0,
            "eps": 1.29
        },
        "2017": {
            "cash": 1,
            "stock": 0,
            "eps": 1.19
        },
        "2018": {
            "cash": 0,
            "stock": 0,
            "eps": 2.39
        },
        "2019": {
            "cash": 1,
            "stock": 0,
            "eps": 2.43
        },
        "2020": {
            "cash": 1,
            "stock": 0,
            "eps": 2.07
        },
        "2021": {
            "cash": 2,
            "stock": 0,
            "eps": 2.73
        },
        "2022": {
            "cash": 2,
            "stock": 0,
            "eps": 4.14
        },
        "2023": {
            "cash": 2,
            "stock": 0,
            "eps": 0.27
        }
    },
    "dividends": {
        "1999-06-08": {
            "cash": 0,
            "stock": 1.8
        },
        "2000-05-16": {
            "cash": 0,
            "stock": 1.5
        },
        "2001-05-08": {
            "cash": 0.5,
            "stock": 0.5
        },
        "2002-06-17": {
            "cash": 0.26,
            "stock": 0.26
        },
        "2003-04-22": {
            "cash": 0.1,
            "stock": 0.1
        },
        "2004-04-13": {
            "cash": 0.14,
            "stock": 0
        },
        "2005-04-26": {
            "cash": 0.92,
            "stock": 1
        },
        "2006-03-14": {
            "cash": 3.07,
            "stock": 3.08
        },
        "2007-03-16": {
            "cash": 1.75,
            "stock": 1.93
        },
        "2008-04-03": {
            "cash": 0.47,
            "stock": 1.89
        },
        "2009-04-14": {
            "cash": 0.64,
            "stock": 0.8
        },
        "2010-03-23": {
            "cash": 0.53,
            "stock": 0.63
        },
        "2011-01-01": {
            "cash": 1.21,
            "stock": 3.51
        },
        "2011-03-29": {
            "cash": 1.06,
            "stock": 2.69
        },
        "2013-03-27": {
            "cash": 1.08,
            "stock": 2.5
        },
        "2014-10-02": {
            "cash": 1,
            "stock": 1.5
        },
        "2015-10-30": {
            "cash": 0.6,
            "stock": 0.61
        },
        "2016-10-07": {
            "cash": 0.6,
            "stock": 0
        },
        "2017-10-06": {
            "cash": 0.5,
            "stock": 0
        },
        "2018-10-12": {
            "cash": 0.4,
            "stock": 0
        },
        "2019-10-04": {
            "cash": 1,
            "stock": 0
        },
        "2020-10-08": {
            "cash": 1.35,
            "stock": 0
        },
        "2021-09-30": {
            "cash": 1.8,
            "stock": 0
        },
        "2022-09-06": {
            "cash": 2,
            "stock": 0
        },
        "2023-02-23": {
            "cash": 2.1,
            "stock": 0
        }
    },
    "prices": {
        "200101": "8.01",
        "200102": "8.16",
        "200103": "7.66",
        "200104": "7.44",
        "200105": "7.22",
        "200106": "6.80",
        "200107": "6.18",
        "200108": "5.63",
        "200109": "5.66",
        "200110": "5.51",
        "200111": "5.30",
        "200112": "5.86",
        "200201": "6.18",
        "200202": "5.99",
        "200203": "6.23",
        "200204": "7.37",
        "200205": "7.04",
        "200206": "6.92",
        "200207": "6.46",
        "200208": "6.48",
        "200209": "6.59",
        "200210": "6.30",
        "200211": "6.61",
        "200212": "7.01",
        "200301": "7.36",
        "200302": "8.00",
        "200303": "7.85",
        "200304": "7.90",
        "200305": "7.72",
        "200306": "7.95",
        "200307": "7.67",
        "200308": "7.94",
        "200309": "7.89",
        "200310": "8.01",
        "200311": "8.09",
        "200312": "8.08",
        "200401": "11.16",
        "200402": "12.25",
        "200403": "12.70",
        "200404": "13.27",
        "200405": "12.87",
        "200406": "12.67",
        "200407": "12.58",
        "200408": "12.40",
        "200409": "12.36",
        "200410": "12.42",
        "200411": "12.66",
        "200412": "13.60",
        "200501": "16.64",
        "200502": "18.16",
        "200503": "18.08",
        "200504": "18.48",
        "200505": "19.19",
        "200506": "20.95",
        "200507": "23.41",
        "200508": "24.22",
        "200509": "23.09",
        "200510": "23.48",
        "200511": "24.25",
        "200512": "24.46",
        "200601": "25.92",
        "200602": "25.91",
        "200603": "30.09",
        "200604": "38.02",
        "200605": "42.30",
        "200606": "40.91",
        "200607": "39.23",
        "200608": "33.04",
        "200609": "29.62",
        "200610": "29.82",
        "200611": "29.94",
        "200612": "31.28",
        "200701": "30.90",
        "200702": "30.52",
        "200703": "30.38",
        "200704": "35.20",
        "200705": "35.74",
        "200706": "35.06",
        "200707": "42.50",
        "200708": "47.24",
        "200709": "37.74",
        "200710": "34.99",
        "200711": "38.56",
        "200712": "38.04",
        "200801": "36.89",
        "200802": "35.54",
        "200803": "33.36",
        "200804": "38.68",
        "200805": "37.85",
        "200806": "34.04",
        "200807": "29.65",
        "200808": "26.80",
        "200809": "22.30",
        "200810": "16.62",
        "200811": "14.43",
        "200812": "13.29",
        "200901": "13.29",
        "200902": "12.08",
        "200903": "12.08",
        "200904": "15.32",
        "200905": "23.85",
        "200906": "27.76",
        "200907": "26.28",
        "200908": "22.51",
        "200909": "23.62",
        "200910": "25.14",
        "200911": "23.41",
        "200912": "22.32",
        "201001": "22.59",
        "201002": "21.26",
        "201003": "22.75",
        "201004": "22.58",
        "201005": "21.27",
        "201006": "23.02",
        "201007": "22.79",
        "201008": "23.45",
        "201009": "28.49",
        "201010": "27.56",
        "201011": "26.57",
        "201012": "37.08",
        "201101": "38.46",
        "201102": "38.05",
        "201103": "33.29",
        "201104": "38.52",
        "201105": "38.81",
        "201106": "39.84",
        "201107": "48.06",
        "201108": "45.25",
        "201109": "32.43",
        "201110": "29.49",
        "201111": "28.15",
        "201112": "24.90",
        "201201": "25.38",
        "201202": "29.96",
        "201203": "35.38",
        "201204": "34.64",
        "201205": "37.61",
        "201206": "36.35",
        "201207": "37.39",
        "201208": "36.51",
        "201209": "34.26",
        "201210": "27.76",
        "201211": "26.94",
        "201212": "28.14",
        "201301": "31.30",
        "201302": "31.71",
        "201303": "32.39",
        "201304": "34.96",
        "201305": "34.98",
        "201306": "36.26",
        "201307": "36.99",
        "201308": "31.28",
        "201309": "28.70",
        "201310": "28.99",
        "201311": "29.40",
        "201312": "30.29",
        "201401": "30.17",
        "201402": "30.90",
        "201403": "30.54",
        "201404": "31.37",
        "201405": "30.14",
        "201406": "28.83",
        "201407": "28.36",
        "201408": "25.89",
        "201409": "23.12",
        "201410": "22.44",
        "201411": "22.04",
        "201412": "22.28",
        "201501": "21.91",
        "201502": "21.88",
        "201503": "21.84",
        "201504": "21.09",
        "201505": "18.36",
        "201506": "16.90",
        "201507": "15.98",
        "201508": "15.05",
        "201509": "14.58",
        "201510": "13.47",
        "201511": "13.60",
        "201512": "13.59",
        "201601": "13.08",
        "201602": "12.90",
        "201603": "13.17",
        "201604": "13.14",
        "201605": "12.05",
        "201606": "11.00",
        "201607": "11.32",
        "201608": "11.44",
        "201609": "11.02",
        "201610": "10.43",
        "201611": "10.32",
        "201612": "10.46",
        "201701": "10.48",
        "201702": "11.15",
        "201703": "11.92",
        "201704": "12.22",
        "201705": "11.34",
        "201706": "11.18",
        "201707": "11.14",
        "201708": "10.99",
        "201709": "10.58",
        "201710": "10.50",
        "201711": "10.27",
        "201712": "10.24",
        "201801": "10.60",
        "201802": "10.34",
        "201803": "10.64",
        "201804": "12.27",
        "201805": "12.37",
        "201806": "12.46",
        "201807": "11.51",
        "201808": "11.32",
        "201809": "11.33",
        "201810": "10.65",
        "201811": "10.94",
        "201812": "12.52",
        "201901": "12.69",
        "201902": "13.11",
        "201903": "14.09",
        "201904": "15.48",
        "201905": "15.98",
        "201906": "16.79",
        "201907": "16.67",
        "201908": "16.77",
        "201909": "15.76",
        "201910": "15.23",
        "201911": "15.90",
        "201912": "16.04",
        "202001": "16.24",
        "202002": "14.63",
        "202003": "12.48",
        "202004": "13.22",
        "202005": "14.83",
        "202006": "15.34",
        "202007": "15.67",
        "202008": "16.60",
        "202009": "15.32",
        "202010": "15.03",
        "202011": "15.24",
        "202012": "15.38",
        "202101": "14.88",
        "202102": "15.61",
        "202103": "18.06",
        "202104": "21.94",
        "202105": "22.06",
        "202106": "21.85",
        "202107": "22.43",
        "202108": "22.00",
        "202109": "20.48",
        "202110": "20.70",
        "202111": "21.02",
        "202112": "21.23",
        "202201": "22.51",
        "202202": "23.08",
        "202203": "23.50",
        "202204": "23.69",
        "202205": "22.02",
        "202206": "22.12",
        "202207": "21.50",
        "202208": "21.67",
        "202209": "22.04",
        "202210": "21.06",
        "202211": "21.88",
        "202212": "22.73",
        "202301": "22.25",
        "202302": "22.75",
        "202303": "23.95",
        "202304": "24.42",
        "202305": "24.41"
    },
    "quarters": {
        "20011": {
            "year_quarter": 20011,
            "year": 2001,
            "quarter": 1,
            "eps": 0.11,
            "eps_growth_year": -88.66,
            "eps_4q": 0.38,
            "eps_4q_growth_year": -83.24,
            "roe": 0.92,
            "roe_4q": 0.92,
            "gross_profit": 13292,
            "gross_margin": 6.24,
            "gross_margin_4q_avg": 6.24,
            "net_income": 3037,
            "revenue": 212866,
            "common_shares": 271400,
            "book_valuer_per_share": 12.22,
            "book_valuer_per_share_4q_avg": 12.22,
            "equity": 331522,
            "current_ratio": 129.47,
            "debt_ratio": 64.89,
            "inventory_turnover_ratio": 0.76,
            "account_receivable_turnover_ratio": null,
            "reinvestment_rate": null,
            "research_to_sale_ratio": null,
            "price_fair": 0,
            "eps_avg_yearly": 0,
            "eps_latest_yearly": 0,
            "eps_growth_yearly": 0
        },
        "20012": {
            "year_quarter": 20012,
            "year": 2001,
            "quarter": 2,
            "eps": 0.22,
            "eps_growth_year": null,
            "eps_4q": 0.69,
            "eps_4q_growth_year": -59.41,
            "roe": 1.8,
            "roe_4q": 2.72,
            "gross_profit": 14431,
            "gross_margin": 4.27,
            "gross_margin_4q_avg": 5.26,
            "net_income": 5879,
            "revenue": 338129,
            "common_shares": 271400,
            "book_valuer_per_share": 11.89,
            "book_valuer_per_share_4q_avg": 12.06,
            "equity": 322741,
            "current_ratio": 127.44,
            "debt_ratio": 64.78,
            "inventory_turnover_ratio": 1.8,
            "account_receivable_turnover_ratio": null,
            "reinvestment_rate": null,
            "research_to_sale_ratio": null,
            "price_fair": 0,
            "eps_avg_yearly": 0,
            "eps_latest_yearly": 0,
            "eps_growth_yearly": 0
        },
        "20013": {
            "year_quarter": 20013,
            "year": 2001,
            "quarter": 3,
            "eps": 0.03,
            "eps_growth_year": -90.62,
            "eps_4q": 0.38,
            "eps_4q_growth_year": -79.48,
            "roe": 0.26,
            "roe_4q": 2.98,
            "gross_profit": 9659,
            "gross_margin": 4.32,
            "gross_margin_4q_avg": 4.94,
            "net_income": 836,
            "revenue": 223664,
            "common_shares": 271400,
            "book_valuer_per_share": 11.92,
            "book_valuer_per_share_4q_avg": 12.01,
            "equity": 323577,
            "current_ratio": 121.95,
            "debt_ratio": 68.56,
            "inventory_turnover_ratio": 1.14,
            "account_receivable_turnover_ratio": null,
            "reinvestment_rate": null,
            "research_to_sale_ratio": null,
            "price_fair": 0,
            "eps_avg_yearly": 0,
            "eps_latest_yearly": 0,
            "eps_growth_yearly": 0
        },
        "20014": {
            "year_quarter": 20014,
            "year": 2001,
            "quarter": 4,
            "eps": 0.11,
            "eps_growth_year": 266.67,
            "eps_4q": 0.46,
            "eps_4q_growth_year": -58.23,
            "roe": 0.94,
            "roe_4q": 3.92,
            "gross_profit": 16126,
            "gross_margin": 1.73,
            "gross_margin_4q_avg": 4.14,
            "net_income": 3054,
            "revenue": 930847,
            "common_shares": 284970,
            "book_valuer_per_share": 11.46,
            "book_valuer_per_share_4q_avg": 11.87,
            "equity": 326631,
            "current_ratio": 124.83,
            "debt_ratio": 60.72,
            "inventory_turnover_ratio": 5.06,
            "account_receivable_turnover_ratio": null,
            "reinvestment_rate": null,
            "research_to_sale_ratio": null,
            "price_fair": 0,
            "eps_avg_yearly": 0,
            "eps_latest_yearly": 0,
            "eps_growth_yearly": 0
        },
        "20021": {
            "year_quarter": 20021,
            "year": 2002,
            "quarter": 1,
            "eps": 0.05,
            "eps_growth_year": -54.55,
            "eps_4q": 0.38,
            "eps_4q_growth_year": -0.46,
            "roe": 0.45,
            "roe_4q": 3.45,
            "gross_profit": 10041,
            "gross_margin": 4.3,
            "gross_margin_4q_avg": 3.66,
            "net_income": 1483,
            "revenue": 233254,
            "common_shares": 284970,
            "book_valuer_per_share": 11.51,
            "book_valuer_per_share_4q_avg": 11.7,
            "equity": 328114,
            "current_ratio": 129.68,
            "debt_ratio": 62.62,
            "inventory_turnover_ratio": 1.34,
            "account_receivable_turnover_ratio": null,
            "reinvestment_rate": null,
            "research_to_sale_ratio": null,
            "price_fair": 0.6,
            "eps_avg_yearly": 0.2,
            "eps_latest_yearly": 0.2,
            "eps_growth_yearly": -218.18
        },
        "20022": {
            "year_quarter": 20022,
            "year": 2002,
            "quarter": 2,
            "eps": 0.04,
            "eps_growth_year": -81.82,
            "eps_4q": 0.25,
            "eps_4q_growth_year": -63.28,
            "roe": 0.31,
            "roe_4q": 1.96,
            "gross_profit": 12444,
            "gross_margin": 5.06,
            "gross_margin_4q_avg": 3.85,
            "net_income": 1003,
            "revenue": 246007,
            "common_shares": 284970,
            "book_valuer_per_share": 11.27,
            "book_valuer_per_share_4q_avg": 11.54,
            "equity": 321157,
            "current_ratio": 123.87,
            "debt_ratio": 61.79,
            "inventory_turnover_ratio": 1.3,
            "account_receivable_turnover_ratio": null,
            "reinvestment_rate": null,
            "research_to_sale_ratio": null,
            "price_fair": 0.54,
            "eps_avg_yearly": 0.18,
            "eps_latest_yearly": 0.16,
            "eps_growth_yearly": -149.09
        },
        "20023": {
            "year_quarter": 20023,
            "year": 2002,
            "quarter": 3,
            "eps": 0.1,
            "eps_growth_year": 233.33,
            "eps_4q": 0.29,
            "eps_4q_growth_year": -24.25,
            "roe": 0.92,
            "roe_4q": 2.62,
            "gross_profit": 14606,
            "gross_margin": 4.05,
            "gross_margin_4q_avg": 3.79,
            "net_income": 2956,
            "revenue": 360456,
            "common_shares": 284970,
            "book_valuer_per_share": 11.37,
            "book_valuer_per_share_4q_avg": 11.4,
            "equity": 324113,
            "current_ratio": 129.86,
            "debt_ratio": 63.8,
            "inventory_turnover_ratio": 1.5,
            "account_receivable_turnover_ratio": null,
            "reinvestment_rate": null,
            "research_to_sale_ratio": null,
            "price_fair": 8.87,
            "eps_avg_yearly": 0.25,
            "eps_latest_yearly": 0.4,
            "eps_growth_yearly": 100.61
        },
        "20024": {
            "year_quarter": 20024,
            "year": 2002,
            "quarter": 4,
            "eps": -0.03,
            "eps_growth_year": -127.27,
            "eps_4q": 0.15,
            "eps_4q_growth_year": -67.48,
            "roe": -0.28,
            "roe_4q": 1.4,
            "gross_profit": 6370,
            "gross_margin": 1.14,
            "gross_margin_4q_avg": 3.64,
            "net_income": -913,
            "revenue": 561047,
            "common_shares": 292470,
            "book_valuer_per_share": 11.05,
            "book_valuer_per_share_4q_avg": 11.3,
            "equity": 323200,
            "current_ratio": 132.99,
            "debt_ratio": 61.15,
            "inventory_turnover_ratio": 2.34,
            "account_receivable_turnover_ratio": null,
            "reinvestment_rate": 75.46,
            "research_to_sale_ratio": null,
            "price_fair": 8.87,
            "eps_avg_yearly": 0.25,
            "eps_latest_yearly": 0.4,
            "eps_growth_yearly": 100.61
        },
        "20031": {
            "year_quarter": 20031,
            "year": 2003,
            "quarter": 1,
            "eps": 0.1,
            "eps_growth_year": 100,
            "eps_4q": 0.21,
            "eps_4q_growth_year": -44.87,
            "roe": 0.86,
            "roe_4q": 1.81,
            "gross_profit": 11897,
            "gross_margin": 3.66,
            "gross_margin_4q_avg": 3.48,
            "net_income": 2791,
            "revenue": 325052,
            "common_shares": 292470,
            "book_valuer_per_share": 11.15,
            "book_valuer_per_share_4q_avg": 11.21,
            "equity": 325991,
            "current_ratio": 135.45,
            "debt_ratio": 59.8,
            "inventory_turnover_ratio": 1.38,
            "account_receivable_turnover_ratio": null,
            "reinvestment_rate": 83.01,
            "research_to_sale_ratio": null,
            "price_fair": 8.87,
            "eps_avg_yearly": 0.25,
            "eps_latest_yearly": 0.4,
            "eps_growth_yearly": 100.61
        },
        "20032": {
            "year_quarter": 20032,
            "year": 2003,
            "quarter": 2,
            "eps": -0.03,
            "eps_growth_year": -175,
            "eps_4q": 0.14,
            "eps_4q_growth_year": -45.23,
            "roe": -0.23,
            "roe_4q": 1.27,
            "gross_profit": 6972,
            "gross_margin": 2.1,
            "gross_margin_4q_avg": 2.74,
            "net_income": -761,
            "revenue": 332031,
            "common_shares": 292470,
            "book_valuer_per_share": 11.01,
            "book_valuer_per_share_4q_avg": 11.15,
            "equity": 322142,
            "current_ratio": 130.88,
            "debt_ratio": 61.61,
            "inventory_turnover_ratio": 1.27,
            "account_receivable_turnover_ratio": null,
            "reinvestment_rate": 96.72,
            "research_to_sale_ratio": null,
            "price_fair": 8.87,
            "eps_avg_yearly": 0.25,
            "eps_latest_yearly": 0.4,
            "eps_growth_yearly": 100.61
        },
        "20033": {
            "year_quarter": 20033,
            "year": 2003,
            "quarter": 3,
            "eps": 0.04,
            "eps_growth_year": -60,
            "eps_4q": 0.07,
            "eps_4q_growth_year": -74.31,
            "roe": 0.41,
            "roe_4q": 0.76,
            "gross_profit": 9487,
            "gross_margin": 3.15,
            "gross_margin_4q_avg": 2.51,
            "net_income": 1320,
            "revenue": 301277,
            "common_shares": 292470,
            "book_valuer_per_share": 11.06,
            "book_valuer_per_share_4q_avg": 11.07,
            "equity": 323462,
            "current_ratio": 125.22,
            "debt_ratio": 68.25,
            "inventory_turnover_ratio": 1.13,
            "account_receivable_turnover_ratio": null,
            "reinvestment_rate": 93.85,
            "research_to_sale_ratio": null,
            "price_fair": 8.87,
            "eps_avg_yearly": 0.25,
            "eps_latest_yearly": 0.4,
            "eps_growth_yearly": 100.61
        },
        "20034": {
            "year_quarter": 20034,
            "year": 2003,
            "quarter": 4,
            "eps": 0.05,
            "eps_growth_year": null,
            "eps_4q": 0.17,
            "eps_4q_growth_year": 10.99,
            "roe": 0.44,
            "roe_4q": 1.48,
            "gross_profit": 11643,
            "gross_margin": 1.78,
            "gross_margin_4q_avg": 2.67,
            "net_income": 1438,
            "revenue": 653921,
            "common_shares": 295395,
            "book_valuer_per_share": 11,
            "book_valuer_per_share_4q_avg": 11.06,
            "equity": 324900,
            "current_ratio": 125.28,
            "debt_ratio": 67.26,
            "inventory_turnover_ratio": 2.23,
            "account_receivable_turnover_ratio": null,
            "reinvestment_rate": 112.01,
            "research_to_sale_ratio": null,
            "price_fair": 8.4,
            "eps_avg_yearly": 0.24,
            "eps_latest_yearly": 0.2,
            "eps_growth_yearly": 100.45
        },
        "20041": {
            "year_quarter": 20041,
            "year": 2004,
            "quarter": 1,
            "eps": 0.04,
            "eps_growth_year": -60,
            "eps_4q": 0.11,
            "eps_4q_growth_year": -47.19,
            "roe": 0.35,
            "roe_4q": 0.97,
            "gross_profit": 9905,
            "gross_margin": 2.49,
            "gross_margin_4q_avg": 2.38,
            "net_income": 1134,
            "revenue": 397961,
            "common_shares": 295395,
            "book_valuer_per_share": 11.04,
            "book_valuer_per_share_4q_avg": 11.03,
            "equity": 326034,
            "current_ratio": 125.6,
            "debt_ratio": 66.95,
            "inventory_turnover_ratio": 1.09,
            "account_receivable_turnover_ratio": null,
            "reinvestment_rate": 188.44,
            "research_to_sale_ratio": null,
            "price_fair": 7.84,
            "eps_avg_yearly": 0.22,
            "eps_latest_yearly": 0.16,
            "eps_growth_yearly": 64.36
        },
        "20042": {
            "year_quarter": 20042,
            "year": 2004,
            "quarter": 2,
            "eps": 0.06,
            "eps_growth_year": null,
            "eps_4q": 0.2,
            "eps_4q_growth_year": 42.01,
            "roe": 0.52,
            "roe_4q": 1.72,
            "gross_profit": 13657,
            "gross_margin": 2.85,
            "gross_margin_4q_avg": 2.57,
            "net_income": 1695,
            "revenue": 478961,
            "common_shares": 295395,
            "book_valuer_per_share": 10.95,
            "book_valuer_per_share_4q_avg": 11.01,
            "equity": 323421,
            "current_ratio": 118.97,
            "debt_ratio": 73.79,
            "inventory_turnover_ratio": 0.88,
            "account_receivable_turnover_ratio": null,
            "reinvestment_rate": 171.13,
            "research_to_sale_ratio": null,
            "price_fair": 7.93,
            "eps_avg_yearly": 0.23,
            "eps_latest_yearly": 0.24,
            "eps_growth_yearly": 86.97
        },
        "20043": {
            "year_quarter": 20043,
            "year": 2004,
            "quarter": 3,
            "eps": 0.12,
            "eps_growth_year": 200,
            "eps_4q": 0.27,
            "eps_4q_growth_year": 264.7,
            "roe": 1.05,
            "roe_4q": 2.36,
            "gross_profit": 14993,
            "gross_margin": 2.79,
            "gross_margin_4q_avg": 2.48,
            "net_income": 3429,
            "revenue": 537809,
            "common_shares": 295395,
            "book_valuer_per_share": 11.06,
            "book_valuer_per_share_4q_avg": 11.01,
            "equity": 326850,
            "current_ratio": 109.51,
            "debt_ratio": 78.43,
            "inventory_turnover_ratio": 0.69,
            "account_receivable_turnover_ratio": null,
            "reinvestment_rate": 285.59,
            "research_to_sale_ratio": null,
            "price_fair": 9.2,
            "eps_avg_yearly": 0.26,
            "eps_latest_yearly": 0.48,
            "eps_growth_yearly": 131.69
        },
        "20044": {
            "year_quarter": 20044,
            "year": 2004,
            "quarter": 4,
            "eps": 2.01,
            "eps_growth_year": 3920,
            "eps_4q": 2.22,
            "eps_4q_growth_year": 1234.44,
            "roe": 16.67,
            "roe_4q": 18.590000000000003,
            "gross_profit": 132641,
            "gross_margin": 12.48,
            "gross_margin_4q_avg": 5.15,
            "net_income": 59447,
            "revenue": 1062671,
            "common_shares": 295395,
            "book_valuer_per_share": 13.08,
            "book_valuer_per_share_4q_avg": 11.53,
            "equity": 386297,
            "current_ratio": 118.22,
            "debt_ratio": 74.25,
            "inventory_turnover_ratio": 1.19,
            "account_receivable_turnover_ratio": null,
            "reinvestment_rate": 71.61,
            "research_to_sale_ratio": null,
            "price_fair": 43.23,
            "eps_avg_yearly": 1.24,
            "eps_latest_yearly": 8.04,
            "eps_growth_yearly": 902.73
        },
        "20051": {
            "year_quarter": 20051,
            "year": 2005,
            "quarter": 1,
            "eps": 0.27,
            "eps_growth_year": 575,
            "eps_4q": 2.46,
            "eps_4q_growth_year": 2131.13,
            "roe": 2.04,
            "roe_4q": 20.28,
            "gross_profit": 26090,
            "gross_margin": 7.15,
            "gross_margin_4q_avg": 6.32,
            "net_income": 7946,
            "revenue": 365026,
            "common_shares": 295395,
            "book_valuer_per_share": 13.35,
            "book_valuer_per_share_4q_avg": 12.11,
            "equity": 394243,
            "current_ratio": 122.5,
            "debt_ratio": 73.34,
            "inventory_turnover_ratio": 0.5,
            "account_receivable_turnover_ratio": null,
            "reinvestment_rate": 65.85,
            "research_to_sale_ratio": null,
            "price_fair": 42.62,
            "eps_avg_yearly": 1.22,
            "eps_latest_yearly": 1.08,
            "eps_growth_yearly": 763.95
        },
        "20052": {
            "year_quarter": 20052,
            "year": 2005,
            "quarter": 2,
            "eps": 0.7,
            "eps_growth_year": 1066.67,
            "eps_4q": 3.11,
            "eps_4q_growth_year": 1472.75,
            "roe": 5.28,
            "roe_4q": 25.040000000000003,
            "gross_profit": 38156,
            "gross_margin": 10.85,
            "gross_margin_4q_avg": 8.32,
            "net_income": 20567,
            "revenue": 351516,
            "common_shares": 295395,
            "book_valuer_per_share": 13.04,
            "book_valuer_per_share_4q_avg": 12.63,
            "equity": 385268,
            "current_ratio": 122.33,
            "debt_ratio": 74.32,
            "inventory_turnover_ratio": 0.4,
            "account_receivable_turnover_ratio": null,
            "reinvestment_rate": 15.51,
            "research_to_sale_ratio": null,
            "price_fair": 48.16,
            "eps_avg_yearly": 1.38,
            "eps_latest_yearly": 2.8,
            "eps_growth_yearly": 751.26
        },
        "20053": {
            "year_quarter": 20053,
            "year": 2005,
            "quarter": 3,
            "eps": 2.26,
            "eps_growth_year": 1783.33,
            "eps_4q": 4.96,
            "eps_4q_growth_year": 1742.53,
            "roe": 17.43,
            "roe_4q": 41.42,
            "gross_profit": 102666,
            "gross_margin": 16.32,
            "gross_margin_4q_avg": 11.7,
            "net_income": 73560,
            "revenue": 629250,
            "common_shares": 325000,
            "book_valuer_per_share": 14.12,
            "book_valuer_per_share_4q_avg": 13.4,
            "equity": 458828,
            "current_ratio": 123.98,
            "debt_ratio": 74.08,
            "inventory_turnover_ratio": 0.51,
            "account_receivable_turnover_ratio": null,
            "reinvestment_rate": 8.5,
            "research_to_sale_ratio": null,
            "price_fair": 72.55,
            "eps_avg_yearly": 2.07,
            "eps_latest_yearly": 9.04,
            "eps_growth_yearly": 764
        },
        "20054": {
            "year_quarter": 20054,
            "year": 2005,
            "quarter": 4,
            "eps": 4.1,
            "eps_growth_year": 103.98,
            "eps_4q": 7.24,
            "eps_4q_growth_year": 226,
            "roe": 25.35,
            "roe_4q": 50.1,
            "gross_profit": 219922,
            "gross_margin": 16.24,
            "gross_margin_4q_avg": 12.64,
            "net_income": 133181,
            "revenue": 1354400,
            "common_shares": 325000,
            "book_valuer_per_share": 18.22,
            "book_valuer_per_share_4q_avg": 14.68,
            "equity": 592009,
            "current_ratio": 152.25,
            "debt_ratio": 60.07,
            "inventory_turnover_ratio": 1.12,
            "account_receivable_turnover_ratio": null,
            "reinvestment_rate": 2.84,
            "research_to_sale_ratio": null,
            "price_fair": 114.33,
            "eps_avg_yearly": 3.27,
            "eps_latest_yearly": 16.4,
            "eps_growth_yearly": 727.47
        },
        "20061": {
            "year_quarter": 20061,
            "year": 2006,
            "quarter": 1,
            "eps": 1.71,
            "eps_growth_year": 533.33,
            "eps_4q": 8.69,
            "eps_4q_growth_year": 252.61,
            "roe": 8.99,
            "roe_4q": 57.050000000000004,
            "gross_profit": 82157,
            "gross_margin": 13.98,
            "gross_margin_4q_avg": 14.35,
            "net_income": 55698,
            "revenue": 587588,
            "common_shares": 325000,
            "book_valuer_per_share": 19.93,
            "book_valuer_per_share_4q_avg": 16.33,
            "equity": 647707,
            "current_ratio": 162.65,
            "debt_ratio": 56.91,
            "inventory_turnover_ratio": 0.57,
            "account_receivable_turnover_ratio": null,
            "reinvestment_rate": 1.58,
            "research_to_sale_ratio": null,
            "price_fair": 133.7,
            "eps_avg_yearly": 3.82,
            "eps_latest_yearly": 6.84,
            "eps_growth_yearly": 726.22
        },
        "20062": {
            "year_quarter": 20062,
            "year": 2006,
            "quarter": 2,
            "eps": 0.68,
            "eps_growth_year": -2.86,
            "eps_4q": 8.77,
            "eps_4q_growth_year": 181.93,
            "roe": 3.65,
            "roe_4q": 55.42,
            "gross_profit": 32747,
            "gross_margin": 11.28,
            "gross_margin_4q_avg": 14.46,
            "net_income": 22061,
            "revenue": 290281,
            "common_shares": 325000,
            "book_valuer_per_share": 17.28,
            "book_valuer_per_share_4q_avg": 17.39,
            "equity": 561525,
            "current_ratio": 136.36,
            "debt_ratio": 68.23,
            "inventory_turnover_ratio": 0.24,
            "account_receivable_turnover_ratio": null,
            "reinvestment_rate": 0.99,
            "research_to_sale_ratio": null,
            "price_fair": 141.17,
            "eps_avg_yearly": 4.03,
            "eps_latest_yearly": 2.72,
            "eps_growth_yearly": 712.81
        },
        "20063": {
            "year_quarter": 20063,
            "year": 2006,
            "quarter": 3,
            "eps": 0.74,
            "eps_growth_year": -67.26,
            "eps_4q": 5.7,
            "eps_4q_growth_year": 14.93,
            "roe": 5.45,
            "roe_4q": 43.44,
            "gross_profit": 59325,
            "gross_margin": 7.2,
            "gross_margin_4q_avg": 12.18,
            "net_income": 31449,
            "revenue": 823755,
            "common_shares": 425000,
            "book_valuer_per_share": 13.95,
            "book_valuer_per_share_4q_avg": 17.35,
            "equity": 592974,
            "current_ratio": 131.93,
            "debt_ratio": 71.65,
            "inventory_turnover_ratio": 0.57,
            "account_receivable_turnover_ratio": null,
            "reinvestment_rate": 0.41,
            "research_to_sale_ratio": null,
            "price_fair": 148.63,
            "eps_avg_yearly": 4.25,
            "eps_latest_yearly": 2.96,
            "eps_growth_yearly": 665.75
        },
        "20064": {
            "year_quarter": 20064,
            "year": 2006,
            "quarter": 4,
            "eps": 1.6,
            "eps_growth_year": -60.98,
            "eps_4q": 4.16,
            "eps_4q_growth_year": -42.53,
            "roe": 10.87,
            "roe_4q": 28.96,
            "gross_profit": 119836,
            "gross_margin": 11.57,
            "gross_margin_4q_avg": 11.01,
            "net_income": 68193,
            "revenue": 1036089,
            "common_shares": 425000,
            "book_valuer_per_share": 15.56,
            "book_valuer_per_share_4q_avg": 16.68,
            "equity": 661167,
            "current_ratio": 127.78,
            "debt_ratio": 73.22,
            "inventory_turnover_ratio": 0.58,
            "account_receivable_turnover_ratio": null,
            "reinvestment_rate": -0.56,
            "research_to_sale_ratio": null,
            "price_fair": 154.43,
            "eps_avg_yearly": 4.41,
            "eps_latest_yearly": 6.4,
            "eps_growth_yearly": 650.3
        },
        "20071": {
            "year_quarter": 20071,
            "year": 2007,
            "quarter": 1,
            "eps": 0.55,
            "eps_growth_year": -67.84,
            "eps_4q": 3.43,
            "eps_4q_growth_year": -60.54,
            "roe": 3.46,
            "roe_4q": 23.429999999999996,
            "gross_profit": 40301,
            "gross_margin": 8.78,
            "gross_margin_4q_avg": 9.71,
            "net_income": 23256,
            "revenue": 459018,
            "common_shares": 425000,
            "book_valuer_per_share": 16.1,
            "book_valuer_per_share_4q_avg": 15.72,
            "equity": 684423,
            "current_ratio": 132.25,
            "debt_ratio": 70.74,
            "inventory_turnover_ratio": 0.24,
            "account_receivable_turnover_ratio": null,
            "reinvestment_rate": -0.81,
            "research_to_sale_ratio": null,
            "price_fair": 148.9,
            "eps_avg_yearly": 4.25,
            "eps_latest_yearly": 2.2,
            "eps_growth_yearly": 585.1
        },
        "20072": {
            "year_quarter": 20072,
            "year": 2007,
            "quarter": 2,
            "eps": 0.46,
            "eps_growth_year": -32.35,
            "eps_4q": 2.89,
            "eps_4q_growth_year": -67.07,
            "roe": 3.54,
            "roe_4q": 23.319999999999997,
            "gross_profit": 45737,
            "gross_margin": 7.62,
            "gross_margin_4q_avg": 8.79,
            "net_income": 23286,
            "revenue": 600621,
            "common_shares": 425000,
            "book_valuer_per_share": 14.82,
            "book_valuer_per_share_4q_avg": 15.11,
            "equity": 629923,
            "current_ratio": 123.88,
            "debt_ratio": 76.14,
            "inventory_turnover_ratio": 0.3,
            "account_receivable_turnover_ratio": null,
            "reinvestment_rate": -0.33,
            "research_to_sale_ratio": null,
            "price_fair": 143.27,
            "eps_avg_yearly": 4.09,
            "eps_latest_yearly": 1.84,
            "eps_growth_yearly": 541.73
        },
        "20073": {
            "year_quarter": 20073,
            "year": 2007,
            "quarter": 3,
            "eps": 0.46,
            "eps_growth_year": -37.84,
            "eps_4q": 2.71,
            "eps_4q_growth_year": -52.41,
            "roe": 3.65,
            "roe_4q": 21.519999999999996,
            "gross_profit": 43897,
            "gross_margin": 8.3,
            "gross_margin_4q_avg": 9.07,
            "net_income": 23411,
            "revenue": 528638,
            "common_shares": 510000,
            "book_valuer_per_share": 12.81,
            "book_valuer_per_share_4q_avg": 14.82,
            "equity": 653334,
            "current_ratio": 121.37,
            "debt_ratio": 77.89,
            "inventory_turnover_ratio": 0.23,
            "account_receivable_turnover_ratio": null,
            "reinvestment_rate": -0.45,
            "research_to_sale_ratio": null,
            "price_fair": 138.34,
            "eps_avg_yearly": 3.95,
            "eps_latest_yearly": 1.84,
            "eps_growth_yearly": 507.87
        },
        "20074": {
            "year_quarter": 20074,
            "year": 2007,
            "quarter": 4,
            "eps": 1.47,
            "eps_growth_year": -8.12,
            "eps_4q": 2.84,
            "eps_4q_growth_year": -31.73,
            "roe": 10.85,
            "roe_4q": 21.5,
            "gross_profit": 115592,
            "gross_margin": 9.69,
            "gross_margin_4q_avg": 8.6,
            "net_income": 74978,
            "revenue": 1193181,
            "common_shares": 510000,
            "book_valuer_per_share": 14.28,
            "book_valuer_per_share_4q_avg": 14.5,
            "equity": 728312,
            "current_ratio": 123.01,
            "debt_ratio": 77.48,
            "inventory_turnover_ratio": 0.45,
            "account_receivable_turnover_ratio": null,
            "reinvestment_rate": -0.87,
            "research_to_sale_ratio": null,
            "price_fair": 150.76,
            "eps_avg_yearly": 4.31,
            "eps_latest_yearly": 5.88,
            "eps_growth_yearly": 556.51
        },
        "20081": {
            "year_quarter": 20081,
            "year": 2008,
            "quarter": 1,
            "eps": 0.45,
            "eps_growth_year": -18.18,
            "eps_4q": 2.85,
            "eps_4q_growth_year": -16.72,
            "roe": 3.08,
            "roe_4q": 21.119999999999997,
            "gross_profit": 43698,
            "gross_margin": 6.84,
            "gross_margin_4q_avg": 8.11,
            "net_income": 22767,
            "revenue": 638814,
            "common_shares": 510000,
            "book_valuer_per_share": 14.73,
            "book_valuer_per_share_4q_avg": 14.16,
            "equity": 751079,
            "current_ratio": 121.54,
            "debt_ratio": 78.82,
            "inventory_turnover_ratio": 0.24,
            "account_receivable_turnover_ratio": null,
            "reinvestment_rate": -1.07,
            "research_to_sale_ratio": null,
            "price_fair": 154.35,
            "eps_avg_yearly": 4.41,
            "eps_latest_yearly": 1.8,
            "eps_growth_yearly": 544.17
        },
        "20082": {
            "year_quarter": 20082,
            "year": 2008,
            "quarter": 2,
            "eps": 0.25,
            "eps_growth_year": -45.65,
            "eps_4q": 2.24,
            "eps_4q_growth_year": -22.49,
            "roe": 2.05,
            "roe_4q": 19.63,
            "gross_profit": 32450,
            "gross_margin": 5.92,
            "gross_margin_4q_avg": 7.69,
            "net_income": 15234,
            "revenue": 548433,
            "common_shares": 510000,
            "book_valuer_per_share": 14.42,
            "book_valuer_per_share_4q_avg": 14.06,
            "equity": 735518,
            "current_ratio": 122,
            "debt_ratio": 78.44,
            "inventory_turnover_ratio": 0.2,
            "account_receivable_turnover_ratio": null,
            "reinvestment_rate": -1.27,
            "research_to_sale_ratio": null,
            "price_fair": 156.01,
            "eps_avg_yearly": 4.46,
            "eps_latest_yearly": 1,
            "eps_growth_yearly": 520.56
        },
        "20083": {
            "year_quarter": 20083,
            "year": 2008,
            "quarter": 3,
            "eps": 0.43,
            "eps_growth_year": -6.52,
            "eps_4q": 2.28,
            "eps_4q_growth_year": -15.9,
            "roe": 3.5,
            "roe_4q": 19.479999999999997,
            "gross_profit": 52514,
            "gross_margin": 8.38,
            "gross_margin_4q_avg": 7.71,
            "net_income": 26219,
            "revenue": 626318,
            "common_shares": 610000,
            "book_valuer_per_share": 12.49,
            "book_valuer_per_share_4q_avg": 13.98,
            "equity": 761737,
            "current_ratio": 123.4,
            "debt_ratio": 77.58,
            "inventory_turnover_ratio": 0.22,
            "account_receivable_turnover_ratio": null,
            "reinvestment_rate": -4.85,
            "research_to_sale_ratio": null,
            "price_fair": 158.73,
            "eps_avg_yearly": 4.54,
            "eps_latest_yearly": 1.72,
            "eps_growth_yearly": 513.56
        },
        "20084": {
            "year_quarter": 20084,
            "year": 2008,
            "quarter": 4,
            "eps": 0.54,
            "eps_growth_year": -63.27,
            "eps_4q": 1.59,
            "eps_4q_growth_year": -44.11,
            "roe": 4.25,
            "roe_4q": 12.88,
            "gross_profit": 60929,
            "gross_margin": 5.96,
            "gross_margin_4q_avg": 6.78,
            "net_income": 33089,
            "revenue": 1022348,
            "common_shares": 610000,
            "book_valuer_per_share": 13.03,
            "book_valuer_per_share_4q_avg": 13.67,
            "equity": 794826,
            "current_ratio": 123.58,
            "debt_ratio": 76.53,
            "inventory_turnover_ratio": 0.37,
            "account_receivable_turnover_ratio": 9.48,
            "reinvestment_rate": -4.12,
            "research_to_sale_ratio": null,
            "price_fair": 145.86,
            "eps_avg_yearly": 4.17,
            "eps_latest_yearly": 2.16,
            "eps_growth_yearly": 126.2
        },
        "20091": {
            "year_quarter": 20091,
            "year": 2009,
            "quarter": 1,
            "eps": 0.06,
            "eps_growth_year": -86.67,
            "eps_4q": 1.3,
            "eps_4q_growth_year": -54.3,
            "roe": 0.45,
            "roe_4q": 10.25,
            "gross_profit": 13308,
            "gross_margin": 4.81,
            "gross_margin_4q_avg": 6.27,
            "net_income": 3593,
            "revenue": 276756,
            "common_shares": 610000,
            "book_valuer_per_share": 13.09,
            "book_valuer_per_share_4q_avg": 13.26,
            "equity": 798419,
            "current_ratio": 128.49,
            "debt_ratio": 75.4,
            "inventory_turnover_ratio": 0.1,
            "account_receivable_turnover_ratio": 1.37,
            "reinvestment_rate": -3.78,
            "research_to_sale_ratio": null,
            "price_fair": 144.03,
            "eps_avg_yearly": 4.12,
            "eps_latest_yearly": 0.24,
            "eps_growth_yearly": 125.62
        },
        "20092": {
            "year_quarter": 20092,
            "year": 2009,
            "quarter": 2,
            "eps": 0.03,
            "eps_growth_year": -88,
            "eps_4q": 0.94,
            "eps_4q_growth_year": -57.93,
            "roe": 0.27,
            "roe_4q": 8.469999999999999,
            "gross_profit": 30797,
            "gross_margin": 5.86,
            "gross_margin_4q_avg": 6.25,
            "net_income": 2070,
            "revenue": 525565,
            "common_shares": 610000,
            "book_valuer_per_share": 12.49,
            "book_valuer_per_share_4q_avg": 12.78,
            "equity": 761693,
            "current_ratio": 125.14,
            "debt_ratio": 76.88,
            "inventory_turnover_ratio": 0.19,
            "account_receivable_turnover_ratio": 2.17,
            "reinvestment_rate": -2.45,
            "research_to_sale_ratio": null,
            "price_fair": 138.16,
            "eps_avg_yearly": 3.95,
            "eps_latest_yearly": 0.12,
            "eps_growth_yearly": 73.31
        },
        "20093": {
            "year_quarter": 20093,
            "year": 2009,
            "quarter": 3,
            "eps": 0.15,
            "eps_growth_year": -65.12,
            "eps_4q": 0.73,
            "eps_4q_growth_year": -67.98,
            "roe": 1.31,
            "roe_4q": 6.28,
            "gross_profit": 36786,
            "gross_margin": 7.8,
            "gross_margin_4q_avg": 6.11,
            "net_income": 10007,
            "revenue": 471561,
            "common_shares": 610000,
            "book_valuer_per_share": 12.65,
            "book_valuer_per_share_4q_avg": 12.82,
            "equity": 771646,
            "current_ratio": 124.88,
            "debt_ratio": 77.46,
            "inventory_turnover_ratio": 0.17,
            "account_receivable_turnover_ratio": 1.63,
            "reinvestment_rate": -2.42,
            "research_to_sale_ratio": null,
            "price_fair": 119.7,
            "eps_avg_yearly": 3.42,
            "eps_latest_yearly": 0.6,
            "eps_growth_yearly": 117.59
        },
        "20094": {
            "year_quarter": 20094,
            "year": 2009,
            "quarter": 4,
            "eps": 1.05,
            "eps_growth_year": 94.44,
            "eps_4q": 1.29,
            "eps_4q_growth_year": -18.89,
            "roe": 8.58,
            "roe_4q": 10.61,
            "gross_profit": 108909,
            "gross_margin": 11.43,
            "gross_margin_4q_avg": 7.48,
            "net_income": 69183,
            "revenue": 953140,
            "common_shares": 658800,
            "book_valuer_per_share": 12.76,
            "book_valuer_per_share_4q_avg": 12.75,
            "equity": 840887,
            "current_ratio": 125.77,
            "debt_ratio": 77.16,
            "inventory_turnover_ratio": 0.34,
            "account_receivable_turnover_ratio": 7.17,
            "reinvestment_rate": 0.79,
            "research_to_sale_ratio": null,
            "price_fair": 93.01,
            "eps_avg_yearly": 2.66,
            "eps_latest_yearly": 4.2,
            "eps_growth_yearly": 247.24
        },
        "20101": {
            "year_quarter": 20101,
            "year": 2010,
            "quarter": 1,
            "eps": 0.1,
            "eps_growth_year": 66.67,
            "eps_4q": 1.34,
            "eps_4q_growth_year": 2.43,
            "roe": 0.8,
            "roe_4q": 10.96,
            "gross_profit": 25718,
            "gross_margin": 5.93,
            "gross_margin_4q_avg": 7.76,
            "net_income": 6790,
            "revenue": 433562,
            "common_shares": 658800,
            "book_valuer_per_share": 12.87,
            "book_valuer_per_share_4q_avg": 12.69,
            "equity": 847677,
            "current_ratio": 124.62,
            "debt_ratio": 77.93,
            "inventory_turnover_ratio": 0.17,
            "account_receivable_turnover_ratio": 1.25,
            "reinvestment_rate": 1.73,
            "research_to_sale_ratio": null,
            "price_fair": 78.93,
            "eps_avg_yearly": 2.26,
            "eps_latest_yearly": 0.4,
            "eps_growth_yearly": 239.19
        },
        "20102": {
            "year_quarter": 20102,
            "year": 2010,
            "quarter": 2,
            "eps": 0.96,
            "eps_growth_year": 3106.76,
            "eps_4q": 2.19,
            "eps_4q_growth_year": 132.61,
            "roe": 7.8,
            "roe_4q": 18.49,
            "gross_profit": 102428,
            "gross_margin": 16.25,
            "gross_margin_4q_avg": 10.35,
            "net_income": 67342,
            "revenue": 630179,
            "common_shares": 658800,
            "book_valuer_per_share": 13.36,
            "book_valuer_per_share_4q_avg": 12.91,
            "equity": 879904,
            "current_ratio": 126.17,
            "debt_ratio": 77.15,
            "inventory_turnover_ratio": 0.2,
            "account_receivable_turnover_ratio": 1.92,
            "reinvestment_rate": 0.77,
            "research_to_sale_ratio": null,
            "price_fair": 81.38,
            "eps_avg_yearly": 2.33,
            "eps_latest_yearly": 3.84,
            "eps_growth_yearly": 469.25
        },
        "20103": {
            "year_quarter": 20103,
            "year": 2010,
            "quarter": 3,
            "eps": 0.94,
            "eps_growth_year": 525.62,
            "eps_4q": 2.99,
            "eps_4q_growth_year": 308.52,
            "roe": 7.2,
            "roe_4q": 24.380000000000003,
            "gross_profit": 105480,
            "gross_margin": 18.85,
            "gross_margin_4q_avg": 13.12,
            "net_income": 65690,
            "revenue": 559613,
            "common_shares": 700000,
            "book_valuer_per_share": 13.51,
            "book_valuer_per_share_4q_avg": 13.13,
            "equity": 945594,
            "current_ratio": 129.94,
            "debt_ratio": 74.89,
            "inventory_turnover_ratio": 0.17,
            "account_receivable_turnover_ratio": 2.51,
            "reinvestment_rate": 1.3,
            "research_to_sale_ratio": null,
            "price_fair": 83.13,
            "eps_avg_yearly": 2.38,
            "eps_latest_yearly": 3.76,
            "eps_growth_yearly": 466.52
        },
        "20104": {
            "year_quarter": 20104,
            "year": 2010,
            "quarter": 4,
            "eps": 2.17,
            "eps_growth_year": 106.57,
            "eps_4q": 4.17,
            "eps_4q_growth_year": 223.48,
            "roe": 14.86,
            "roe_4q": 30.66,
            "gross_profit": 212362,
            "gross_margin": 24.03,
            "gross_margin_4q_avg": 16.27,
            "net_income": 151828,
            "revenue": 883619,
            "common_shares": 700000,
            "book_valuer_per_share": 15.68,
            "book_valuer_per_share_4q_avg": 13.86,
            "equity": 1097422,
            "current_ratio": 138.67,
            "debt_ratio": 70.1,
            "inventory_turnover_ratio": 0.26,
            "account_receivable_turnover_ratio": 3.45,
            "reinvestment_rate": 3.21,
            "research_to_sale_ratio": null,
            "price_fair": 88.11,
            "eps_avg_yearly": 2.52,
            "eps_latest_yearly": 8.68,
            "eps_growth_yearly": 470.18
        },
        "20111": {
            "year_quarter": 20111,
            "year": 2011,
            "quarter": 1,
            "eps": 3.34,
            "eps_growth_year": 3240,
            "eps_4q": 7.41,
            "eps_4q_growth_year": 454.64,
            "roe": 19.27,
            "roe_4q": 49.129999999999995,
            "gross_profit": 291088,
            "gross_margin": 35.45,
            "gross_margin_4q_avg": 23.65,
            "net_income": 234045,
            "revenue": 821109,
            "common_shares": 700000,
            "book_valuer_per_share": 19.02,
            "book_valuer_per_share_4q_avg": 15.39,
            "equity": 1331467,
            "current_ratio": 161.14,
            "debt_ratio": 60.3,
            "inventory_turnover_ratio": 0.22,
            "account_receivable_turnover_ratio": 3.55,
            "reinvestment_rate": 2.57,
            "research_to_sale_ratio": null,
            "price_fair": 112.53,
            "eps_avg_yearly": 3.22,
            "eps_latest_yearly": 13.36,
            "eps_growth_yearly": 500.07
        },
        "20112": {
            "year_quarter": 20112,
            "year": 2011,
            "quarter": 2,
            "eps": 1.18,
            "eps_growth_year": 23.03,
            "eps_4q": 6.27,
            "eps_4q_growth_year": 186.2,
            "roe": 7.8,
            "roe_4q": 49.13,
            "gross_profit": 153013,
            "gross_margin": 19.46,
            "gross_margin_4q_avg": 24.45,
            "net_income": 105100,
            "revenue": 786103,
            "common_shares": 700000,
            "book_valuer_per_share": 19.46,
            "book_valuer_per_share_4q_avg": 16.92,
            "equity": 1362087,
            "current_ratio": 165.6,
            "debt_ratio": 58.47,
            "inventory_turnover_ratio": 0.27,
            "account_receivable_turnover_ratio": 6.29,
            "reinvestment_rate": 3.42,
            "research_to_sale_ratio": null,
            "price_fair": 118.83,
            "eps_avg_yearly": 3.4,
            "eps_latest_yearly": 4.72,
            "eps_growth_yearly": 487.99
        },
        "20113": {
            "year_quarter": 20113,
            "year": 2011,
            "quarter": 3,
            "eps": 0.99,
            "eps_growth_year": 5.32,
            "eps_4q": 6.52,
            "eps_4q_growth_year": 118.28,
            "roe": 6.24,
            "roe_4q": 48.17,
            "gross_profit": 120196,
            "gross_margin": 21.97,
            "gross_margin_4q_avg": 25.23,
            "net_income": 87765,
            "revenue": 547100,
            "common_shares": 888000,
            "book_valuer_per_share": 16.33,
            "book_valuer_per_share_4q_avg": 17.62,
            "equity": 1449852,
            "current_ratio": 170.22,
            "debt_ratio": 56.89,
            "inventory_turnover_ratio": 0.18,
            "account_receivable_turnover_ratio": 4.58,
            "reinvestment_rate": 3.48,
            "research_to_sale_ratio": null,
            "price_fair": 123.46,
            "eps_avg_yearly": 3.53,
            "eps_latest_yearly": 3.96,
            "eps_growth_yearly": 483.97
        },
        "20114": {
            "year_quarter": 20114,
            "year": 2011,
            "quarter": 4,
            "eps": 0.51,
            "eps_growth_year": -76.54,
            "eps_4q": 5.32,
            "eps_4q_growth_year": 27.6,
            "roe": 3.07,
            "roe_4q": 36.379999999999995,
            "gross_profit": 88671,
            "gross_margin": 14.25,
            "gross_margin_4q_avg": 22.78,
            "net_income": 45188,
            "revenue": 622401,
            "common_shares": 888000,
            "book_valuer_per_share": 16.83,
            "book_valuer_per_share_4q_avg": 17.91,
            "equity": 1494946,
            "current_ratio": 160.86,
            "debt_ratio": 60.17,
            "inventory_turnover_ratio": 0.22,
            "account_receivable_turnover_ratio": 3.83,
            "reinvestment_rate": 3.5,
            "research_to_sale_ratio": null,
            "price_fair": 115.06,
            "eps_avg_yearly": 3.29,
            "eps_latest_yearly": 2.04,
            "eps_growth_yearly": 416.95
        },
        "20121": {
            "year_quarter": 20121,
            "year": 2012,
            "quarter": 1,
            "eps": 0.6,
            "eps_growth_year": -82.04,
            "eps_4q": 3.28,
            "eps_4q_growth_year": -55.74,
            "roe": 3.5,
            "roe_4q": 20.61,
            "gross_profit": 83772,
            "gross_margin": 18.75,
            "gross_margin_4q_avg": 18.61,
            "net_income": 53265,
            "revenue": 446860,
            "common_shares": 888000,
            "book_valuer_per_share": 17.44,
            "book_valuer_per_share_4q_avg": 17.52,
            "equity": 1548305,
            "current_ratio": 160.3,
            "debt_ratio": 60.47,
            "inventory_turnover_ratio": 0.14,
            "account_receivable_turnover_ratio": 2.77,
            "reinvestment_rate": 3.42,
            "research_to_sale_ratio": null,
            "price_fair": 116.38,
            "eps_avg_yearly": 3.33,
            "eps_latest_yearly": 2.4,
            "eps_growth_yearly": 438.71
        },
        "20122": {
            "year_quarter": 20122,
            "year": 2012,
            "quarter": 2,
            "eps": 1.56,
            "eps_growth_year": 32.05,
            "eps_4q": 3.11,
            "eps_4q_growth_year": -50.31,
            "roe": 11.81,
            "roe_4q": 24.619999999999997,
            "gross_profit": 233503,
            "gross_margin": 22.53,
            "gross_margin_4q_avg": 19.38,
            "net_income": 187551,
            "revenue": 1036467,
            "common_shares": 888000,
            "book_valuer_per_share": 18.34,
            "book_valuer_per_share_4q_avg": 17.24,
            "equity": 1628276,
            "current_ratio": 164.98,
            "debt_ratio": 58.78,
            "inventory_turnover_ratio": 0.28,
            "account_receivable_turnover_ratio": 5.49,
            "reinvestment_rate": 2.87,
            "research_to_sale_ratio": null,
            "price_fair": 127.84,
            "eps_avg_yearly": 3.65,
            "eps_latest_yearly": 6.24,
            "eps_growth_yearly": 489.82
        },
        "20123": {
            "year_quarter": 20123,
            "year": 2012,
            "quarter": 3,
            "eps": 1.17,
            "eps_growth_year": 18.87,
            "eps_4q": 3.56,
            "eps_4q_growth_year": -45.4,
            "roe": 8.3,
            "roe_4q": 26.68,
            "gross_profit": 189610,
            "gross_margin": 24.74,
            "gross_margin_4q_avg": 20.07,
            "net_income": 140980,
            "revenue": 766258,
            "common_shares": 1200000,
            "book_valuer_per_share": 14.74,
            "book_valuer_per_share_4q_avg": 16.84,
            "equity": 1769256,
            "current_ratio": 176.93,
            "debt_ratio": 54.85,
            "inventory_turnover_ratio": 0.21,
            "account_receivable_turnover_ratio": 3.21,
            "reinvestment_rate": 2.58,
            "research_to_sale_ratio": null,
            "price_fair": 134.31,
            "eps_avg_yearly": 3.84,
            "eps_latest_yearly": 4.68,
            "eps_growth_yearly": 465.57
        },
        "20124": {
            "year_quarter": 20124,
            "year": 2012,
            "quarter": 4,
            "eps": 0.91,
            "eps_growth_year": 79.8,
            "eps_4q": 4.1,
            "eps_4q_growth_year": -22.94,
            "roe": 6.03,
            "roe_4q": 29.64,
            "gross_profit": 152779,
            "gross_margin": 18.62,
            "gross_margin_4q_avg": 21.16,
            "net_income": 109793,
            "revenue": 820458,
            "common_shares": 1200000,
            "book_valuer_per_share": 15.62,
            "book_valuer_per_share_4q_avg": 16.54,
            "equity": 1874549,
            "current_ratio": 180.91,
            "debt_ratio": 53.88,
            "inventory_turnover_ratio": 0.24,
            "account_receivable_turnover_ratio": 3.48,
            "reinvestment_rate": 2.24,
            "research_to_sale_ratio": null,
            "price_fair": 137.55,
            "eps_avg_yearly": 3.93,
            "eps_latest_yearly": 3.64,
            "eps_growth_yearly": 453.62
        },
        "20131": {
            "year_quarter": 20131,
            "year": 2013,
            "quarter": 1,
            "eps": 0.38,
            "eps_growth_year": -36.67,
            "eps_4q": 4.03,
            "eps_4q_growth_year": 22.93,
            "roe": 2.41,
            "roe_4q": 28.550000000000004,
            "gross_profit": 70123,
            "gross_margin": 9.77,
            "gross_margin_4q_avg": 18.92,
            "net_income": 45617,
            "revenue": 717651,
            "common_shares": 1200000,
            "book_valuer_per_share": 15.93,
            "book_valuer_per_share_4q_avg": 16.16,
            "equity": 1911366,
            "current_ratio": 167.56,
            "debt_ratio": 58.28,
            "inventory_turnover_ratio": 0.22,
            "account_receivable_turnover_ratio": 2.9,
            "reinvestment_rate": 2.04,
            "research_to_sale_ratio": null,
            "price_fair": 140.35,
            "eps_avg_yearly": 4.01,
            "eps_latest_yearly": 1.52,
            "eps_growth_yearly": 461.28
        },
        "20132": {
            "year_quarter": 20132,
            "year": 2013,
            "quarter": 2,
            "eps": 0.29,
            "eps_growth_year": -81.44,
            "eps_4q": 2.2,
            "eps_4q_growth_year": -29.23,
            "roe": 1.84,
            "roe_4q": 18.580000000000002,
            "gross_profit": 109005,
            "gross_margin": 15.38,
            "gross_margin_4q_avg": 17.13,
            "net_income": 34247,
            "revenue": 708784,
            "common_shares": 1200000,
            "book_valuer_per_share": 15.13,
            "book_valuer_per_share_4q_avg": 15.36,
            "equity": 1816013,
            "current_ratio": 151.57,
            "debt_ratio": 64.5,
            "inventory_turnover_ratio": 0.18,
            "account_receivable_turnover_ratio": 2.1,
            "reinvestment_rate": 1.86,
            "research_to_sale_ratio": null,
            "price_fair": 142.63,
            "eps_avg_yearly": 4.08,
            "eps_latest_yearly": 1.16,
            "eps_growth_yearly": 467.86
        },
        "20133": {
            "year_quarter": 20133,
            "year": 2013,
            "quarter": 3,
            "eps": 2.63,
            "eps_growth_year": 123.86,
            "eps_4q": 3.9,
            "eps_4q_growth_year": 9.57,
            "roe": 19.62,
            "roe_4q": 29.900000000000002,
            "gross_profit": 479640,
            "gross_margin": 24.32,
            "gross_margin_4q_avg": 17.02,
            "net_income": 395125,
            "revenue": 1972573,
            "common_shares": 1500000,
            "book_valuer_per_share": 14.74,
            "book_valuer_per_share_4q_avg": 15.36,
            "equity": 2211138,
            "current_ratio": 181.36,
            "debt_ratio": 54.18,
            "inventory_turnover_ratio": 0.45,
            "account_receivable_turnover_ratio": 5.38,
            "reinvestment_rate": 1.27,
            "research_to_sale_ratio": null,
            "price_fair": 164.33,
            "eps_avg_yearly": 4.7,
            "eps_latest_yearly": 10.52,
            "eps_growth_yearly": 569.59
        },
        "20134": {
            "year_quarter": 20134,
            "year": 2013,
            "quarter": 4,
            "eps": 0.88,
            "eps_growth_year": -3.9,
            "eps_4q": 4.05,
            "eps_4q_growth_year": -1.24,
            "roe": 5.79,
            "roe_4q": 29.66,
            "gross_profit": 189287,
            "gross_margin": 16.41,
            "gross_margin_4q_avg": 16.47,
            "net_income": 131885,
            "revenue": 1153153,
            "common_shares": 1500000,
            "book_valuer_per_share": 15.63,
            "book_valuer_per_share_4q_avg": 15.36,
            "equity": 2344040,
            "current_ratio": 184.38,
            "debt_ratio": 53.29,
            "inventory_turnover_ratio": 0.29,
            "account_receivable_turnover_ratio": 3.31,
            "reinvestment_rate": 0.27,
            "research_to_sale_ratio": null,
            "price_fair": 162.84,
            "eps_avg_yearly": 4.65,
            "eps_latest_yearly": 3.52,
            "eps_growth_yearly": 402.95
        },
        "20141": {
            "year_quarter": 20141,
            "year": 2014,
            "quarter": 1,
            "eps": 0.49,
            "eps_growth_year": 28.95,
            "eps_4q": 4.23,
            "eps_4q_growth_year": 4.93,
            "roe": 3.09,
            "roe_4q": 30.34,
            "gross_profit": 154140,
            "gross_margin": 22.04,
            "gross_margin_4q_avg": 19.54,
            "net_income": 73521,
            "revenue": 699329,
            "common_shares": 1500000,
            "book_valuer_per_share": 16.12,
            "book_valuer_per_share_4q_avg": 15.41,
            "equity": 2417561,
            "current_ratio": 188.21,
            "debt_ratio": 52.27,
            "inventory_turnover_ratio": 0.16,
            "account_receivable_turnover_ratio": 2.07,
            "reinvestment_rate": 0.13,
            "research_to_sale_ratio": null,
            "price_fair": 166.25,
            "eps_avg_yearly": 4.75,
            "eps_latest_yearly": 1.96,
            "eps_growth_yearly": 414.49
        },
        "20142": {
            "year_quarter": 20142,
            "year": 2014,
            "quarter": 2,
            "eps": 1.01,
            "eps_growth_year": 248.28,
            "eps_4q": 4.36,
            "eps_4q_growth_year": 97.62,
            "roe": 6.24,
            "roe_4q": 34.74,
            "gross_profit": 220150,
            "gross_margin": 25.25,
            "gross_margin_4q_avg": 22.01,
            "net_income": 150875,
            "revenue": 871737,
            "common_shares": 1500000,
            "book_valuer_per_share": 16.12,
            "book_valuer_per_share_4q_avg": 15.65,
            "equity": 2418436,
            "current_ratio": 257.29,
            "debt_ratio": 56.91,
            "inventory_turnover_ratio": 0.19,
            "account_receivable_turnover_ratio": 2.47,
            "reinvestment_rate": 0.93,
            "research_to_sale_ratio": null,
            "price_fair": 166.69,
            "eps_avg_yearly": 4.76,
            "eps_latest_yearly": 4.04,
            "eps_growth_yearly": 226.02
        },
        "20143": {
            "year_quarter": 20143,
            "year": 2014,
            "quarter": 3,
            "eps": 0.89,
            "eps_growth_year": -66.16,
            "eps_4q": 2.95,
            "eps_4q_growth_year": -24.31,
            "roe": 6.12,
            "roe_4q": 21.24,
            "gross_profit": 219155,
            "gross_margin": 19.88,
            "gross_margin_4q_avg": 20.9,
            "net_income": 152758,
            "revenue": 1102554,
            "common_shares": 1725000,
            "book_valuer_per_share": 14.91,
            "book_valuer_per_share_4q_avg": 15.7,
            "equity": 2571194,
            "current_ratio": 279.05,
            "debt_ratio": 60.82,
            "inventory_turnover_ratio": 0.22,
            "account_receivable_turnover_ratio": 2.52,
            "reinvestment_rate": 0.59,
            "research_to_sale_ratio": null,
            "price_fair": 166.25,
            "eps_avg_yearly": 4.75,
            "eps_latest_yearly": 3.56,
            "eps_growth_yearly": 223.57
        },
        "20144": {
            "year_quarter": 20144,
            "year": 2014,
            "quarter": 4,
            "eps": 0.96,
            "eps_growth_year": 9.58,
            "eps_4q": 3.15,
            "eps_4q_growth_year": -22.15,
            "roe": 6.25,
            "roe_4q": 21.7,
            "gross_profit": 262029,
            "gross_margin": 18.8,
            "gross_margin_4q_avg": 21.49,
            "net_income": 166196,
            "revenue": 1393640,
            "common_shares": 1725000,
            "book_valuer_per_share": 15.92,
            "book_valuer_per_share_4q_avg": 15.77,
            "equity": 2745678,
            "current_ratio": 320.95,
            "debt_ratio": 55.3,
            "inventory_turnover_ratio": 0.26,
            "account_receivable_turnover_ratio": 3.23,
            "reinvestment_rate": 0.09,
            "research_to_sale_ratio": null,
            "price_fair": 155.66,
            "eps_avg_yearly": 4.45,
            "eps_latest_yearly": 3.84,
            "eps_growth_yearly": 192.83
        },
        "20151": {
            "year_quarter": 20151,
            "year": 2015,
            "quarter": 1,
            "eps": 0.3,
            "eps_growth_year": -38.78,
            "eps_4q": 3.02,
            "eps_4q_growth_year": -28.62,
            "roe": 1.85,
            "roe_4q": 20.46,
            "gross_profit": 111737,
            "gross_margin": 18.5,
            "gross_margin_4q_avg": 20.61,
            "net_income": 51231,
            "revenue": 604039,
            "common_shares": 1725000,
            "book_valuer_per_share": 16.21,
            "book_valuer_per_share_4q_avg": 15.79,
            "equity": 2796909,
            "current_ratio": 332.83,
            "debt_ratio": 55.29,
            "inventory_turnover_ratio": 0.11,
            "account_receivable_turnover_ratio": 1.98,
            "reinvestment_rate": 0.31,
            "research_to_sale_ratio": null,
            "price_fair": 129.06,
            "eps_avg_yearly": 3.69,
            "eps_latest_yearly": 1.2,
            "eps_growth_yearly": 162.16
        },
        "20152": {
            "year_quarter": 20152,
            "year": 2015,
            "quarter": 2,
            "eps": 0.54,
            "eps_growth_year": -46.53,
            "eps_4q": 2.54,
            "eps_4q_growth_year": -41.78,
            "roe": 3.36,
            "roe_4q": 17.580000000000002,
            "gross_profit": 146314,
            "gross_margin": 22.3,
            "gross_margin_4q_avg": 19.87,
            "net_income": 93881,
            "revenue": 656111,
            "common_shares": 1725000,
            "book_valuer_per_share": 16.15,
            "book_valuer_per_share_4q_avg": 15.8,
            "equity": 2785494,
            "current_ratio": 283.79,
            "debt_ratio": 59.19,
            "inventory_turnover_ratio": 0.1,
            "account_receivable_turnover_ratio": 2.27,
            "reinvestment_rate": -0.29,
            "research_to_sale_ratio": null,
            "price_fair": 123.46,
            "eps_avg_yearly": 3.53,
            "eps_latest_yearly": 2.16,
            "eps_growth_yearly": 198.33
        },
        "20153": {
            "year_quarter": 20153,
            "year": 2015,
            "quarter": 3,
            "eps": 0.44,
            "eps_growth_year": -50.56,
            "eps_4q": 2.14,
            "eps_4q_growth_year": -27.52,
            "roe": 2.83,
            "roe_4q": 14.29,
            "gross_profit": 132398,
            "gross_margin": 23.06,
            "gross_margin_4q_avg": 20.67,
            "net_income": 80104,
            "revenue": 574260,
            "common_shares": 1830000,
            "book_valuer_per_share": 15.75,
            "book_valuer_per_share_4q_avg": 16.01,
            "equity": 2881453,
            "current_ratio": 343.27,
            "debt_ratio": 59.21,
            "inventory_turnover_ratio": 0.08,
            "account_receivable_turnover_ratio": 1.91,
            "reinvestment_rate": -0.44,
            "research_to_sale_ratio": null,
            "price_fair": 118.65,
            "eps_avg_yearly": 3.39,
            "eps_latest_yearly": 1.76,
            "eps_growth_yearly": 197.72
        },
        "20154": {
            "year_quarter": 20154,
            "year": 2015,
            "quarter": 4,
            "eps": 0.17,
            "eps_growth_year": -82.87,
            "eps_4q": 1.4,
            "eps_4q_growth_year": -55.7,
            "roe": 1.04,
            "roe_4q": 9.08,
            "gross_profit": 81172,
            "gross_margin": 21.23,
            "gross_margin_4q_avg": 21.27,
            "net_income": 30214,
            "revenue": 382400,
            "common_shares": 1830000,
            "book_valuer_per_share": 15.93,
            "book_valuer_per_share_4q_avg": 16.01,
            "equity": 2914705,
            "current_ratio": 322.11,
            "debt_ratio": 60.79,
            "inventory_turnover_ratio": 0.06,
            "account_receivable_turnover_ratio": 1.56,
            "reinvestment_rate": -1.24,
            "research_to_sale_ratio": null,
            "price_fair": 115.68,
            "eps_avg_yearly": 3.31,
            "eps_latest_yearly": 0.68,
            "eps_growth_yearly": 194.5
        },
        "20161": {
            "year_quarter": 20161,
            "year": 2016,
            "quarter": 1,
            "eps": 0.01,
            "eps_growth_year": -96.67,
            "eps_4q": 1.13,
            "eps_4q_growth_year": -62.7,
            "roe": 0.07,
            "roe_4q": 7.300000000000001,
            "gross_profit": 29613,
            "gross_margin": 16.14,
            "gross_margin_4q_avg": 20.68,
            "net_income": 2068,
            "revenue": 183469,
            "common_shares": 1830635,
            "book_valuer_per_share": 15.93,
            "book_valuer_per_share_4q_avg": 15.94,
            "equity": 2916174,
            "current_ratio": 337.49,
            "debt_ratio": 61.01,
            "inventory_turnover_ratio": 0.03,
            "account_receivable_turnover_ratio": 0.95,
            "reinvestment_rate": -1.27,
            "research_to_sale_ratio": null,
            "price_fair": 110.51,
            "eps_avg_yearly": 3.16,
            "eps_latest_yearly": 0.04,
            "eps_growth_yearly": 166.56
        },
        "20162": {
            "year_quarter": 20162,
            "year": 2016,
            "quarter": 2,
            "eps": 0.82,
            "eps_growth_year": 51.85,
            "eps_4q": 1.44,
            "eps_4q_growth_year": -43.36,
            "roe": 5.15,
            "roe_4q": 9.09,
            "gross_profit": 206261,
            "gross_margin": 26.98,
            "gross_margin_4q_avg": 21.85,
            "net_income": 150556,
            "revenue": 764619,
            "common_shares": 1830635,
            "book_valuer_per_share": 16.01,
            "book_valuer_per_share_4q_avg": 15.91,
            "equity": 2931542,
            "current_ratio": 377.71,
            "debt_ratio": 61.33,
            "inventory_turnover_ratio": 0.09,
            "account_receivable_turnover_ratio": 5.39,
            "reinvestment_rate": -0.98,
            "research_to_sale_ratio": null,
            "price_fair": 104.04,
            "eps_avg_yearly": 2.97,
            "eps_latest_yearly": 3.28,
            "eps_growth_yearly": 2151.56
        },
        "20163": {
            "year_quarter": 20163,
            "year": 2016,
            "quarter": 3,
            "eps": 0.1,
            "eps_growth_year": -77.27,
            "eps_4q": 1.1,
            "eps_4q_growth_year": -48.63,
            "roe": 0.62,
            "roe_4q": 6.880000000000001,
            "gross_profit": 73832,
            "gross_margin": 18.86,
            "gross_margin_4q_avg": 20.8,
            "net_income": 18288,
            "revenue": 391408,
            "common_shares": 1830635,
            "book_valuer_per_share": 16.12,
            "book_valuer_per_share_4q_avg": 16,
            "equity": 2951097,
            "current_ratio": 330.82,
            "debt_ratio": 60.83,
            "inventory_turnover_ratio": 0.05,
            "account_receivable_turnover_ratio": 2.1,
            "reinvestment_rate": -1.05,
            "research_to_sale_ratio": null,
            "price_fair": 94.68,
            "eps_avg_yearly": 2.71,
            "eps_latest_yearly": 0.4,
            "eps_growth_yearly": 2135.86
        },
        "20164": {
            "year_quarter": 20164,
            "year": 2016,
            "quarter": 4,
            "eps": 0.36,
            "eps_growth_year": 119.08,
            "eps_4q": 1.3,
            "eps_4q_growth_year": -7.17,
            "roe": 2.21,
            "roe_4q": 8.05,
            "gross_profit": 94968,
            "gross_margin": 19.18,
            "gross_margin_4q_avg": 20.29,
            "net_income": 66192,
            "revenue": 495094,
            "common_shares": 1830635,
            "book_valuer_per_share": 16.6,
            "book_valuer_per_share_4q_avg": 16.17,
            "equity": 3039513,
            "current_ratio": 337.75,
            "debt_ratio": 59.57,
            "inventory_turnover_ratio": 0.07,
            "account_receivable_turnover_ratio": 2.05,
            "reinvestment_rate": -1.28,
            "research_to_sale_ratio": null,
            "price_fair": 89.86,
            "eps_avg_yearly": 2.57,
            "eps_latest_yearly": 1.44,
            "eps_growth_yearly": 2206.42
        },
        "20171": {
            "year_quarter": 20171,
            "year": 2017,
            "quarter": 1,
            "eps": 0.43,
            "eps_growth_year": 4200,
            "eps_4q": 1.71,
            "eps_4q_growth_year": 51.89,
            "roe": 2.54,
            "roe_4q": 10.52,
            "gross_profit": 128204,
            "gross_margin": 16.25,
            "gross_margin_4q_avg": 20.32,
            "net_income": 78260,
            "revenue": 789118,
            "common_shares": 1830635,
            "book_valuer_per_share": 17.04,
            "book_valuer_per_share_4q_avg": 16.44,
            "equity": 3119300,
            "current_ratio": 262.97,
            "debt_ratio": 57.05,
            "inventory_turnover_ratio": 0.12,
            "account_receivable_turnover_ratio": 3.34,
            "reinvestment_rate": -1.34,
            "research_to_sale_ratio": null,
            "price_fair": 90.3,
            "eps_avg_yearly": 2.58,
            "eps_latest_yearly": 1.72,
            "eps_growth_yearly": 2225.84
        },
        "20172": {
            "year_quarter": 20172,
            "year": 2017,
            "quarter": 2,
            "eps": 0.21,
            "eps_growth_year": -74.39,
            "eps_4q": 1.1,
            "eps_4q_growth_year": -23.47,
            "roe": 1.24,
            "roe_4q": 6.61,
            "gross_profit": 59641,
            "gross_margin": 15.73,
            "gross_margin_4q_avg": 17.51,
            "net_income": 38493,
            "revenue": 379093,
            "common_shares": 1830635,
            "book_valuer_per_share": 16.75,
            "book_valuer_per_share_4q_avg": 16.63,
            "equity": 3066200,
            "current_ratio": 245.58,
            "debt_ratio": 60.28,
            "inventory_turnover_ratio": 0.06,
            "account_receivable_turnover_ratio": 1.32,
            "reinvestment_rate": -0.92,
            "research_to_sale_ratio": null,
            "price_fair": 89.6,
            "eps_avg_yearly": 2.56,
            "eps_latest_yearly": 0.84,
            "eps_growth_yearly": 2218.97
        },
        "20173": {
            "year_quarter": 20173,
            "year": 2017,
            "quarter": 3,
            "eps": 0.03,
            "eps_growth_year": -70,
            "eps_4q": 1.03,
            "eps_4q_growth_year": -6.01,
            "roe": 0.2,
            "roe_4q": 6.1899999999999995,
            "gross_profit": 45283,
            "gross_margin": 14.88,
            "gross_margin_4q_avg": 16.51,
            "net_income": 6103,
            "revenue": 304264,
            "common_shares": 1830635,
            "book_valuer_per_share": 16.88,
            "book_valuer_per_share_4q_avg": 16.82,
            "equity": 3089928,
            "current_ratio": 271.15,
            "debt_ratio": 62.48,
            "inventory_turnover_ratio": 0.04,
            "account_receivable_turnover_ratio": 0.75,
            "reinvestment_rate": -0.91,
            "research_to_sale_ratio": null,
            "price_fair": 66.85,
            "eps_avg_yearly": 1.91,
            "eps_latest_yearly": 0.12,
            "eps_growth_yearly": 1995.82
        },
        "20174": {
            "year_quarter": 20174,
            "year": 2017,
            "quarter": 4,
            "eps": 0.52,
            "eps_growth_year": 44.5,
            "eps_4q": 1.19,
            "eps_4q_growth_year": -7.85,
            "roe": 3.05,
            "roe_4q": 7.03,
            "gross_profit": 90459,
            "gross_margin": 18.05,
            "gross_margin_4q_avg": 16.23,
            "net_income": 95647,
            "revenue": 501243,
            "common_shares": 1830635,
            "book_valuer_per_share": 17.39,
            "book_valuer_per_share_4q_avg": 17.02,
            "equity": 3183961,
            "current_ratio": 311.87,
            "debt_ratio": 60.04,
            "inventory_turnover_ratio": 0.07,
            "account_receivable_turnover_ratio": 1.47,
            "reinvestment_rate": -3.49,
            "research_to_sale_ratio": null,
            "price_fair": 63.7,
            "eps_avg_yearly": 1.82,
            "eps_latest_yearly": 2.08,
            "eps_growth_yearly": 2420.78
        },
        "20181": {
            "year_quarter": 20181,
            "year": 2018,
            "quarter": 1,
            "eps": 0.16,
            "eps_growth_year": -62.79,
            "eps_4q": 0.93,
            "eps_4q_growth_year": -45.91,
            "roe": 0.91,
            "roe_4q": 5.4,
            "gross_profit": 54992,
            "gross_margin": 14.19,
            "gross_margin_4q_avg": 15.71,
            "net_income": 29217,
            "revenue": 387659,
            "common_shares": 1830635,
            "book_valuer_per_share": 17.54,
            "book_valuer_per_share_4q_avg": 17.14,
            "equity": 3211349,
            "current_ratio": 321.51,
            "debt_ratio": 61.7,
            "inventory_turnover_ratio": 0.05,
            "account_receivable_turnover_ratio": 1.92,
            "reinvestment_rate": -3.78,
            "research_to_sale_ratio": null,
            "price_fair": 60.81,
            "eps_avg_yearly": 1.74,
            "eps_latest_yearly": 0.64,
            "eps_growth_yearly": 2414.56
        },
        "20182": {
            "year_quarter": 20182,
            "year": 2018,
            "quarter": 2,
            "eps": 0.21,
            "eps_growth_year": 0,
            "eps_4q": 0.92,
            "eps_4q_growth_year": -16.35,
            "roe": 1.2,
            "roe_4q": 5.36,
            "gross_profit": 76946,
            "gross_margin": 20.83,
            "gross_margin_4q_avg": 16.99,
            "net_income": 38431,
            "revenue": 369397,
            "common_shares": 1830635,
            "book_valuer_per_share": 17.42,
            "book_valuer_per_share_4q_avg": 17.31,
            "equity": 3189232,
            "current_ratio": 290.33,
            "debt_ratio": 62.68,
            "inventory_turnover_ratio": 0.04,
            "account_receivable_turnover_ratio": 2.3,
            "reinvestment_rate": -4.86,
            "research_to_sale_ratio": null,
            "price_fair": 53.81,
            "eps_avg_yearly": 1.54,
            "eps_latest_yearly": 0.84,
            "eps_growth_yearly": 2395.84
        },
        "20183": {
            "year_quarter": 20183,
            "year": 2018,
            "quarter": 3,
            "eps": 0.56,
            "eps_growth_year": 1766.67,
            "eps_4q": 1.45,
            "eps_4q_growth_year": 40.14,
            "roe": 3.19,
            "roe_4q": 8.35,
            "gross_profit": 158059,
            "gross_margin": 27.61,
            "gross_margin_4q_avg": 20.17,
            "net_income": 103318,
            "revenue": 572424,
            "common_shares": 1842213,
            "book_valuer_per_share": 17.88,
            "book_valuer_per_share_4q_avg": 17.56,
            "equity": 3293195,
            "current_ratio": 264.14,
            "debt_ratio": 62.63,
            "inventory_turnover_ratio": 0.06,
            "account_receivable_turnover_ratio": 2.69,
            "reinvestment_rate": -4.23,
            "research_to_sale_ratio": null,
            "price_fair": 50.93,
            "eps_avg_yearly": 1.46,
            "eps_latest_yearly": 2.24,
            "eps_growth_yearly": 2440.47
        },
        "20184": {
            "year_quarter": 20184,
            "year": 2018,
            "quarter": 4,
            "eps": 1.46,
            "eps_growth_year": 179.38,
            "eps_4q": 2.38,
            "eps_4q_growth_year": 99.13,
            "roe": 7.91,
            "roe_4q": 13.209999999999999,
            "gross_profit": 358364,
            "gross_margin": 28.71,
            "gross_margin_4q_avg": 22.84,
            "net_income": 272120,
            "revenue": 1248040,
            "common_shares": 1842213,
            "book_valuer_per_share": 19.46,
            "book_valuer_per_share_4q_avg": 18.08,
            "equity": 3585571,
            "current_ratio": 299.69,
            "debt_ratio": 56.52,
            "inventory_turnover_ratio": 0.13,
            "account_receivable_turnover_ratio": 4.51,
            "reinvestment_rate": -3.7,
            "research_to_sale_ratio": null,
            "price_fair": 55.3,
            "eps_avg_yearly": 1.58,
            "eps_latest_yearly": 5.84,
            "eps_growth_yearly": 2478.69
        },
        "20191": {
            "year_quarter": 20191,
            "year": 2019,
            "quarter": 1,
            "eps": 0.55,
            "eps_growth_year": 243.75,
            "eps_4q": 2.66,
            "eps_4q_growth_year": 187.4,
            "roe": 2.81,
            "roe_4q": 15.11,
            "gross_profit": 155326,
            "gross_margin": 20.94,
            "gross_margin_4q_avg": 24.52,
            "net_income": 103337,
            "revenue": 741605,
            "common_shares": 1864187,
            "book_valuer_per_share": 20.25,
            "book_valuer_per_share_4q_avg": 18.75,
            "equity": 3774768,
            "current_ratio": 313.11,
            "debt_ratio": 53.41,
            "inventory_turnover_ratio": 0.09,
            "account_receivable_turnover_ratio": 2.5,
            "reinvestment_rate": -4.15,
            "research_to_sale_ratio": null,
            "price_fair": 57.49,
            "eps_avg_yearly": 1.64,
            "eps_latest_yearly": 2.2,
            "eps_growth_yearly": 2480.29
        },
        "20192": {
            "year_quarter": 20192,
            "year": 2019,
            "quarter": 2,
            "eps": 1.04,
            "eps_growth_year": 395.24,
            "eps_4q": 3.37,
            "eps_4q_growth_year": 266.19,
            "roe": 5.41,
            "roe_4q": 19.320000000000004,
            "gross_profit": 282264,
            "gross_margin": 19.44,
            "gross_margin_4q_avg": 24.18,
            "net_income": 207335,
            "revenue": 1451877,
            "common_shares": 1944080,
            "book_valuer_per_share": 19.98,
            "book_valuer_per_share_4q_avg": 19.39,
            "equity": 3883430,
            "current_ratio": 282.07,
            "debt_ratio": 55.76,
            "inventory_turnover_ratio": 0.18,
            "account_receivable_turnover_ratio": 5.5,
            "reinvestment_rate": -3.45,
            "research_to_sale_ratio": null,
            "price_fair": 61.86,
            "eps_avg_yearly": 1.77,
            "eps_latest_yearly": 4.16,
            "eps_growth_yearly": 2482.56
        },
        "20193": {
            "year_quarter": 20193,
            "year": 2019,
            "quarter": 3,
            "eps": 0.42,
            "eps_growth_year": -25,
            "eps_4q": 3.21,
            "eps_4q_growth_year": 121.61,
            "roe": 2.21,
            "roe_4q": 18.34,
            "gross_profit": 140559,
            "gross_margin": 25.14,
            "gross_margin_4q_avg": 23.56,
            "net_income": 87215,
            "revenue": 559102,
            "common_shares": 2037584,
            "book_valuer_per_share": 19.73,
            "book_valuer_per_share_4q_avg": 19.86,
            "equity": 4020238,
            "current_ratio": 366.22,
            "debt_ratio": 55.08,
            "inventory_turnover_ratio": 0.06,
            "account_receivable_turnover_ratio": 2.83,
            "reinvestment_rate": -3.41,
            "research_to_sale_ratio": null,
            "price_fair": 61.69,
            "eps_avg_yearly": 1.76,
            "eps_latest_yearly": 1.68,
            "eps_growth_yearly": 2472.29
        },
        "20194": {
            "year_quarter": 20194,
            "year": 2019,
            "quarter": 4,
            "eps": 0.42,
            "eps_growth_year": -71.2,
            "eps_4q": 2.25,
            "eps_4q_growth_year": -5.29,
            "roe": 2.22,
            "roe_4q": 12.65,
            "gross_profit": 221536,
            "gross_margin": 13.49,
            "gross_margin_4q_avg": 19.75,
            "net_income": 91380,
            "revenue": 1642037,
            "common_shares": 2089051,
            "book_valuer_per_share": 20.13,
            "book_valuer_per_share_4q_avg": 20.02,
            "equity": 4204448,
            "current_ratio": 468.93,
            "debt_ratio": 51.11,
            "inventory_turnover_ratio": 0.2,
            "account_receivable_turnover_ratio": 9.02,
            "reinvestment_rate": -2,
            "research_to_sale_ratio": null,
            "price_fair": 63.88,
            "eps_avg_yearly": 1.83,
            "eps_latest_yearly": 1.68,
            "eps_growth_yearly": 2487.63
        },
        "20201": {
            "year_quarter": 20201,
            "year": 2020,
            "quarter": 1,
            "eps": 0.27,
            "eps_growth_year": -50.91,
            "eps_4q": 2.03,
            "eps_4q_growth_year": -23.88,
            "roe": 1.37,
            "roe_4q": 11.21,
            "gross_profit": 100934,
            "gross_margin": 24.68,
            "gross_margin_4q_avg": 20.69,
            "net_income": 57980,
            "revenue": 408918,
            "common_shares": 2191972,
            "book_valuer_per_share": 19.52,
            "book_valuer_per_share_4q_avg": 19.84,
            "equity": 4279565,
            "current_ratio": 465.96,
            "debt_ratio": 50.8,
            "inventory_turnover_ratio": 0.04,
            "account_receivable_turnover_ratio": 2.53,
            "reinvestment_rate": -2.32,
            "research_to_sale_ratio": null,
            "price_fair": 66.15,
            "eps_avg_yearly": 1.89,
            "eps_latest_yearly": 1.08,
            "eps_growth_yearly": 2502.23
        },
        "20202": {
            "year_quarter": 20202,
            "year": 2020,
            "quarter": 2,
            "eps": 0.16,
            "eps_growth_year": -84.62,
            "eps_4q": 1.24,
            "eps_4q_growth_year": -63.23,
            "roe": 0.84,
            "roe_4q": 6.64,
            "gross_profit": 78743,
            "gross_margin": 13.9,
            "gross_margin_4q_avg": 19.3,
            "net_income": 34811,
            "revenue": 566572,
            "common_shares": 2191972,
            "book_valuer_per_share": 18.34,
            "book_valuer_per_share_4q_avg": 19.43,
            "equity": 4019851,
            "current_ratio": 359.85,
            "debt_ratio": 55.25,
            "inventory_turnover_ratio": 0.07,
            "account_receivable_turnover_ratio": 3.69,
            "reinvestment_rate": -3.36,
            "research_to_sale_ratio": null,
            "price_fair": 60.38,
            "eps_avg_yearly": 1.73,
            "eps_latest_yearly": 0.64,
            "eps_growth_yearly": 467.05
        },
        "20203": {
            "year_quarter": 20203,
            "year": 2020,
            "quarter": 3,
            "eps": 0.72,
            "eps_growth_year": 71.43,
            "eps_4q": 1.56,
            "eps_4q_growth_year": -51.33,
            "roe": 3.86,
            "roe_4q": 8.290000000000001,
            "gross_profit": 219005,
            "gross_margin": 17.56,
            "gross_margin_4q_avg": 17.41,
            "net_income": 158007,
            "revenue": 1247209,
            "common_shares": 2191972,
            "book_valuer_per_share": 19.06,
            "book_valuer_per_share_4q_avg": 19.26,
            "equity": 4177232,
            "current_ratio": 458.84,
            "debt_ratio": 52.74,
            "inventory_turnover_ratio": 0.15,
            "account_receivable_turnover_ratio": 8.79,
            "reinvestment_rate": -3,
            "research_to_sale_ratio": null,
            "price_fair": 65.8,
            "eps_avg_yearly": 1.88,
            "eps_latest_yearly": 2.88,
            "eps_growth_yearly": 576.5
        },
        "20204": {
            "year_quarter": 20204,
            "year": 2020,
            "quarter": 4,
            "eps": 0.92,
            "eps_growth_year": 119.47,
            "eps_4q": 2.07,
            "eps_4q_growth_year": -8.18,
            "roe": 4.73,
            "roe_4q": 10.8,
            "gross_profit": 303479,
            "gross_margin": 25.56,
            "gross_margin_4q_avg": 20.43,
            "net_income": 202261,
            "revenue": 1187281,
            "common_shares": 2191972,
            "book_valuer_per_share": 19.98,
            "book_valuer_per_share_4q_avg": 19.23,
            "equity": 4380066,
            "current_ratio": 550.95,
            "debt_ratio": 52.97,
            "inventory_turnover_ratio": 0.12,
            "account_receivable_turnover_ratio": 9.31,
            "reinvestment_rate": -2.7,
            "research_to_sale_ratio": null,
            "price_fair": 70.7,
            "eps_avg_yearly": 2.02,
            "eps_latest_yearly": 3.68,
            "eps_growth_yearly": 518.44
        },
        "20211": {
            "year_quarter": 20211,
            "year": 2021,
            "quarter": 1,
            "eps": 0.19,
            "eps_growth_year": -29.63,
            "eps_4q": 2,
            "eps_4q_growth_year": -1.46,
            "roe": 0.96,
            "roe_4q": 10.39,
            "gross_profit": 116390,
            "gross_margin": 20.05,
            "gross_margin_4q_avg": 19.27,
            "net_income": 42358,
            "revenue": 580419,
            "common_shares": 2191972,
            "book_valuer_per_share": 20.2,
            "book_valuer_per_share_4q_avg": 19.4,
            "equity": 4427060,
            "current_ratio": 438.79,
            "debt_ratio": 57.2,
            "inventory_turnover_ratio": 0.06,
            "account_receivable_turnover_ratio": 3.06,
            "reinvestment_rate": -2.62,
            "research_to_sale_ratio": null,
            "price_fair": 68.6,
            "eps_avg_yearly": 1.96,
            "eps_latest_yearly": 0.76,
            "eps_growth_yearly": 493.74
        },
        "20212": {
            "year_quarter": 20212,
            "year": 2021,
            "quarter": 2,
            "eps": 0.84,
            "eps_growth_year": 425,
            "eps_4q": 2.68,
            "eps_4q_growth_year": 116.28,
            "roe": 4.08,
            "roe_4q": 13.629999999999999,
            "gross_profit": 282242,
            "gross_margin": 21.15,
            "gross_margin_4q_avg": 21.08,
            "net_income": 184340,
            "revenue": 1334184,
            "common_shares": 2191972,
            "book_valuer_per_share": 21.05,
            "book_valuer_per_share_4q_avg": 20.07,
            "equity": 4613159,
            "current_ratio": 395.8,
            "debt_ratio": 54.28,
            "inventory_turnover_ratio": 0.13,
            "account_receivable_turnover_ratio": 7.66,
            "reinvestment_rate": -2.75,
            "research_to_sale_ratio": null,
            "price_fair": 74.11,
            "eps_avg_yearly": 2.12,
            "eps_latest_yearly": 3.36,
            "eps_growth_yearly": 592.06
        },
        "20213": {
            "year_quarter": 20213,
            "year": 2021,
            "quarter": 3,
            "eps": 0.3,
            "eps_growth_year": -58.33,
            "eps_4q": 2.25,
            "eps_4q_growth_year": 44.39,
            "roe": 1.46,
            "roe_4q": 11.23,
            "gross_profit": 160338,
            "gross_margin": 22.06,
            "gross_margin_4q_avg": 22.21,
            "net_income": 65106,
            "revenue": 726738,
            "common_shares": 2191972,
            "book_valuer_per_share": 19.55,
            "book_valuer_per_share_4q_avg": 20.2,
            "equity": 4284709,
            "current_ratio": 314.7,
            "debt_ratio": 61.56,
            "inventory_turnover_ratio": 0.07,
            "account_receivable_turnover_ratio": 7.94,
            "reinvestment_rate": -2.05,
            "research_to_sale_ratio": null,
            "price_fair": 76.48,
            "eps_avg_yearly": 2.19,
            "eps_latest_yearly": 1.2,
            "eps_growth_yearly": 597.42
        },
        "20214": {
            "year_quarter": 20214,
            "year": 2021,
            "quarter": 4,
            "eps": 1.4,
            "eps_growth_year": 51.74,
            "eps_4q": 2.73,
            "eps_4q_growth_year": 32.15,
            "roe": 6.91,
            "roe_4q": 13.41,
            "gross_profit": 524143,
            "gross_margin": 24.96,
            "gross_margin_4q_avg": 22.06,
            "net_income": 306903,
            "revenue": 2099642,
            "common_shares": 2191972,
            "book_valuer_per_share": 20.96,
            "book_valuer_per_share_4q_avg": 20.44,
            "equity": 4594006,
            "current_ratio": 352.05,
            "debt_ratio": 58.5,
            "inventory_turnover_ratio": 0.18,
            "account_receivable_turnover_ratio": 17.62,
            "reinvestment_rate": -0.18,
            "research_to_sale_ratio": null,
            "price_fair": 84.18,
            "eps_avg_yearly": 2.41,
            "eps_latest_yearly": 5.6,
            "eps_growth_yearly": 280.75
        },
        "20221": {
            "year_quarter": 20221,
            "year": 2022,
            "quarter": 1,
            "eps": 0.24,
            "eps_growth_year": 26.32,
            "eps_4q": 2.77,
            "eps_4q_growth_year": 38.96,
            "roe": 1.17,
            "roe_4q": 13.62,
            "gross_profit": 104377,
            "gross_margin": 24.81,
            "gross_margin_4q_avg": 23.25,
            "net_income": 51514,
            "revenue": 420724,
            "common_shares": 2191972,
            "book_valuer_per_share": 19.2,
            "book_valuer_per_share_4q_avg": 20.19,
            "equity": 4208515,
            "current_ratio": 359.9,
            "debt_ratio": 62.46,
            "inventory_turnover_ratio": 0.04,
            "account_receivable_turnover_ratio": 3.83,
            "reinvestment_rate": -0.04,
            "research_to_sale_ratio": null,
            "price_fair": 84.88,
            "eps_avg_yearly": 2.43,
            "eps_latest_yearly": 0.96,
            "eps_growth_yearly": 277.35
        },
        "20222": {
            "year_quarter": 20222,
            "year": 2022,
            "quarter": 2,
            "eps": 0.81,
            "eps_growth_year": -3.57,
            "eps_4q": 2.74,
            "eps_4q_growth_year": 2.45,
            "roe": 4.14,
            "roe_4q": 13.68,
            "gross_profit": 350307,
            "gross_margin": 24.8,
            "gross_margin_4q_avg": 24.16,
            "net_income": 177829,
            "revenue": 1412577,
            "common_shares": 2191972,
            "book_valuer_per_share": 20.03,
            "book_valuer_per_share_4q_avg": 19.94,
            "equity": 4391171,
            "current_ratio": 400.68,
            "debt_ratio": 60.71,
            "inventory_turnover_ratio": 0.12,
            "account_receivable_turnover_ratio": 17.1,
            "reinvestment_rate": -0.22,
            "research_to_sale_ratio": null,
            "price_fair": 90.13,
            "eps_avg_yearly": 2.58,
            "eps_latest_yearly": 3.24,
            "eps_growth_yearly": 328.91
        },
        "20223": {
            "year_quarter": 20223,
            "year": 2022,
            "quarter": 3,
            "eps": 2.06,
            "eps_growth_year": 586.67,
            "eps_4q": 4.5,
            "eps_4q_growth_year": 99.81,
            "roe": 9.77,
            "roe_4q": 21.990000000000002,
            "gross_profit": 636385,
            "gross_margin": 33.69,
            "gross_margin_4q_avg": 27.07,
            "net_income": 450937,
            "revenue": 1889081,
            "common_shares": 2191972,
            "book_valuer_per_share": 22.09,
            "book_valuer_per_share_4q_avg": 20.57,
            "equity": 4841577,
            "current_ratio": 444.56,
            "debt_ratio": 58.43,
            "inventory_turnover_ratio": 0.14,
            "account_receivable_turnover_ratio": 14.28,
            "reinvestment_rate": -0.38,
            "research_to_sale_ratio": null,
            "price_fair": 103.25,
            "eps_avg_yearly": 2.95,
            "eps_latest_yearly": 8.24,
            "eps_growth_yearly": 325.82
        },
        "20224": {
            "year_quarter": 20224,
            "year": 2022,
            "quarter": 4,
            "eps": 1.03,
            "eps_growth_year": -26.51,
            "eps_4q": 4.13,
            "eps_4q_growth_year": 51.3,
            "roe": 4.55,
            "roe_4q": 19.630000000000003,
            "gross_profit": 355007,
            "gross_margin": 35.81,
            "gross_margin_4q_avg": 29.78,
            "net_income": 225550,
            "revenue": 991323,
            "common_shares": 2191972,
            "book_valuer_per_share": 23.11,
            "book_valuer_per_share_4q_avg": 21.11,
            "equity": 5065700,
            "current_ratio": 401.79,
            "debt_ratio": 58.05,
            "inventory_turnover_ratio": 0.07,
            "account_receivable_turnover_ratio": 6.36,
            "reinvestment_rate": -0.45,
            "research_to_sale_ratio": null,
            "price_fair": 99.49,
            "eps_avg_yearly": 2.84,
            "eps_latest_yearly": 4.12,
            "eps_growth_yearly": 273.14
        },
        "20231": {
            "year_quarter": 20231,
            "year": 2023,
            "quarter": 1,
            "eps": 0.27,
            "eps_growth_year": 12.5,
            "eps_4q": 4.17,
            "eps_4q_growth_year": 50.23,
            "roe": 1.21,
            "roe_4q": 19.669999999999998,
            "gross_profit": 142096,
            "gross_margin": 32.12,
            "gross_margin_4q_avg": 31.61,
            "net_income": 58897,
            "revenue": 442345,
            "common_shares": 2191972,
            "book_valuer_per_share": 21.28,
            "book_valuer_per_share_4q_avg": 21.63,
            "equity": 4665494,
            "current_ratio": 376.94,
            "debt_ratio": 61.26,
            "inventory_turnover_ratio": 0.03,
            "account_receivable_turnover_ratio": 3.24,
            "reinvestment_rate": 0.77,
            "research_to_sale_ratio": null,
            "price_fair": 97.04,
            "eps_avg_yearly": 2.77,
            "eps_latest_yearly": 1.08,
            "eps_growth_yearly": 270.28
        }
    },
    "months": {
        "2001-06": {
            "month": "2001-06",
            "price": "6.80",
            "revenue": 67468
        },
        "2001-07": {
            "month": "2001-07",
            "price": "6.18",
            "revenue": 64846
        },
        "2001-08": {
            "month": "2001-08",
            "price": "5.63",
            "revenue": 67783
        },
        "2001-09": {
            "month": "2001-09",
            "price": "5.66",
            "revenue": 91035
        },
        "2001-10": {
            "month": "2001-10",
            "price": "5.51",
            "revenue": 62135
        },
        "2001-11": {
            "month": "2001-11",
            "price": "5.30",
            "revenue": 98022
        },
        "2001-12": {
            "month": "2001-12",
            "price": "5.86",
            "revenue": 770690
        },
        "2002-01": {
            "month": "2002-01",
            "price": "6.18",
            "revenue": 95457
        },
        "2002-02": {
            "month": "2002-02",
            "price": "5.99",
            "revenue": 59595
        },
        "2002-03": {
            "month": "2002-03",
            "price": "6.23",
            "revenue": 78203
        },
        "2002-04": {
            "month": "2002-04",
            "price": "7.37",
            "revenue": 71260
        },
        "2002-05": {
            "month": "2002-05",
            "price": "7.04",
            "revenue": 86677
        },
        "2002-06": {
            "month": "2002-06",
            "price": "6.92",
            "revenue": 88070
        },
        "2002-07": {
            "month": "2002-07",
            "price": "6.46",
            "revenue": 103905
        },
        "2002-08": {
            "month": "2002-08",
            "price": "6.48",
            "revenue": 138798
        },
        "2002-09": {
            "month": "2002-09",
            "price": "6.59",
            "revenue": 117752
        },
        "2002-10": {
            "month": "2002-10",
            "price": "6.30",
            "revenue": 132773
        },
        "2002-11": {
            "month": "2002-11",
            "price": "6.61",
            "revenue": 255780
        },
        "2002-12": {
            "month": "2002-12",
            "price": "7.01",
            "revenue": 172305
        },
        "2003-01": {
            "month": "2003-01",
            "price": "7.36",
            "revenue": 111559
        },
        "2003-02": {
            "month": "2003-02",
            "price": "8.00",
            "revenue": 87700
        },
        "2003-03": {
            "month": "2003-03",
            "price": "7.85",
            "revenue": 125791
        },
        "2003-04": {
            "month": "2003-04",
            "price": "7.90",
            "revenue": 143835
        },
        "2003-05": {
            "month": "2003-05",
            "price": "7.72",
            "revenue": 68838
        },
        "2003-06": {
            "month": "2003-06",
            "price": "7.95",
            "revenue": 119355
        },
        "2003-07": {
            "month": "2003-07",
            "price": "7.67",
            "revenue": 88184
        },
        "2003-08": {
            "month": "2003-08",
            "price": "7.94",
            "revenue": 114819
        },
        "2003-09": {
            "month": "2003-09",
            "price": "7.89",
            "revenue": 114683
        },
        "2003-10": {
            "month": "2003-10",
            "price": "8.01",
            "revenue": 85158
        },
        "2003-11": {
            "month": "2003-11",
            "price": "8.09",
            "revenue": 120962
        },
        "2003-12": {
            "month": "2003-12",
            "price": "8.08",
            "revenue": 431281
        },
        "2004-01": {
            "month": "2004-01",
            "price": "11.16",
            "revenue": 131406
        },
        "2004-02": {
            "month": "2004-02",
            "price": "12.25",
            "revenue": 114186
        },
        "2004-03": {
            "month": "2004-03",
            "price": "12.70",
            "revenue": 152379
        },
        "2004-04": {
            "month": "2004-04",
            "price": "13.27",
            "revenue": 177036
        },
        "2004-05": {
            "month": "2004-05",
            "price": "12.87",
            "revenue": 144461
        },
        "2004-06": {
            "month": "2004-06",
            "price": "12.67",
            "revenue": 155629
        },
        "2004-07": {
            "month": "2004-07",
            "price": "12.58",
            "revenue": 234258
        },
        "2004-08": {
            "month": "2004-08",
            "price": "12.40",
            "revenue": 127479
        },
        "2004-09": {
            "month": "2004-09",
            "price": "12.36",
            "revenue": 170944
        },
        "2004-10": {
            "month": "2004-10",
            "price": "12.42",
            "revenue": 135432
        },
        "2004-11": {
            "month": "2004-11",
            "price": "12.66",
            "revenue": 259260
        },
        "2004-12": {
            "month": "2004-12",
            "price": "13.60",
            "revenue": 668000
        },
        "2005-01": {
            "month": "2005-01",
            "price": "16.64",
            "revenue": 133303
        },
        "2005-02": {
            "month": "2005-02",
            "price": "18.16",
            "revenue": 108461
        },
        "2005-03": {
            "month": "2005-03",
            "price": "18.08",
            "revenue": 123146
        },
        "2005-04": {
            "month": "2005-04",
            "price": "18.48",
            "revenue": 131086
        },
        "2005-05": {
            "month": "2005-05",
            "price": "19.19",
            "revenue": 108382
        },
        "2005-06": {
            "month": "2005-06",
            "price": "20.95",
            "revenue": 112039
        },
        "2005-07": {
            "month": "2005-07",
            "price": "23.41",
            "revenue": 60928
        },
        "2005-08": {
            "month": "2005-08",
            "price": "24.22",
            "revenue": 128926
        },
        "2005-09": {
            "month": "2005-09",
            "price": "23.09",
            "revenue": 439385
        },
        "2005-10": {
            "month": "2005-10",
            "price": "23.48",
            "revenue": 195294
        },
        "2005-11": {
            "month": "2005-11",
            "price": "24.25",
            "revenue": 140344
        },
        "2005-12": {
            "month": "2005-12",
            "price": "24.46",
            "revenue": 1041389
        },
        "2006-01": {
            "month": "2006-01",
            "price": "25.92",
            "revenue": 214966
        },
        "2006-02": {
            "month": "2006-02",
            "price": "25.91",
            "revenue": 108040
        },
        "2006-03": {
            "month": "2006-03",
            "price": "30.09",
            "revenue": 255282
        },
        "2006-04": {
            "month": "2006-04",
            "price": "38.02",
            "revenue": 102284
        },
        "2006-05": {
            "month": "2006-05",
            "price": "42.30",
            "revenue": 102189
        },
        "2006-06": {
            "month": "2006-06",
            "price": "40.91",
            "revenue": 95109
        },
        "2006-07": {
            "month": "2006-07",
            "price": "39.23",
            "revenue": 83197
        },
        "2006-08": {
            "month": "2006-08",
            "price": "33.04",
            "revenue": 68276
        },
        "2006-09": {
            "month": "2006-09",
            "price": "29.62",
            "revenue": 652914
        },
        "2006-10": {
            "month": "2006-10",
            "price": "29.82",
            "revenue": 250111
        },
        "2006-11": {
            "month": "2006-11",
            "price": "29.94",
            "revenue": 342015
        },
        "2006-12": {
            "month": "2006-12",
            "price": "31.28",
            "revenue": 463330
        },
        "2007-01": {
            "month": "2007-01",
            "price": "30.90",
            "revenue": 157180
        },
        "2007-02": {
            "month": "2007-02",
            "price": "30.52",
            "revenue": 139627
        },
        "2007-03": {
            "month": "2007-03",
            "price": "30.38",
            "revenue": 162210
        },
        "2007-04": {
            "month": "2007-04",
            "price": "35.20",
            "revenue": 192169
        },
        "2007-05": {
            "month": "2007-05",
            "price": "35.74",
            "revenue": 195415
        },
        "2007-06": {
            "month": "2007-06",
            "price": "35.06",
            "revenue": 213038
        },
        "2007-07": {
            "month": "2007-07",
            "price": "42.50",
            "revenue": 123176
        },
        "2007-08": {
            "month": "2007-08",
            "price": "47.24",
            "revenue": 247551
        },
        "2007-09": {
            "month": "2007-09",
            "price": "37.74",
            "revenue": 157911
        },
        "2007-10": {
            "month": "2007-10",
            "price": "34.99",
            "revenue": 195484
        },
        "2007-11": {
            "month": "2007-11",
            "price": "38.56",
            "revenue": 423656
        },
        "2007-12": {
            "month": "2007-12",
            "price": "38.04",
            "revenue": 574041
        },
        "2008-01": {
            "month": "2008-01",
            "price": "36.89",
            "revenue": 241072
        },
        "2008-02": {
            "month": "2008-02",
            "price": "35.54",
            "revenue": 165748
        },
        "2008-03": {
            "month": "2008-03",
            "price": "33.36",
            "revenue": 231993
        },
        "2008-04": {
            "month": "2008-04",
            "price": "38.68",
            "revenue": 163275
        },
        "2008-05": {
            "month": "2008-05",
            "price": "37.85",
            "revenue": 222345
        },
        "2008-06": {
            "month": "2008-06",
            "price": "34.04",
            "revenue": 162813
        },
        "2008-07": {
            "month": "2008-07",
            "price": "29.65",
            "revenue": 133394
        },
        "2008-08": {
            "month": "2008-08",
            "price": "26.80",
            "revenue": 163420
        },
        "2008-09": {
            "month": "2008-09",
            "price": "22.30",
            "revenue": 329504
        },
        "2008-10": {
            "month": "2008-10",
            "price": "16.62",
            "revenue": 126912
        },
        "2008-11": {
            "month": "2008-11",
            "price": "14.43",
            "revenue": 545599
        },
        "2008-12": {
            "month": "2008-12",
            "price": "13.29",
            "revenue": 350075
        },
        "2009-01": {
            "month": "2009-01",
            "price": "13.29",
            "revenue": 50729
        },
        "2009-02": {
            "month": "2009-02",
            "price": "12.08",
            "revenue": 72031
        },
        "2009-03": {
            "month": "2009-03",
            "price": "12.08",
            "revenue": 153996
        },
        "2009-04": {
            "month": "2009-04",
            "price": "15.32",
            "revenue": 84758
        },
        "2009-05": {
            "month": "2009-05",
            "price": "23.85",
            "revenue": 204607
        },
        "2009-06": {
            "month": "2009-06",
            "price": "27.76",
            "revenue": 236200
        },
        "2009-07": {
            "month": "2009-07",
            "price": "26.28",
            "revenue": 158800
        },
        "2009-08": {
            "month": "2009-08",
            "price": "22.51",
            "revenue": 126810
        },
        "2009-09": {
            "month": "2009-09",
            "price": "23.62",
            "revenue": 185950
        },
        "2009-10": {
            "month": "2009-10",
            "price": "25.14",
            "revenue": 206350
        },
        "2009-11": {
            "month": "2009-11",
            "price": "23.41",
            "revenue": 293188
        },
        "2009-12": {
            "month": "2009-12",
            "price": "22.32",
            "revenue": 453603
        },
        "2010-01": {
            "month": "2010-01",
            "price": "22.59",
            "revenue": 157602
        },
        "2010-02": {
            "month": "2010-02",
            "price": "21.26",
            "revenue": 86779
        },
        "2010-03": {
            "month": "2010-03",
            "price": "22.75",
            "revenue": 189181
        },
        "2010-04": {
            "month": "2010-04",
            "price": "22.58",
            "revenue": 181266
        },
        "2010-05": {
            "month": "2010-05",
            "price": "21.27",
            "revenue": 140718
        },
        "2010-06": {
            "month": "2010-06",
            "price": "23.02",
            "revenue": 308195
        },
        "2010-07": {
            "month": "2010-07",
            "price": "22.79",
            "revenue": 242084
        },
        "2010-08": {
            "month": "2010-08",
            "price": "23.45",
            "revenue": 159047
        },
        "2010-09": {
            "month": "2010-09",
            "price": "28.49",
            "revenue": 158482
        },
        "2010-10": {
            "month": "2010-10",
            "price": "27.56",
            "revenue": 210569
        },
        "2010-11": {
            "month": "2010-11",
            "price": "26.57",
            "revenue": 228525
        },
        "2010-12": {
            "month": "2010-12",
            "price": "37.08",
            "revenue": 444525
        },
        "2011-01": {
            "month": "2011-01",
            "price": "38.46",
            "revenue": 227893
        },
        "2011-02": {
            "month": "2011-02",
            "price": "38.05",
            "revenue": 172612
        },
        "2011-03": {
            "month": "2011-03",
            "price": "33.29",
            "revenue": 420604
        },
        "2011-04": {
            "month": "2011-04",
            "price": "38.52",
            "revenue": 123411
        },
        "2011-05": {
            "month": "2011-05",
            "price": "38.81",
            "revenue": 159034
        },
        "2011-06": {
            "month": "2011-06",
            "price": "39.84",
            "revenue": 502861
        },
        "2011-07": {
            "month": "2011-07",
            "price": "48.06",
            "revenue": 163883
        },
        "2011-08": {
            "month": "2011-08",
            "price": "45.25",
            "revenue": 155331
        },
        "2011-09": {
            "month": "2011-09",
            "price": "32.43",
            "revenue": 228683
        },
        "2011-10": {
            "month": "2011-10",
            "price": "29.49",
            "revenue": 119975
        },
        "2011-11": {
            "month": "2011-11",
            "price": "28.15",
            "revenue": 251755
        },
        "2011-12": {
            "month": "2011-12",
            "price": "24.90",
            "revenue": 250671
        },
        "2012-01": {
            "month": "2012-01",
            "price": "25.38",
            "revenue": 157645
        },
        "2012-02": {
            "month": "2012-02",
            "price": "29.96",
            "revenue": 110854
        },
        "2012-03": {
            "month": "2012-03",
            "price": "35.38",
            "revenue": 178361
        },
        "2012-04": {
            "month": "2012-04",
            "price": "34.64",
            "revenue": 208366
        },
        "2012-05": {
            "month": "2012-05",
            "price": "37.61",
            "revenue": 265016
        },
        "2012-06": {
            "month": "2012-06",
            "price": "36.35",
            "revenue": 563085
        },
        "2012-07": {
            "month": "2012-07",
            "price": "37.39",
            "revenue": 356441
        },
        "2012-08": {
            "month": "2012-08",
            "price": "36.51",
            "revenue": 168069
        },
        "2012-09": {
            "month": "2012-09",
            "price": "34.26",
            "revenue": 241748
        },
        "2012-10": {
            "month": "2012-10",
            "price": "27.76",
            "revenue": 220142
        },
        "2012-11": {
            "month": "2012-11",
            "price": "26.94",
            "revenue": 206750
        },
        "2012-12": {
            "month": "2012-12",
            "price": "28.14",
            "revenue": 393566
        },
        "2013-01": {
            "month": "2013-01",
            "price": "31.30",
            "revenue": 320981
        },
        "2013-02": {
            "month": "2013-02",
            "price": "31.71",
            "revenue": 116460
        },
        "2013-03": {
            "month": "2013-03",
            "price": "32.39",
            "revenue": 280209
        },
        "2013-04": {
            "month": "2013-04",
            "price": "34.96",
            "revenue": 241083
        },
        "2013-05": {
            "month": "2013-05",
            "price": "34.98",
            "revenue": 217443
        },
        "2013-06": {
            "month": "2013-06",
            "price": "36.26",
            "revenue": 250259
        },
        "2013-07": {
            "month": "2013-07",
            "price": "36.99",
            "revenue": 180643
        },
        "2013-08": {
            "month": "2013-08",
            "price": "31.28",
            "revenue": 731559
        },
        "2013-09": {
            "month": "2013-09",
            "price": "28.70",
            "revenue": 1060371
        },
        "2013-10": {
            "month": "2013-10",
            "price": "28.99",
            "revenue": 322733
        },
        "2013-11": {
            "month": "2013-11",
            "price": "29.40",
            "revenue": 317835
        },
        "2013-12": {
            "month": "2013-12",
            "price": "30.29",
            "revenue": 512586
        },
        "2014-01": {
            "month": "2014-01",
            "price": "30.17",
            "revenue": 215843
        },
        "2014-02": {
            "month": "2014-02",
            "price": "30.90",
            "revenue": 234284
        },
        "2014-03": {
            "month": "2014-03",
            "price": "30.54",
            "revenue": 249203
        },
        "2014-04": {
            "month": "2014-04",
            "price": "31.37",
            "revenue": 312483
        },
        "2014-05": {
            "month": "2014-05",
            "price": "30.14",
            "revenue": 290422
        },
        "2014-06": {
            "month": "2014-06",
            "price": "28.83",
            "revenue": 268831
        },
        "2014-07": {
            "month": "2014-07",
            "price": "28.36",
            "revenue": 256743
        },
        "2014-08": {
            "month": "2014-08",
            "price": "25.89",
            "revenue": 258605
        },
        "2014-09": {
            "month": "2014-09",
            "price": "23.12",
            "revenue": 587206
        },
        "2014-10": {
            "month": "2014-10",
            "price": "22.44",
            "revenue": 568031
        },
        "2014-11": {
            "month": "2014-11",
            "price": "22.04",
            "revenue": 344283
        },
        "2014-12": {
            "month": "2014-12",
            "price": "22.28",
            "revenue": 481326
        },
        "2015-01": {
            "month": "2015-01",
            "price": "21.91",
            "revenue": 313602
        },
        "2015-02": {
            "month": "2015-02",
            "price": "21.88",
            "revenue": 87350
        },
        "2015-03": {
            "month": "2015-03",
            "price": "21.84",
            "revenue": 203088
        },
        "2015-04": {
            "month": "2015-04",
            "price": "21.09",
            "revenue": 125714
        },
        "2015-05": {
            "month": "2015-05",
            "price": "18.36",
            "revenue": 168968
        },
        "2015-06": {
            "month": "2015-06",
            "price": "16.90",
            "revenue": 361428
        },
        "2015-07": {
            "month": "2015-07",
            "price": "15.98",
            "revenue": 195470
        },
        "2015-08": {
            "month": "2015-08",
            "price": "15.05",
            "revenue": 229544
        },
        "2015-09": {
            "month": "2015-09",
            "price": "14.58",
            "revenue": 149246
        },
        "2015-10": {
            "month": "2015-10",
            "price": "13.47",
            "revenue": 100347
        },
        "2015-11": {
            "month": "2015-11",
            "price": "13.60",
            "revenue": 83205
        },
        "2015-12": {
            "month": "2015-12",
            "price": "13.59",
            "revenue": 198848
        },
        "2016-01": {
            "month": "2016-01",
            "price": "13.08",
            "revenue": 60274
        },
        "2016-02": {
            "month": "2016-02",
            "price": "12.90",
            "revenue": 55413
        },
        "2016-03": {
            "month": "2016-03",
            "price": "13.17",
            "revenue": 67782
        },
        "2016-04": {
            "month": "2016-04",
            "price": "13.14",
            "revenue": 162272
        },
        "2016-05": {
            "month": "2016-05",
            "price": "12.05",
            "revenue": 177174
        },
        "2016-06": {
            "month": "2016-06",
            "price": "11.00",
            "revenue": 425173
        },
        "2016-07": {
            "month": "2016-07",
            "price": "11.32",
            "revenue": 138531
        },
        "2016-08": {
            "month": "2016-08",
            "price": "11.44",
            "revenue": 138324
        },
        "2016-09": {
            "month": "2016-09",
            "price": "11.02",
            "revenue": 114553
        },
        "2016-10": {
            "month": "2016-10",
            "price": "10.43",
            "revenue": 142261
        },
        "2016-11": {
            "month": "2016-11",
            "price": "10.32",
            "revenue": 158627
        },
        "2016-12": {
            "month": "2016-12",
            "price": "10.46",
            "revenue": 194206
        },
        "2017-01": {
            "month": "2017-01",
            "price": "10.48",
            "revenue": 79197
        },
        "2017-02": {
            "month": "2017-02",
            "price": "11.15",
            "revenue": 116545
        },
        "2017-03": {
            "month": "2017-03",
            "price": "11.92",
            "revenue": 593375
        },
        "2017-04": {
            "month": "2017-04",
            "price": "12.22",
            "revenue": 108641
        },
        "2017-05": {
            "month": "2017-05",
            "price": "11.34",
            "revenue": 133203
        },
        "2017-06": {
            "month": "2017-06",
            "price": "11.18",
            "revenue": 137249
        },
        "2017-07": {
            "month": "2017-07",
            "price": "11.14",
            "revenue": 110692
        },
        "2017-08": {
            "month": "2017-08",
            "price": "10.99",
            "revenue": 95712
        },
        "2017-09": {
            "month": "2017-09",
            "price": "10.58",
            "revenue": 97861
        },
        "2017-10": {
            "month": "2017-10",
            "price": "10.50",
            "revenue": 113013
        },
        "2017-11": {
            "month": "2017-11",
            "price": "10.27",
            "revenue": 207016
        },
        "2017-12": {
            "month": "2017-12",
            "price": "10.24",
            "revenue": 181213
        },
        "2018-01": {
            "month": "2018-01",
            "price": "10.60",
            "revenue": 166935
        },
        "2018-02": {
            "month": "2018-02",
            "price": "10.34",
            "revenue": 80915
        },
        "2018-03": {
            "month": "2018-03",
            "price": "10.64",
            "revenue": 139808
        },
        "2018-04": {
            "month": "2018-04",
            "price": "12.27",
            "revenue": 93976
        },
        "2018-05": {
            "month": "2018-05",
            "price": "12.37",
            "revenue": 139671
        },
        "2018-06": {
            "month": "2018-06",
            "price": "12.46",
            "revenue": 135751
        },
        "2018-07": {
            "month": "2018-07",
            "price": "11.51",
            "revenue": 196957
        },
        "2018-08": {
            "month": "2018-08",
            "price": "11.32",
            "revenue": 115399
        },
        "2018-09": {
            "month": "2018-09",
            "price": "11.33",
            "revenue": 260068
        },
        "2018-10": {
            "month": "2018-10",
            "price": "10.65",
            "revenue": 348255
        },
        "2018-11": {
            "month": "2018-11",
            "price": "10.94",
            "revenue": 433419
        },
        "2018-12": {
            "month": "2018-12",
            "price": "12.52",
            "revenue": 466365
        },
        "2019-01": {
            "month": "2019-01",
            "price": "12.69",
            "revenue": 270701
        },
        "2019-02": {
            "month": "2019-02",
            "price": "13.11",
            "revenue": 167902
        },
        "2019-03": {
            "month": "2019-03",
            "price": "14.09",
            "revenue": 303002
        },
        "2019-04": {
            "month": "2019-04",
            "price": "15.48",
            "revenue": 823923
        },
        "2019-05": {
            "month": "2019-05",
            "price": "15.98",
            "revenue": 456524
        },
        "2019-06": {
            "month": "2019-06",
            "price": "16.79",
            "revenue": 171430
        },
        "2019-07": {
            "month": "2019-07",
            "price": "16.67",
            "revenue": 185047
        },
        "2019-08": {
            "month": "2019-08",
            "price": "16.77",
            "revenue": 120260
        },
        "2019-09": {
            "month": "2019-09",
            "price": "15.76",
            "revenue": 253795
        },
        "2019-10": {
            "month": "2019-10",
            "price": "15.23",
            "revenue": 451302
        },
        "2019-11": {
            "month": "2019-11",
            "price": "15.90",
            "revenue": 516838
        },
        "2019-12": {
            "month": "2019-12",
            "price": "16.04",
            "revenue": 673897
        },
        "2020-01": {
            "month": "2020-01",
            "price": "16.24",
            "revenue": 58429
        },
        "2020-02": {
            "month": "2020-02",
            "price": "14.63",
            "revenue": 156005
        },
        "2020-03": {
            "month": "2020-03",
            "price": "12.48",
            "revenue": 194484
        },
        "2020-04": {
            "month": "2020-04",
            "price": "13.22",
            "revenue": 292678
        },
        "2020-05": {
            "month": "2020-05",
            "price": "14.83",
            "revenue": 157084
        },
        "2020-06": {
            "month": "2020-06",
            "price": "15.34",
            "revenue": 116810
        },
        "2020-07": {
            "month": "2020-07",
            "price": "15.67",
            "revenue": 117888
        },
        "2020-08": {
            "month": "2020-08",
            "price": "16.60",
            "revenue": 128812
        },
        "2020-09": {
            "month": "2020-09",
            "price": "15.32",
            "revenue": 1000509
        },
        "2020-10": {
            "month": "2020-10",
            "price": "15.03",
            "revenue": 89665
        },
        "2020-11": {
            "month": "2020-11",
            "price": "15.24",
            "revenue": 547946
        },
        "2020-12": {
            "month": "2020-12",
            "price": "15.38",
            "revenue": 549670
        },
        "2021-01": {
            "month": "2021-01",
            "price": "14.88",
            "revenue": 34180
        },
        "2021-02": {
            "month": "2021-02",
            "price": "15.61",
            "revenue": 69825
        },
        "2021-03": {
            "month": "2021-03",
            "price": "18.06",
            "revenue": 476415
        },
        "2021-04": {
            "month": "2021-04",
            "price": "21.94",
            "revenue": 1038694
        },
        "2021-05": {
            "month": "2021-05",
            "price": "22.06",
            "revenue": 137350
        },
        "2021-06": {
            "month": "2021-06",
            "price": "21.85",
            "revenue": 158139
        },
        "2021-07": {
            "month": "2021-07",
            "price": "22.43",
            "revenue": 59764
        },
        "2021-08": {
            "month": "2021-08",
            "price": "22.00",
            "revenue": 136040
        },
        "2021-09": {
            "month": "2021-09",
            "price": "20.48",
            "revenue": 530935
        },
        "2021-10": {
            "month": "2021-10",
            "price": "20.70",
            "revenue": 233932
        },
        "2021-11": {
            "month": "2021-11",
            "price": "21.02",
            "revenue": 504851
        },
        "2021-12": {
            "month": "2021-12",
            "price": "21.23",
            "revenue": 1360858
        },
        "2022-01": {
            "month": "2022-01",
            "price": "22.51",
            "revenue": 211797
        },
        "2022-02": {
            "month": "2022-02",
            "price": "23.08",
            "revenue": 152470
        },
        "2022-03": {
            "month": "2022-03",
            "price": "23.50",
            "revenue": 56457
        },
        "2022-04": {
            "month": "2022-04",
            "price": "23.69",
            "revenue": 562226
        },
        "2022-05": {
            "month": "2022-05",
            "price": "22.02",
            "revenue": 398318
        },
        "2022-06": {
            "month": "2022-06",
            "price": "22.12",
            "revenue": 452033
        },
        "2022-07": {
            "month": "2022-07",
            "price": "21.50",
            "revenue": 273679
        },
        "2022-08": {
            "month": "2022-08",
            "price": "21.67",
            "revenue": 959016
        },
        "2022-09": {
            "month": "2022-09",
            "price": "22.04",
            "revenue": 656386
        },
        "2022-10": {
            "month": "2022-10",
            "price": "21.06",
            "revenue": 678445
        },
        "2022-11": {
            "month": "2022-11",
            "price": "21.88",
            "revenue": 176815
        },
        "2022-12": {
            "month": "2022-12",
            "price": "22.73",
            "revenue": 136063
        },
        "2023-01": {
            "month": "2023-01",
            "price": "22.25",
            "revenue": 68472
        },
        "2023-02": {
            "month": "2023-02",
            "price": "22.75",
            "revenue": 106562
        },
        "2023-03": {
            "month": "2023-03",
            "price": "23.95",
            "revenue": 267311
        },
        "2023-04": {
            "month": "2023-04",
            "price": "24.42",
            "revenue": 237633
        }
    }
}
