{
    "summary": {
        "stock_name": "力泰",
        "stock_id": "5520",
        "category": "建材營造",
        "main_business": "預拌混凝土",
        "website_url": "https://www.lihtai.com",
        "ceo": "吳良材",
        "pe_ratio": 12,
        "report_year_from": 2001,
        "report_year_to": 2023,
        "age": 23,
        "eps_negative_percentage": 4,
        "eps_growth_avg": {
            "last_all": 6.5,
            "last_2y": 18.9,
            "last_4y": 51.34,
            "last_8y": 24.11,
            "last_12y": 18.67,
            "last_16y": 13.1,
            "last_20y": 11.44,
            "at_2006_last_3y": 2.07,
            "at_2007_last_3y": 10.98,
            "at_2008_last_3y": -28.47,
            "at_2009_last_3y": 13.08,
            "at_2010_last_3y": -5.02,
            "at_2011_last_3y": -14.27,
            "at_2012_last_3y": 4.97,
            "at_2013_last_3y": -1.19,
            "at_2014_last_3y": 6.43,
            "at_2015_last_3y": 9.19,
            "at_2016_last_3y": -1.77,
            "at_2017_last_3y": -10.02,
            "at_2018_last_3y": -9.93,
            "at_2019_last_3y": 11.43,
            "at_2020_last_3y": 34.64,
            "at_2021_last_3y": 47.52,
            "at_2022_last_3y": 56.35,
            "at_2023_last_3y": 39.17,
            "at_2024_last_3y": 39.17,
            "at_2006_last_all": -21.53,
            "at_2007_last_all": -9.12,
            "at_2008_last_all": -11.92,
            "at_2009_last_all": -6.7,
            "at_2010_last_all": -13.27,
            "at_2011_last_all": -11.41,
            "at_2012_last_all": -5.17,
            "at_2013_last_all": -4.7,
            "at_2014_last_all": -6.71,
            "at_2015_last_all": -5.07,
            "at_2016_last_all": -4.2,
            "at_2017_last_all": -6.12,
            "at_2018_last_all": -7.51,
            "at_2019_last_all": -1.19,
            "at_2020_last_all": 4.43,
            "at_2021_last_all": 5.18,
            "at_2022_last_all": 5.26,
            "at_2023_last_all": 6.5,
            "at_2024_last_all": 6.5
        },
        "latest_eps": 7.81,
        "latest_price": 90,
        "latest_roe": 20.34,
        "latest_gross_margin": 17.82,
        "latest_equity": 2524960,
        "latest_revenue": 1031953,
        "latest_gross_profit": 183905,
        "latest_net_income": 121053,
        "latest_debt_ratio": 30.59,
        "latest_current_ratio": 222.44,
        "latest_account_receivable_turnover_ratio": 0.9,
        "latest_inventory_turnover_ratio": 3.41,
        "latest_reinvestment_rate": 12.28,
        "latest_research_to_sale_ratio": null
    },
    "eps_dividends": {
        "1999": {
            "cash": 0.5,
            "stock": 1,
            "eps": 0
        },
        "2000": {
            "cash": 1,
            "stock": 0.5,
            "eps": 0
        },
        "2001": {
            "cash": 1.8,
            "stock": 0.2,
            "eps": 7.57
        },
        "2002": {
            "cash": 0.5,
            "stock": 1.3,
            "eps": 0.58
        },
        "2003": {
            "cash": 0.55,
            "stock": 0.3,
            "eps": 0.66
        },
        "2004": {
            "cash": 0.9,
            "stock": 0,
            "eps": 1.27
        },
        "2005": {
            "cash": 1.1,
            "stock": 0,
            "eps": -5.42
        },
        "2006": {
            "cash": 0.5,
            "stock": 0,
            "eps": 2.69
        },
        "2007": {
            "cash": 1.5,
            "stock": 0,
            "eps": 3.78
        },
        "2008": {
            "cash": 1.8,
            "stock": 0,
            "eps": 2.8
        },
        "2009": {
            "cash": 1.1,
            "stock": 0,
            "eps": 3.49
        },
        "2010": {
            "cash": 1.5,
            "stock": 0,
            "eps": 1.42
        },
        "2011": {
            "cash": 1.35,
            "stock": 0,
            "eps": 1.47
        },
        "2012": {
            "cash": 1.35,
            "stock": 0,
            "eps": 2.22
        },
        "2013": {
            "cash": 1.8,
            "stock": 0,
            "eps": 2.22
        },
        "2014": {
            "cash": 3,
            "stock": 0,
            "eps": 1.58
        },
        "2015": {
            "cash": 1.35,
            "stock": 0,
            "eps": 1.81
        },
        "2016": {
            "cash": 1.5,
            "stock": 0,
            "eps": 1.94
        },
        "2017": {
            "cash": 1.75,
            "stock": 0,
            "eps": 1.3
        },
        "2018": {
            "cash": 1.2,
            "stock": 0,
            "eps": 0.93
        },
        "2019": {
            "cash": 1.2,
            "stock": 0,
            "eps": 2.05
        },
        "2020": {
            "cash": 1.85,
            "stock": 0,
            "eps": 4.69
        },
        "2021": {
            "cash": 3.55,
            "stock": 0,
            "eps": 5.56
        },
        "2022": {
            "cash": 3.9,
            "stock": 0,
            "eps": 5.94
        },
        "2023": {
            "cash": 3.95,
            "stock": 0,
            "eps": 7.8
        },
        "2024": {
            "cash": 4.6,
            "stock": 0,
            "eps": 0
        }
    },
    "dividends": {
        "1999-06-17": {
            "cash": 0.5,
            "stock": 1
        },
        "2000-06-28": {
            "cash": 1,
            "stock": 0.5
        },
        "2001-06-28": {
            "cash": 1.8,
            "stock": 0.2
        },
        "2002-06-21": {
            "cash": 0.5,
            "stock": 1.3
        },
        "2003-06-23": {
            "cash": 0.55,
            "stock": 0.3
        },
        "2004-04-30": {
            "cash": 0.9,
            "stock": 0
        },
        "2005-04-28": {
            "cash": 1.1,
            "stock": 0
        },
        "2006-04-27": {
            "cash": 0.5,
            "stock": 0
        },
        "2007-04-24": {
            "cash": 1.5,
            "stock": 0
        },
        "2008-04-25": {
            "cash": 1.8,
            "stock": 0
        },
        "2009-04-21": {
            "cash": 1.1,
            "stock": 0
        },
        "2010-04-27": {
            "cash": 1.5,
            "stock": 0
        },
        "2011-04-26": {
            "cash": 1.35,
            "stock": 0
        },
        "2012-06-21": {
            "cash": 1.35,
            "stock": 0
        },
        "2013-06-24": {
            "cash": 1.8,
            "stock": 0
        },
        "2014-06-23": {
            "cash": 3,
            "stock": 0
        },
        "2015-08-28": {
            "cash": 1.35,
            "stock": 0
        },
        "2016-08-30": {
            "cash": 1.5,
            "stock": 0
        },
        "2017-08-18": {
            "cash": 1.75,
            "stock": 0
        },
        "2018-08-20": {
            "cash": 1.2,
            "stock": 0
        },
        "2019-08-09": {
            "cash": 1.2,
            "stock": 0
        },
        "2020-07-29": {
            "cash": 1.85,
            "stock": 0
        },
        "2021-07-16": {
            "cash": 3.55,
            "stock": 0
        },
        "2022-05-04": {
            "cash": 3.9,
            "stock": 0
        },
        "2023-05-11": {
            "cash": 3.95,
            "stock": 0
        },
        "2024-04-16": {
            "cash": 4.6,
            "stock": 0
        }
    },
    "prices": {
        "200101": "16.86",
        "200102": "17.07",
        "200103": "15.52",
        "200104": "15.82",
        "200105": "16.74",
        "200106": "17.83",
        "200107": "15.18",
        "200108": "14.69",
        "200109": "14.47",
        "200110": "14.73",
        "200111": "13.85",
        "200112": "15.76",
        "200201": "17.80",
        "200202": "19.64",
        "200203": "18.64",
        "200204": "20.45",
        "200205": "21.01",
        "200206": "20.10",
        "200207": "18.99",
        "200208": "17.93",
        "200209": "16.90",
        "200210": "16.13",
        "200211": "15.81",
        "200212": "16.52",
        "200301": "16.13",
        "200302": "15.19",
        "200303": "15.20",
        "200304": "15.15",
        "200305": "15.05",
        "200306": "15.20",
        "200307": "15.07",
        "200308": "14.90",
        "200309": "13.89",
        "200310": "14.26",
        "200311": "13.97",
        "200312": "14.15",
        "200401": "15.65",
        "200402": "16.70",
        "200403": "15.93",
        "200404": "15.49",
        "200405": "14.39",
        "200406": "14.11",
        "200407": "14.37",
        "200408": "13.80",
        "200409": "14.10",
        "200410": "14.19",
        "200411": "14.53",
        "200412": "14.86",
        "200501": "15.42",
        "200502": "15.18",
        "200503": "15.08",
        "200504": "14.66",
        "200505": "13.84",
        "200506": "14.50",
        "200507": "14.01",
        "200508": "13.82",
        "200509": "13.74",
        "200510": "12.34",
        "200511": "10.05",
        "200512": "11.42",
        "200601": "11.96",
        "200602": "12.14",
        "200603": "11.14",
        "200604": "11.14",
        "200605": "12.76",
        "200606": "13.86",
        "200607": "13.92",
        "200608": "13.31",
        "200609": "13.34",
        "200610": "13.71",
        "200611": "15.39",
        "200612": "17.61",
        "200701": "18.23",
        "200702": "17.51",
        "200703": "17.34",
        "200704": "18.72",
        "200705": "24.44",
        "200706": "24.68",
        "200707": "28.70",
        "200708": "29.41",
        "200709": "23.94",
        "200710": "21.68",
        "200711": "22.13",
        "200712": "22.24",
        "200801": "22.86",
        "200802": "22.80",
        "200803": "23.70",
        "200804": "25.22",
        "200805": "26.87",
        "200806": "24.70",
        "200807": "23.43",
        "200808": "20.86",
        "200809": "17.94",
        "200810": "16.56",
        "200811": "18.90",
        "200812": "18.38",
        "200901": "18.36",
        "200902": "18.25",
        "200903": "18.71",
        "200904": "19.82",
        "200905": "23.84",
        "200906": "24.14",
        "200907": "23.49",
        "200908": "23.18",
        "200909": "25.67",
        "200910": "26.02",
        "200911": "26.36",
        "200912": "26.42",
        "201001": "26.95",
        "201002": "25.12",
        "201003": "25.35",
        "201004": "25.96",
        "201005": "24.34",
        "201006": "24.17",
        "201007": "23.46",
        "201008": "23.39",
        "201009": "23.43",
        "201010": "23.45",
        "201011": "23.46",
        "201012": "24.42",
        "201101": "24.61",
        "201102": "23.88",
        "201103": "24.31",
        "201104": "24.87",
        "201105": "25.05",
        "201106": "25.23",
        "201107": "23.85",
        "201108": "23.14",
        "201109": "22.82",
        "201110": "22.26",
        "201111": "21.73",
        "201112": "20.15",
        "201201": "19.83",
        "201202": "21.72",
        "201203": "21.68",
        "201204": "21.36",
        "201205": "21.71",
        "201206": "21.31",
        "201207": "21.26",
        "201208": "21.24",
        "201209": "21.79",
        "201210": "22.35",
        "201211": "23.51",
        "201212": "26.54",
        "201301": "27.62",
        "201302": "28.34",
        "201303": "28.14",
        "201304": "27.84",
        "201305": "28.67",
        "201306": "29.17",
        "201307": "28.59",
        "201308": "28.46",
        "201309": "28.88",
        "201310": "29.04",
        "201311": "29.22",
        "201312": "29.40",
        "201401": "29.27",
        "201402": "29.10",
        "201403": "28.96",
        "201404": "29.04",
        "201405": "29.08",
        "201406": "29.90",
        "201407": "29.67",
        "201408": "27.70",
        "201409": "27.28",
        "201410": "27.18",
        "201411": "27.82",
        "201412": "27.58",
        "201501": "27.79",
        "201502": "27.92",
        "201503": "27.32",
        "201504": "26.84",
        "201505": "26.90",
        "201506": "26.96",
        "201507": "26.21",
        "201508": "25.00",
        "201509": "25.19",
        "201510": "25.82",
        "201511": "26.97",
        "201512": "25.76",
        "201601": "25.56",
        "201602": "25.90",
        "201603": "27.53",
        "201604": "27.56",
        "201605": "27.45",
        "201606": "27.23",
        "201607": "26.42",
        "201608": "26.23",
        "201609": "26.93",
        "201610": "27.14",
        "201611": "27.10",
        "201612": "27.03",
        "201701": "27.12",
        "201702": "27.72",
        "201703": "27.46",
        "201704": "27.52",
        "201705": "27.39",
        "201706": "27.51",
        "201707": "27.19",
        "201708": "26.83",
        "201709": "26.69",
        "201710": "27.17",
        "201711": "27.24",
        "201712": "27.22",
        "201801": "27.76",
        "201802": "26.92",
        "201803": "27.42",
        "201804": "27.59",
        "201805": "27.58",
        "201806": "27.33",
        "201807": "27.13",
        "201808": "26.92",
        "201809": "27.27",
        "201810": "26.96",
        "201811": "28.30",
        "201812": "28.17",
        "201901": "28.32",
        "201902": "29.02",
        "201903": "29.04",
        "201904": "28.54",
        "201905": "28.25",
        "201906": "28.45",
        "201907": "28.46",
        "201908": "28.74",
        "201909": "29.16",
        "201910": "30.20",
        "201911": "31.56",
        "201912": "32.39",
        "202001": "32.63",
        "202002": "32.13",
        "202003": "30.09",
        "202004": "31.02",
        "202005": "36.90",
        "202006": "38.29",
        "202007": "40.28",
        "202008": "41.98",
        "202009": "44.52",
        "202010": "43.63",
        "202011": "45.25",
        "202012": "45.26",
        "202101": "49.89",
        "202102": "49.01",
        "202103": "50.25",
        "202104": "51.20",
        "202105": "49.92",
        "202106": "50.75",
        "202107": "50.46",
        "202108": "49.62",
        "202109": "50.04",
        "202110": "50.28",
        "202111": "51.02",
        "202112": "52.04",
        "202201": "52.64",
        "202202": "56.52",
        "202203": "57.98",
        "202204": "57.11",
        "202205": "55.82",
        "202206": "56.23",
        "202207": "55.68",
        "202208": "55.90",
        "202209": "55.59",
        "202210": "54.26",
        "202211": "54.69",
        "202212": "55.11",
        "202301": "55.52",
        "202302": "56.59",
        "202303": "57.35",
        "202304": "57.23",
        "202305": "58.24",
        "202306": "61.66",
        "202307": "60.89",
        "202308": "63.40",
        "202309": "62.88",
        "202310": "62.32",
        "202311": "67.76",
        "202312": "75.59"
    },
    "quarters": {
        "20011": {
            "year_quarter": 20011,
            "year": 2001,
            "quarter": 1,
            "eps": 0.3,
            "eps_growth_year": 30.43,
            "eps_4q": 1.43,
            "eps_4q_growth_year": 6.28,
            "roe": 1.5,
            "roe_4q": 1.5,
            "gross_profit": 37498,
            "gross_margin": 9.44,
            "gross_margin_4q_avg": 9.44,
            "net_income": 17710,
            "net_income_4q": null,
            "revenue": 397045,
            "revenue_4q": null,
            "common_shares": 597713,
            "book_valuer_per_share": 19.87,
            "book_valuer_per_share_4q_avg": 19.87,
            "equity": 1187589,
            "current_ratio": 112.5,
            "debt_ratio": 50.48,
            "inventory_turnover_ratio": 1.53,
            "account_receivable_turnover_ratio": null,
            "reinvestment_rate": null,
            "research_to_sale_ratio": null,
            "price_fair": 0,
            "eps_avg_yearly": 0,
            "eps_latest_yearly": 0,
            "eps_growth_yearly": 0
        },
        "20012": {
            "year_quarter": 20012,
            "year": 2001,
            "quarter": 2,
            "eps": -0.17,
            "eps_growth_year": -132.69,
            "eps_4q": 0.75,
            "eps_4q_growth_year": -41.23,
            "roe": -0.9,
            "roe_4q": 0.6,
            "gross_profit": 35485,
            "gross_margin": 8.72,
            "gross_margin_4q_avg": 9.08,
            "net_income": -10116,
            "net_income_4q": null,
            "revenue": 407013,
            "revenue_4q": null,
            "common_shares": 597713,
            "book_valuer_per_share": 17.88,
            "book_valuer_per_share_4q_avg": 18.88,
            "equity": 1068544,
            "current_ratio": 98.03,
            "debt_ratio": 51.39,
            "inventory_turnover_ratio": 1.95,
            "account_receivable_turnover_ratio": null,
            "reinvestment_rate": null,
            "research_to_sale_ratio": null,
            "price_fair": 0,
            "eps_avg_yearly": 0,
            "eps_latest_yearly": 0,
            "eps_growth_yearly": 0
        },
        "20013": {
            "year_quarter": 20013,
            "year": 2001,
            "quarter": 3,
            "eps": 0.47,
            "eps_growth_year": 30.56,
            "eps_4q": 0.85,
            "eps_4q_growth_year": -34.67,
            "roe": 2.67,
            "roe_4q": 3.27,
            "gross_profit": 55978,
            "gross_margin": 14.21,
            "gross_margin_4q_avg": 10.79,
            "net_income": 28951,
            "net_income_4q": null,
            "revenue": 394028,
            "revenue_4q": null,
            "common_shares": 609667,
            "book_valuer_per_share": 18,
            "book_valuer_per_share_4q_avg": 18.58,
            "equity": 1097495,
            "current_ratio": 97.54,
            "debt_ratio": 50.48,
            "inventory_turnover_ratio": 1.96,
            "account_receivable_turnover_ratio": null,
            "reinvestment_rate": null,
            "research_to_sale_ratio": null,
            "price_fair": 0,
            "eps_avg_yearly": 0,
            "eps_latest_yearly": 0,
            "eps_growth_yearly": 0
        },
        "20014": {
            "year_quarter": 20014,
            "year": 2001,
            "quarter": 4,
            "eps": 6.97,
            "eps_growth_year": 2481.48,
            "eps_4q": 7.57,
            "eps_4q_growth_year": 459.85,
            "roe": 32.43,
            "roe_4q": 35.7,
            "gross_profit": 44632,
            "gross_margin": 10.47,
            "gross_margin_4q_avg": 10.71,
            "net_income": 424876,
            "net_income_4q": null,
            "revenue": 426425,
            "revenue_4q": null,
            "common_shares": 609667,
            "book_valuer_per_share": 24.97,
            "book_valuer_per_share_4q_avg": 20.18,
            "equity": 1522371,
            "current_ratio": 177.58,
            "debt_ratio": 32.37,
            "inventory_turnover_ratio": 2.22,
            "account_receivable_turnover_ratio": null,
            "reinvestment_rate": null,
            "research_to_sale_ratio": null,
            "price_fair": 0,
            "eps_avg_yearly": 0,
            "eps_latest_yearly": 0,
            "eps_growth_yearly": 0
        },
        "20021": {
            "year_quarter": 20021,
            "year": 2002,
            "quarter": 1,
            "eps": 0.52,
            "eps_growth_year": 73.33,
            "eps_4q": 7.88,
            "eps_4q_growth_year": 449.51,
            "roe": 2.04,
            "roe_4q": 36.24,
            "gross_profit": 53026,
            "gross_margin": 13.64,
            "gross_margin_4q_avg": 11.76,
            "net_income": 31360,
            "net_income_4q": null,
            "revenue": 388859,
            "revenue_4q": null,
            "common_shares": 609667,
            "book_valuer_per_share": 25.37,
            "book_valuer_per_share_4q_avg": 21.56,
            "equity": 1546770,
            "current_ratio": 212.43,
            "debt_ratio": 28.74,
            "inventory_turnover_ratio": 2.37,
            "account_receivable_turnover_ratio": null,
            "reinvestment_rate": null,
            "research_to_sale_ratio": null,
            "price_fair": 6.24,
            "eps_avg_yearly": 2.08,
            "eps_latest_yearly": 2.08,
            "eps_growth_yearly": -370.16
        },
        "20022": {
            "year_quarter": 20022,
            "year": 2002,
            "quarter": 2,
            "eps": -0.25,
            "eps_growth_year": null,
            "eps_4q": 7.71,
            "eps_4q_growth_year": 927.36,
            "roe": -0.99,
            "roe_4q": 36.15,
            "gross_profit": 34715,
            "gross_margin": 8.27,
            "gross_margin_4q_avg": 11.65,
            "net_income": -14992,
            "net_income_4q": null,
            "revenue": 419853,
            "revenue_4q": null,
            "common_shares": 609667,
            "book_valuer_per_share": 24.5,
            "book_valuer_per_share_4q_avg": 23.21,
            "equity": 1493953,
            "current_ratio": 161.69,
            "debt_ratio": 33.87,
            "inventory_turnover_ratio": 2.61,
            "account_receivable_turnover_ratio": null,
            "reinvestment_rate": null,
            "research_to_sale_ratio": null,
            "price_fair": 6.24,
            "eps_avg_yearly": 2.08,
            "eps_latest_yearly": 2.08,
            "eps_growth_yearly": -370.16
        },
        "20023": {
            "year_quarter": 20023,
            "year": 2002,
            "quarter": 3,
            "eps": 0.05,
            "eps_growth_year": -89.36,
            "eps_4q": 6.24,
            "eps_4q_growth_year": 631.65,
            "roe": 0.24,
            "roe_4q": 33.72,
            "gross_profit": 29843,
            "gross_margin": 7.8,
            "gross_margin_4q_avg": 10.05,
            "net_income": 3564,
            "net_income_4q": null,
            "revenue": 382628,
            "revenue_4q": null,
            "common_shares": 688924,
            "book_valuer_per_share": 21.78,
            "book_valuer_per_share_4q_avg": 24.16,
            "equity": 1500253,
            "current_ratio": 211.52,
            "debt_ratio": 27.07,
            "inventory_turnover_ratio": 2.51,
            "account_receivable_turnover_ratio": null,
            "reinvestment_rate": null,
            "research_to_sale_ratio": null,
            "price_fair": 6.24,
            "eps_avg_yearly": 2.08,
            "eps_latest_yearly": 2.08,
            "eps_growth_yearly": -370.16
        },
        "20024": {
            "year_quarter": 20024,
            "year": 2002,
            "quarter": 4,
            "eps": 0.26,
            "eps_growth_year": -96.27,
            "eps_4q": 0.55,
            "eps_4q_growth_year": -92.73,
            "roe": 1.18,
            "roe_4q": 2.4699999999999998,
            "gross_profit": 30963,
            "gross_margin": 8.99,
            "gross_margin_4q_avg": 9.68,
            "net_income": 17858,
            "net_income_4q": null,
            "revenue": 344230,
            "revenue_4q": null,
            "common_shares": 688924,
            "book_valuer_per_share": 22.15,
            "book_valuer_per_share_4q_avg": 23.45,
            "equity": 1526273,
            "current_ratio": 196.64,
            "debt_ratio": 28.86,
            "inventory_turnover_ratio": 2.26,
            "account_receivable_turnover_ratio": null,
            "reinvestment_rate": -29.98,
            "research_to_sale_ratio": null,
            "price_fair": 54.6,
            "eps_avg_yearly": 1.56,
            "eps_latest_yearly": 1.04,
            "eps_growth_yearly": 654.92
        },
        "20031": {
            "year_quarter": 20031,
            "year": 2003,
            "quarter": 1,
            "eps": 0,
            "eps_growth_year": -100,
            "eps_4q": 0.09,
            "eps_4q_growth_year": -98.82,
            "roe": -0,
            "roe_4q": 0.42999999999999994,
            "gross_profit": 7597,
            "gross_margin": 2.74,
            "gross_margin_4q_avg": 6.95,
            "net_income": -50,
            "net_income_4q": null,
            "revenue": 277228,
            "revenue_4q": null,
            "common_shares": 688924,
            "book_valuer_per_share": 22.15,
            "book_valuer_per_share_4q_avg": 22.65,
            "equity": 1526213,
            "current_ratio": 245.67,
            "debt_ratio": 24.88,
            "inventory_turnover_ratio": 1.77,
            "account_receivable_turnover_ratio": null,
            "reinvestment_rate": -30.52,
            "research_to_sale_ratio": null,
            "price_fair": 54.6,
            "eps_avg_yearly": 1.56,
            "eps_latest_yearly": 1.04,
            "eps_growth_yearly": 654.92
        },
        "20032": {
            "year_quarter": 20032,
            "year": 2003,
            "quarter": 2,
            "eps": 0.08,
            "eps_growth_year": null,
            "eps_4q": 0.38,
            "eps_4q_growth_year": -95.12,
            "roe": 0.38,
            "roe_4q": 1.8,
            "gross_profit": 29172,
            "gross_margin": 8.18,
            "gross_margin_4q_avg": 6.93,
            "net_income": 5765,
            "net_income_4q": null,
            "revenue": 356498,
            "revenue_4q": null,
            "common_shares": 688924,
            "book_valuer_per_share": 21.67,
            "book_valuer_per_share_4q_avg": 21.94,
            "equity": 1493127,
            "current_ratio": 199.83,
            "debt_ratio": 28.93,
            "inventory_turnover_ratio": 2.15,
            "account_receivable_turnover_ratio": null,
            "reinvestment_rate": -31.77,
            "research_to_sale_ratio": null,
            "price_fair": 54.6,
            "eps_avg_yearly": 1.56,
            "eps_latest_yearly": 1.04,
            "eps_growth_yearly": 654.92
        },
        "20033": {
            "year_quarter": 20033,
            "year": 2003,
            "quarter": 3,
            "eps": 0.21,
            "eps_growth_year": 320,
            "eps_4q": 0.54,
            "eps_4q_growth_year": -91.3,
            "roe": 0.99,
            "roe_4q": 2.55,
            "gross_profit": 27938,
            "gross_margin": 6.75,
            "gross_margin_4q_avg": 6.67,
            "net_income": 14883,
            "net_income_4q": null,
            "revenue": 413703,
            "revenue_4q": null,
            "common_shares": 709592,
            "book_valuer_per_share": 21.23,
            "book_valuer_per_share_4q_avg": 21.8,
            "equity": 1506303,
            "current_ratio": 169.43,
            "debt_ratio": 30.6,
            "inventory_turnover_ratio": 2.25,
            "account_receivable_turnover_ratio": null,
            "reinvestment_rate": -40.53,
            "research_to_sale_ratio": null,
            "price_fair": 46.2,
            "eps_avg_yearly": 1.32,
            "eps_latest_yearly": 0.84,
            "eps_growth_yearly": 653.28
        },
        "20034": {
            "year_quarter": 20034,
            "year": 2003,
            "quarter": 4,
            "eps": 0.37,
            "eps_growth_year": 42.31,
            "eps_4q": 0.66,
            "eps_4q_growth_year": 20.18,
            "roe": 1.72,
            "roe_4q": 3.09,
            "gross_profit": 32250,
            "gross_margin": 6.9,
            "gross_margin_4q_avg": 6.14,
            "net_income": 26170,
            "net_income_4q": null,
            "revenue": 467426,
            "revenue_4q": null,
            "common_shares": 709592,
            "book_valuer_per_share": 21.6,
            "book_valuer_per_share_4q_avg": 21.66,
            "equity": 1533306,
            "current_ratio": 174.43,
            "debt_ratio": 32.39,
            "inventory_turnover_ratio": 2.55,
            "account_receivable_turnover_ratio": null,
            "reinvestment_rate": -59.65,
            "research_to_sale_ratio": null,
            "price_fair": 47.6,
            "eps_avg_yearly": 1.36,
            "eps_latest_yearly": 1.48,
            "eps_growth_yearly": 566.15
        },
        "20041": {
            "year_quarter": 20041,
            "year": 2004,
            "quarter": 1,
            "eps": 0.29,
            "eps_growth_year": null,
            "eps_4q": 0.94,
            "eps_4q_growth_year": 915.94,
            "roe": 1.35,
            "roe_4q": 4.44,
            "gross_profit": 45351,
            "gross_margin": 11.28,
            "gross_margin_4q_avg": 8.28,
            "net_income": 20861,
            "net_income_4q": null,
            "revenue": 402137,
            "revenue_4q": null,
            "common_shares": 709592,
            "book_valuer_per_share": 21.87,
            "book_valuer_per_share_4q_avg": 21.59,
            "equity": 1551795,
            "current_ratio": 178.39,
            "debt_ratio": 30.22,
            "inventory_turnover_ratio": 2.31,
            "account_receivable_turnover_ratio": null,
            "reinvestment_rate": -62.59,
            "research_to_sale_ratio": null,
            "price_fair": 46.2,
            "eps_avg_yearly": 1.32,
            "eps_latest_yearly": 1.16,
            "eps_growth_yearly": 435.62
        },
        "20042": {
            "year_quarter": 20042,
            "year": 2004,
            "quarter": 2,
            "eps": 0.37,
            "eps_growth_year": 362.5,
            "eps_4q": 1.24,
            "eps_4q_growth_year": 228.03,
            "roe": 1.73,
            "roe_4q": 5.79,
            "gross_profit": 49602,
            "gross_margin": 10.28,
            "gross_margin_4q_avg": 8.8,
            "net_income": 26475,
            "net_income_4q": null,
            "revenue": 482496,
            "revenue_4q": null,
            "common_shares": 709592,
            "book_valuer_per_share": 21.34,
            "book_valuer_per_share_4q_avg": 21.51,
            "equity": 1514302,
            "current_ratio": 167.01,
            "debt_ratio": 33.17,
            "inventory_turnover_ratio": 2.99,
            "account_receivable_turnover_ratio": null,
            "reinvestment_rate": -59.07,
            "research_to_sale_ratio": null,
            "price_fair": 47.13,
            "eps_avg_yearly": 1.35,
            "eps_latest_yearly": 1.48,
            "eps_growth_yearly": 381.41
        },
        "20043": {
            "year_quarter": 20043,
            "year": 2004,
            "quarter": 3,
            "eps": 0.3,
            "eps_growth_year": 42.86,
            "eps_4q": 1.33,
            "eps_4q_growth_year": 145.78,
            "roe": 1.4,
            "roe_4q": 6.2,
            "gross_profit": 35959,
            "gross_margin": 9.38,
            "gross_margin_4q_avg": 9.46,
            "net_income": 21334,
            "net_income_4q": null,
            "revenue": 383360,
            "revenue_4q": null,
            "common_shares": 709592,
            "book_valuer_per_share": 21.65,
            "book_valuer_per_share_4q_avg": 21.62,
            "equity": 1536080,
            "current_ratio": 197.59,
            "debt_ratio": 28.94,
            "inventory_turnover_ratio": 2.23,
            "account_receivable_turnover_ratio": null,
            "reinvestment_rate": -60.17,
            "research_to_sale_ratio": null,
            "price_fair": 46.4,
            "eps_avg_yearly": 1.33,
            "eps_latest_yearly": 1.2,
            "eps_growth_yearly": 316.11
        },
        "20044": {
            "year_quarter": 20044,
            "year": 2004,
            "quarter": 4,
            "eps": 0.31,
            "eps_growth_year": -16.22,
            "eps_4q": 1.26,
            "eps_4q_growth_year": 91.01,
            "roe": 1.45,
            "roe_4q": 5.93,
            "gross_profit": 39558,
            "gross_margin": 9.52,
            "gross_margin_4q_avg": 10.12,
            "net_income": 22338,
            "net_income_4q": null,
            "revenue": 415322,
            "revenue_4q": null,
            "common_shares": 709592,
            "book_valuer_per_share": 21.9,
            "book_valuer_per_share_4q_avg": 21.69,
            "equity": 1554230,
            "current_ratio": 185.68,
            "debt_ratio": 32.54,
            "inventory_turnover_ratio": 2.47,
            "account_receivable_turnover_ratio": null,
            "reinvestment_rate": -81.18,
            "research_to_sale_ratio": null,
            "price_fair": 46.03,
            "eps_avg_yearly": 1.32,
            "eps_latest_yearly": 1.24,
            "eps_growth_yearly": 278.27
        },
        "20051": {
            "year_quarter": 20051,
            "year": 2005,
            "quarter": 1,
            "eps": -2.55,
            "eps_growth_year": -979.31,
            "eps_4q": -1.56,
            "eps_4q_growth_year": -266.01,
            "roe": -11.71,
            "roe_4q": -7.130000000000001,
            "gross_profit": 35031,
            "gross_margin": 8.64,
            "gross_margin_4q_avg": 9.46,
            "net_income": -181021,
            "net_income_4q": null,
            "revenue": 405362,
            "revenue_4q": null,
            "common_shares": 709592,
            "book_valuer_per_share": 21.68,
            "book_valuer_per_share_4q_avg": 21.64,
            "equity": 1538227,
            "current_ratio": 155.19,
            "debt_ratio": 27.99,
            "inventory_turnover_ratio": 2.35,
            "account_receivable_turnover_ratio": null,
            "reinvestment_rate": -227.37,
            "research_to_sale_ratio": null,
            "price_fair": 46.03,
            "eps_avg_yearly": 1.32,
            "eps_latest_yearly": 1.24,
            "eps_growth_yearly": 278.27
        },
        "20052": {
            "year_quarter": 20052,
            "year": 2005,
            "quarter": 2,
            "eps": -0.79,
            "eps_growth_year": -313.51,
            "eps_4q": -2.73,
            "eps_4q_growth_year": -320.67,
            "roe": -3.81,
            "roe_4q": -12.670000000000002,
            "gross_profit": 44698,
            "gross_margin": 10.01,
            "gross_margin_4q_avg": 9.39,
            "net_income": -56079,
            "net_income_4q": null,
            "revenue": 446554,
            "revenue_4q": null,
            "common_shares": 709592,
            "book_valuer_per_share": 19.85,
            "book_valuer_per_share_4q_avg": 21.27,
            "equity": 1408645,
            "current_ratio": 133.39,
            "debt_ratio": 29.68,
            "inventory_turnover_ratio": 2.64,
            "account_receivable_turnover_ratio": null,
            "reinvestment_rate": -252.08,
            "research_to_sale_ratio": null,
            "price_fair": 46.03,
            "eps_avg_yearly": 1.32,
            "eps_latest_yearly": 1.24,
            "eps_growth_yearly": 278.27
        },
        "20053": {
            "year_quarter": 20053,
            "year": 2005,
            "quarter": 3,
            "eps": -2.94,
            "eps_growth_year": -1080,
            "eps_4q": -5.97,
            "eps_4q_growth_year": -547.33,
            "roe": -15.97,
            "roe_4q": -30.040000000000003,
            "gross_profit": 56780,
            "gross_margin": 12.25,
            "gross_margin_4q_avg": 10.11,
            "net_income": -208566,
            "net_income_4q": null,
            "revenue": 463466,
            "revenue_4q": null,
            "common_shares": 709592,
            "book_valuer_per_share": 16.96,
            "book_valuer_per_share_4q_avg": 20.1,
            "equity": 1203226,
            "current_ratio": 96.97,
            "debt_ratio": 41.63,
            "inventory_turnover_ratio": 3.15,
            "account_receivable_turnover_ratio": null,
            "reinvestment_rate": -640.48,
            "research_to_sale_ratio": null,
            "price_fair": 46.03,
            "eps_avg_yearly": 1.32,
            "eps_latest_yearly": 1.24,
            "eps_growth_yearly": 278.27
        },
        "20054": {
            "year_quarter": 20054,
            "year": 2005,
            "quarter": 4,
            "eps": 0.86,
            "eps_growth_year": 177.42,
            "eps_4q": -5.44,
            "eps_4q_growth_year": -531.01,
            "roe": 4.95,
            "roe_4q": -26.54,
            "gross_profit": 67317,
            "gross_margin": 12.63,
            "gross_margin_4q_avg": 10.88,
            "net_income": 60802,
            "net_income_4q": null,
            "revenue": 532909,
            "revenue_4q": null,
            "common_shares": 709592,
            "book_valuer_per_share": 17.67,
            "book_valuer_per_share_4q_avg": 19.04,
            "equity": 1254282,
            "current_ratio": 119.27,
            "debt_ratio": 39.74,
            "inventory_turnover_ratio": 3.93,
            "account_receivable_turnover_ratio": null,
            "reinvestment_rate": null,
            "research_to_sale_ratio": null,
            "price_fair": 46.03,
            "eps_avg_yearly": 1.32,
            "eps_latest_yearly": 1.24,
            "eps_growth_yearly": 278.27
        },
        "20061": {
            "year_quarter": 20061,
            "year": 2006,
            "quarter": 1,
            "eps": 0.51,
            "eps_growth_year": null,
            "eps_4q": -2.36,
            "eps_4q_growth_year": null,
            "roe": 2.84,
            "roe_4q": -11.99,
            "gross_profit": 54490,
            "gross_margin": 11.82,
            "gross_margin_4q_avg": 11.68,
            "net_income": 36180,
            "net_income_4q": null,
            "revenue": 461090,
            "revenue_4q": null,
            "common_shares": 709592,
            "book_valuer_per_share": 18.17,
            "book_valuer_per_share_4q_avg": 18.16,
            "equity": 1289378,
            "current_ratio": 111.4,
            "debt_ratio": 33.3,
            "inventory_turnover_ratio": 4.41,
            "account_receivable_turnover_ratio": null,
            "reinvestment_rate": null,
            "research_to_sale_ratio": null,
            "price_fair": 45.85,
            "eps_avg_yearly": 1.31,
            "eps_latest_yearly": 2.04,
            "eps_growth_yearly": 304.19
        },
        "20062": {
            "year_quarter": 20062,
            "year": 2006,
            "quarter": 2,
            "eps": 0.41,
            "eps_growth_year": null,
            "eps_4q": -1.17,
            "eps_4q_growth_year": null,
            "roe": 2.24,
            "roe_4q": -5.9399999999999995,
            "gross_profit": 52809,
            "gross_margin": 9.46,
            "gross_margin_4q_avg": 11.54,
            "net_income": 28922,
            "net_income_4q": null,
            "revenue": 558248,
            "revenue_4q": null,
            "common_shares": 709592,
            "book_valuer_per_share": 18.19,
            "book_valuer_per_share_4q_avg": 17.75,
            "equity": 1290525,
            "current_ratio": 121.35,
            "debt_ratio": 33.72,
            "inventory_turnover_ratio": 8.23,
            "account_receivable_turnover_ratio": null,
            "reinvestment_rate": null,
            "research_to_sale_ratio": null,
            "price_fair": 47.13,
            "eps_avg_yearly": 1.35,
            "eps_latest_yearly": 1.64,
            "eps_growth_yearly": 261.67
        },
        "20063": {
            "year_quarter": 20063,
            "year": 2006,
            "quarter": 3,
            "eps": 0.78,
            "eps_growth_year": null,
            "eps_4q": 2.54,
            "eps_4q_growth_year": null,
            "roe": 4.22,
            "roe_4q": 14.25,
            "gross_profit": 79537,
            "gross_margin": 11.71,
            "gross_margin_4q_avg": 11.41,
            "net_income": 55678,
            "net_income_4q": null,
            "revenue": 679013,
            "revenue_4q": null,
            "common_shares": 709592,
            "book_valuer_per_share": 18.97,
            "book_valuer_per_share_4q_avg": 18.25,
            "equity": 1346053,
            "current_ratio": 126.65,
            "debt_ratio": 34.26,
            "inventory_turnover_ratio": 11.48,
            "account_receivable_turnover_ratio": null,
            "reinvestment_rate": null,
            "research_to_sale_ratio": null,
            "price_fair": 53.34,
            "eps_avg_yearly": 1.52,
            "eps_latest_yearly": 3.12,
            "eps_growth_yearly": 271.6
        },
        "20064": {
            "year_quarter": 20064,
            "year": 2006,
            "quarter": 4,
            "eps": 0.99,
            "eps_growth_year": 15.12,
            "eps_4q": 2.7,
            "eps_4q_growth_year": null,
            "roe": 5.05,
            "roe_4q": 14.35,
            "gross_profit": 100435,
            "gross_margin": 14.14,
            "gross_margin_4q_avg": 11.78,
            "net_income": 69917,
            "net_income_4q": null,
            "revenue": 710455,
            "revenue_4q": null,
            "common_shares": 709592,
            "book_valuer_per_share": 20.02,
            "book_valuer_per_share_4q_avg": 18.84,
            "equity": 1420710,
            "current_ratio": 145.29,
            "debt_ratio": 34.43,
            "inventory_turnover_ratio": 9.36,
            "account_receivable_turnover_ratio": null,
            "reinvestment_rate": null,
            "research_to_sale_ratio": null,
            "price_fair": 63.56,
            "eps_avg_yearly": 1.82,
            "eps_latest_yearly": 3.96,
            "eps_growth_yearly": 114.37
        },
        "20071": {
            "year_quarter": 20071,
            "year": 2007,
            "quarter": 1,
            "eps": 1.24,
            "eps_growth_year": 143.14,
            "eps_4q": 3.42,
            "eps_4q_growth_year": null,
            "roe": 6,
            "roe_4q": 17.509999999999998,
            "gross_profit": 118742,
            "gross_margin": 17.51,
            "gross_margin_4q_avg": 13.21,
            "net_income": 87799,
            "net_income_4q": null,
            "revenue": 678009,
            "revenue_4q": null,
            "common_shares": 709592,
            "book_valuer_per_share": 21.23,
            "book_valuer_per_share_4q_avg": 19.6,
            "equity": 1506609,
            "current_ratio": 159.7,
            "debt_ratio": 27.78,
            "inventory_turnover_ratio": 9.68,
            "account_receivable_turnover_ratio": null,
            "reinvestment_rate": -2217.42,
            "research_to_sale_ratio": null,
            "price_fair": 73.56,
            "eps_avg_yearly": 2.1,
            "eps_latest_yearly": 4.96,
            "eps_growth_yearly": 113.16
        },
        "20072": {
            "year_quarter": 20072,
            "year": 2007,
            "quarter": 2,
            "eps": 0.14,
            "eps_growth_year": -65.85,
            "eps_4q": 3.1,
            "eps_4q_growth_year": null,
            "roe": 0.69,
            "roe_4q": 15.959999999999997,
            "gross_profit": 78738,
            "gross_margin": 11.52,
            "gross_margin_4q_avg": 13.72,
            "net_income": 10085,
            "net_income_4q": null,
            "revenue": 683615,
            "revenue_4q": null,
            "common_shares": 709592,
            "book_valuer_per_share": 19.84,
            "book_valuer_per_share_4q_avg": 20.02,
            "equity": 1407863,
            "current_ratio": 135.4,
            "debt_ratio": 33.18,
            "inventory_turnover_ratio": 13.48,
            "account_receivable_turnover_ratio": null,
            "reinvestment_rate": -1891.54,
            "research_to_sale_ratio": null,
            "price_fair": 69.07,
            "eps_avg_yearly": 1.97,
            "eps_latest_yearly": 0.56,
            "eps_growth_yearly": 74.16
        },
        "20073": {
            "year_quarter": 20073,
            "year": 2007,
            "quarter": 3,
            "eps": 0.97,
            "eps_growth_year": 24.36,
            "eps_4q": 3.33,
            "eps_4q_growth_year": 30.92,
            "roe": 4.78,
            "roe_4q": 16.52,
            "gross_profit": 99565,
            "gross_margin": 12.62,
            "gross_margin_4q_avg": 13.95,
            "net_income": 68961,
            "net_income_4q": null,
            "revenue": 789222,
            "revenue_4q": null,
            "common_shares": 709592,
            "book_valuer_per_share": 20.82,
            "book_valuer_per_share_4q_avg": 20.48,
            "equity": 1477416,
            "current_ratio": 140.44,
            "debt_ratio": 33.5,
            "inventory_turnover_ratio": 16.13,
            "account_receivable_turnover_ratio": null,
            "reinvestment_rate": -726.09,
            "research_to_sale_ratio": null,
            "price_fair": 77.93,
            "eps_avg_yearly": 2.23,
            "eps_latest_yearly": 3.88,
            "eps_growth_yearly": 217.61
        },
        "20074": {
            "year_quarter": 20074,
            "year": 2007,
            "quarter": 4,
            "eps": 1.43,
            "eps_growth_year": 44.44,
            "eps_4q": 3.78,
            "eps_4q_growth_year": 39.87,
            "roe": 6.66,
            "roe_4q": 18.130000000000003,
            "gross_profit": 61390,
            "gross_margin": 7.99,
            "gross_margin_4q_avg": 12.41,
            "net_income": 101665,
            "net_income_4q": null,
            "revenue": 767987,
            "revenue_4q": null,
            "common_shares": 709592,
            "book_valuer_per_share": 22.22,
            "book_valuer_per_share_4q_avg": 21.03,
            "equity": 1577458,
            "current_ratio": 165.52,
            "debt_ratio": 31.79,
            "inventory_turnover_ratio": 15.34,
            "account_receivable_turnover_ratio": null,
            "reinvestment_rate": -53.43,
            "research_to_sale_ratio": null,
            "price_fair": 90.3,
            "eps_avg_yearly": 2.58,
            "eps_latest_yearly": 5.72,
            "eps_growth_yearly": 208.02
        },
        "20081": {
            "year_quarter": 20081,
            "year": 2008,
            "quarter": 1,
            "eps": 0.77,
            "eps_growth_year": -37.9,
            "eps_4q": 3.3,
            "eps_4q_growth_year": -3.53,
            "roe": 3.42,
            "roe_4q": 15.549999999999999,
            "gross_profit": 76131,
            "gross_margin": 10.53,
            "gross_margin_4q_avg": 10.67,
            "net_income": 54961,
            "net_income_4q": null,
            "revenue": 722761,
            "revenue_4q": null,
            "common_shares": 709592,
            "book_valuer_per_share": 23.03,
            "book_valuer_per_share_4q_avg": 21.48,
            "equity": 1634654,
            "current_ratio": 195.26,
            "debt_ratio": 26.93,
            "inventory_turnover_ratio": 12.41,
            "account_receivable_turnover_ratio": null,
            "reinvestment_rate": -42.8,
            "research_to_sale_ratio": null,
            "price_fair": 95.9,
            "eps_avg_yearly": 2.74,
            "eps_latest_yearly": 3.08,
            "eps_growth_yearly": 199.84
        },
        "20082": {
            "year_quarter": 20082,
            "year": 2008,
            "quarter": 2,
            "eps": 0.73,
            "eps_growth_year": 421.43,
            "eps_4q": 3.91,
            "eps_4q_growth_year": 26.16,
            "roe": 3.25,
            "roe_4q": 18.11,
            "gross_profit": 81240,
            "gross_margin": 12.84,
            "gross_margin_4q_avg": 11,
            "net_income": 51717,
            "net_income_4q": null,
            "revenue": 632706,
            "revenue_4q": null,
            "common_shares": 709592,
            "book_valuer_per_share": 21.86,
            "book_valuer_per_share_4q_avg": 21.98,
            "equity": 1551375,
            "current_ratio": 183.41,
            "debt_ratio": 27.24,
            "inventory_turnover_ratio": 10.85,
            "account_receivable_turnover_ratio": null,
            "reinvestment_rate": -34.43,
            "research_to_sale_ratio": null,
            "price_fair": 100.1,
            "eps_avg_yearly": 2.86,
            "eps_latest_yearly": 2.92,
            "eps_growth_yearly": 188.92
        },
        "20083": {
            "year_quarter": 20083,
            "year": 2008,
            "quarter": 3,
            "eps": 1.13,
            "eps_growth_year": 16.49,
            "eps_4q": 4.07,
            "eps_4q_growth_year": 22.36,
            "roe": 5.03,
            "roe_4q": 18.36,
            "gross_profit": 93477,
            "gross_margin": 14.89,
            "gross_margin_4q_avg": 11.56,
            "net_income": 79941,
            "net_income_4q": null,
            "revenue": 627602,
            "revenue_4q": null,
            "common_shares": 709592,
            "book_valuer_per_share": 22.93,
            "book_valuer_per_share_4q_avg": 22.51,
            "equity": 1627542,
            "current_ratio": 239.5,
            "debt_ratio": 21.8,
            "inventory_turnover_ratio": 9.48,
            "account_receivable_turnover_ratio": null,
            "reinvestment_rate": -26.08,
            "research_to_sale_ratio": null,
            "price_fair": 109.78,
            "eps_avg_yearly": 3.14,
            "eps_latest_yearly": 4.52,
            "eps_growth_yearly": 213.49
        },
        "20084": {
            "year_quarter": 20084,
            "year": 2008,
            "quarter": 4,
            "eps": 0.17,
            "eps_growth_year": -88.11,
            "eps_4q": 2.82,
            "eps_4q_growth_year": -25.44,
            "roe": 0.73,
            "roe_4q": 12.43,
            "gross_profit": 106349,
            "gross_margin": 14.29,
            "gross_margin_4q_avg": 13.14,
            "net_income": 11989,
            "net_income_4q": null,
            "revenue": 744150,
            "revenue_4q": null,
            "common_shares": 709592,
            "book_valuer_per_share": 23.09,
            "book_valuer_per_share_4q_avg": 22.73,
            "equity": 1639145,
            "current_ratio": 211.82,
            "debt_ratio": 26.25,
            "inventory_turnover_ratio": 8.8,
            "account_receivable_turnover_ratio": 1.8,
            "reinvestment_rate": 23.52,
            "research_to_sale_ratio": null,
            "price_fair": 108.15,
            "eps_avg_yearly": 3.09,
            "eps_latest_yearly": 0.68,
            "eps_growth_yearly": 184.06
        },
        "20091": {
            "year_quarter": 20091,
            "year": 2009,
            "quarter": 1,
            "eps": 1.05,
            "eps_growth_year": 36.36,
            "eps_4q": 3.07,
            "eps_4q_growth_year": -6.95,
            "roe": 4.45,
            "roe_4q": 13.46,
            "gross_profit": 113584,
            "gross_margin": 18.31,
            "gross_margin_4q_avg": 15.08,
            "net_income": 74584,
            "net_income_4q": null,
            "revenue": 620441,
            "revenue_4q": null,
            "common_shares": 709592,
            "book_valuer_per_share": 24.15,
            "book_valuer_per_share_4q_avg": 23.01,
            "equity": 1714234,
            "current_ratio": 253.39,
            "debt_ratio": 22.7,
            "inventory_turnover_ratio": 9.16,
            "account_receivable_turnover_ratio": 0.8,
            "reinvestment_rate": 104.41,
            "research_to_sale_ratio": null,
            "price_fair": 111.14,
            "eps_avg_yearly": 3.18,
            "eps_latest_yearly": 4.2,
            "eps_growth_yearly": 329.18
        },
        "20092": {
            "year_quarter": 20092,
            "year": 2009,
            "quarter": 2,
            "eps": 0.7,
            "eps_growth_year": -4.11,
            "eps_4q": 3.04,
            "eps_4q_growth_year": -22.46,
            "roe": 2.93,
            "roe_4q": 13.14,
            "gross_profit": 110936,
            "gross_margin": 18.45,
            "gross_margin_4q_avg": 16.49,
            "net_income": 49912,
            "net_income_4q": null,
            "revenue": 601235,
            "revenue_4q": null,
            "common_shares": 709592,
            "book_valuer_per_share": 23.77,
            "book_valuer_per_share_4q_avg": 23.49,
            "equity": 1687114,
            "current_ratio": 217.43,
            "debt_ratio": 26.78,
            "inventory_turnover_ratio": 8.79,
            "account_receivable_turnover_ratio": 0.88,
            "reinvestment_rate": 87.09,
            "research_to_sale_ratio": null,
            "price_fair": 110.2,
            "eps_avg_yearly": 3.15,
            "eps_latest_yearly": 2.8,
            "eps_growth_yearly": 296.14
        },
        "20093": {
            "year_quarter": 20093,
            "year": 2009,
            "quarter": 3,
            "eps": 0.99,
            "eps_growth_year": -12.39,
            "eps_4q": 2.91,
            "eps_4q_growth_year": -28.55,
            "roe": 4.08,
            "roe_4q": 12.190000000000001,
            "gross_profit": 116288,
            "gross_margin": 19.06,
            "gross_margin_4q_avg": 17.53,
            "net_income": 70314,
            "net_income_4q": null,
            "revenue": 610022,
            "revenue_4q": null,
            "common_shares": 709592,
            "book_valuer_per_share": 24.78,
            "book_valuer_per_share_4q_avg": 23.95,
            "equity": 1758763,
            "current_ratio": 251.26,
            "debt_ratio": 23.71,
            "inventory_turnover_ratio": 7.6,
            "account_receivable_turnover_ratio": 0.96,
            "reinvestment_rate": 61.46,
            "research_to_sale_ratio": null,
            "price_fair": 112.09,
            "eps_avg_yearly": 3.2,
            "eps_latest_yearly": 3.96,
            "eps_growth_yearly": 287.44
        },
        "20094": {
            "year_quarter": 20094,
            "year": 2009,
            "quarter": 4,
            "eps": 0.75,
            "eps_growth_year": 341.18,
            "eps_4q": 3.49,
            "eps_4q_growth_year": 24.05,
            "roe": 2.97,
            "roe_4q": 14.43,
            "gross_profit": 89896,
            "gross_margin": 15.12,
            "gross_margin_4q_avg": 17.74,
            "net_income": 53061,
            "net_income_4q": null,
            "revenue": 594603,
            "revenue_4q": null,
            "common_shares": 709592,
            "book_valuer_per_share": 25.53,
            "book_valuer_per_share_4q_avg": 24.56,
            "equity": 1812321,
            "current_ratio": 230.72,
            "debt_ratio": 25.81,
            "inventory_turnover_ratio": 11.7,
            "account_receivable_turnover_ratio": 1.86,
            "reinvestment_rate": 81.13,
            "research_to_sale_ratio": null,
            "price_fair": 111.65,
            "eps_avg_yearly": 3.19,
            "eps_latest_yearly": 3,
            "eps_growth_yearly": 263.42
        },
        "20101": {
            "year_quarter": 20101,
            "year": 2010,
            "quarter": 1,
            "eps": 0.59,
            "eps_growth_year": -43.81,
            "eps_4q": 3.04,
            "eps_4q_growth_year": -1.16,
            "roe": 2.3,
            "roe_4q": 12.28,
            "gross_profit": 54063,
            "gross_margin": 11.27,
            "gross_margin_4q_avg": 15.98,
            "net_income": 42174,
            "net_income_4q": null,
            "revenue": 479817,
            "revenue_4q": null,
            "common_shares": 709592,
            "book_valuer_per_share": 26.12,
            "book_valuer_per_share_4q_avg": 25.05,
            "equity": 1854017,
            "current_ratio": 235.69,
            "debt_ratio": 25.83,
            "inventory_turnover_ratio": 5.85,
            "account_receivable_turnover_ratio": 0.79,
            "reinvestment_rate": 143.19,
            "research_to_sale_ratio": null,
            "price_fair": 112.35,
            "eps_avg_yearly": 3.21,
            "eps_latest_yearly": 2.36,
            "eps_growth_yearly": 268.26
        },
        "20102": {
            "year_quarter": 20102,
            "year": 2010,
            "quarter": 2,
            "eps": 0.29,
            "eps_growth_year": -58.74,
            "eps_4q": 2.62,
            "eps_4q_growth_year": -13.62,
            "roe": 1.13,
            "roe_4q": 10.48,
            "gross_profit": 43700,
            "gross_margin": 9.47,
            "gross_margin_4q_avg": 13.73,
            "net_income": 20498,
            "net_income_4q": null,
            "revenue": 461642,
            "revenue_4q": null,
            "common_shares": 709592,
            "book_valuer_per_share": 24.91,
            "book_valuer_per_share_4q_avg": 25.34,
            "equity": 1767655,
            "current_ratio": 208.19,
            "debt_ratio": 27.84,
            "inventory_turnover_ratio": 3.97,
            "account_receivable_turnover_ratio": 0.86,
            "reinvestment_rate": 147.58,
            "research_to_sale_ratio": null,
            "price_fair": 111.3,
            "eps_avg_yearly": 3.18,
            "eps_latest_yearly": 1.16,
            "eps_growth_yearly": 260.45
        },
        "20103": {
            "year_quarter": 20103,
            "year": 2010,
            "quarter": 3,
            "eps": 0.34,
            "eps_growth_year": -65.76,
            "eps_4q": 1.97,
            "eps_4q_growth_year": -32.34,
            "roe": 1.35,
            "roe_4q": 7.75,
            "gross_profit": 38445,
            "gross_margin": 8.03,
            "gross_margin_4q_avg": 10.97,
            "net_income": 24054,
            "net_income_4q": null,
            "revenue": 478719,
            "revenue_4q": null,
            "common_shares": 709592,
            "book_valuer_per_share": 25.26,
            "book_valuer_per_share_4q_avg": 25.46,
            "equity": 1792780,
            "current_ratio": 247.36,
            "debt_ratio": 23.28,
            "inventory_turnover_ratio": 4.25,
            "account_receivable_turnover_ratio": 0.95,
            "reinvestment_rate": 153.51,
            "research_to_sale_ratio": null,
            "price_fair": 107.45,
            "eps_avg_yearly": 3.07,
            "eps_latest_yearly": 1.36,
            "eps_growth_yearly": 242.2
        },
        "20104": {
            "year_quarter": 20104,
            "year": 2010,
            "quarter": 4,
            "eps": 0.2,
            "eps_growth_year": -73.77,
            "eps_4q": 1.42,
            "eps_4q_growth_year": -59.38,
            "roe": 0.78,
            "roe_4q": 5.56,
            "gross_profit": 40908,
            "gross_margin": 7.67,
            "gross_margin_4q_avg": 9.11,
            "net_income": 13959,
            "net_income_4q": null,
            "revenue": 533494,
            "revenue_4q": null,
            "common_shares": 709592,
            "book_valuer_per_share": 25.48,
            "book_valuer_per_share_4q_avg": 25.44,
            "equity": 1808524,
            "current_ratio": 244.31,
            "debt_ratio": 23.7,
            "inventory_turnover_ratio": 5.21,
            "account_receivable_turnover_ratio": 0.95,
            "reinvestment_rate": 94.28,
            "research_to_sale_ratio": null,
            "price_fair": 100.54,
            "eps_avg_yearly": 2.87,
            "eps_latest_yearly": 0.8,
            "eps_growth_yearly": 225.17
        },
        "20111": {
            "year_quarter": 20111,
            "year": 2011,
            "quarter": 1,
            "eps": 0.42,
            "eps_growth_year": -28.81,
            "eps_4q": 1.24,
            "eps_4q_growth_year": -59.16,
            "roe": 1.62,
            "roe_4q": 4.880000000000001,
            "gross_profit": 44483,
            "gross_margin": 9,
            "gross_margin_4q_avg": 8.54,
            "net_income": 29493,
            "net_income_4q": null,
            "revenue": 494062,
            "revenue_4q": null,
            "common_shares": 709592,
            "book_valuer_per_share": 25.89,
            "book_valuer_per_share_4q_avg": 25.39,
            "equity": 1837282,
            "current_ratio": 246.08,
            "debt_ratio": 23.58,
            "inventory_turnover_ratio": 4.69,
            "account_receivable_turnover_ratio": 0.84,
            "reinvestment_rate": 179.21,
            "research_to_sale_ratio": null,
            "price_fair": 93.36,
            "eps_avg_yearly": 2.67,
            "eps_latest_yearly": 1.68,
            "eps_growth_yearly": 246.36
        },
        "20112": {
            "year_quarter": 20112,
            "year": 2011,
            "quarter": 2,
            "eps": 0.44,
            "eps_growth_year": 53.41,
            "eps_4q": 1.39,
            "eps_4q_growth_year": -46.82,
            "roe": 1.74,
            "roe_4q": 5.49,
            "gross_profit": 41694,
            "gross_margin": 7.22,
            "gross_margin_4q_avg": 7.98,
            "net_income": 31444,
            "net_income_4q": null,
            "revenue": 577725,
            "revenue_4q": null,
            "common_shares": 709592,
            "book_valuer_per_share": 24.98,
            "book_valuer_per_share_4q_avg": 25.4,
            "equity": 1773308,
            "current_ratio": 223.01,
            "debt_ratio": 26.14,
            "inventory_turnover_ratio": 6.01,
            "account_receivable_turnover_ratio": 0.95,
            "reinvestment_rate": 168.54,
            "research_to_sale_ratio": null,
            "price_fair": 95.99,
            "eps_avg_yearly": 2.74,
            "eps_latest_yearly": 1.76,
            "eps_growth_yearly": 269.73
        },
        "20113": {
            "year_quarter": 20113,
            "year": 2011,
            "quarter": 3,
            "eps": 0.34,
            "eps_growth_year": -0.03,
            "eps_4q": 1.39,
            "eps_4q_growth_year": -29.22,
            "roe": 1.35,
            "roe_4q": 5.49,
            "gross_profit": 39862,
            "gross_margin": 6.7,
            "gross_margin_4q_avg": 7.65,
            "net_income": 24048,
            "net_income_4q": null,
            "revenue": 594934,
            "revenue_4q": null,
            "common_shares": 709592,
            "book_valuer_per_share": 25.3,
            "book_valuer_per_share_4q_avg": 25.41,
            "equity": 1795334,
            "current_ratio": 229.26,
            "debt_ratio": 25.49,
            "inventory_turnover_ratio": 5.57,
            "account_receivable_turnover_ratio": 0.86,
            "reinvestment_rate": 178.1,
            "research_to_sale_ratio": null,
            "price_fair": 90.48,
            "eps_avg_yearly": 2.59,
            "eps_latest_yearly": 1.36,
            "eps_growth_yearly": 115.83
        },
        "20114": {
            "year_quarter": 20114,
            "year": 2011,
            "quarter": 4,
            "eps": 0.27,
            "eps_growth_year": 36.1,
            "eps_4q": 1.47,
            "eps_4q_growth_year": 3.27,
            "roe": 1.05,
            "roe_4q": 5.760000000000001,
            "gross_profit": 40282,
            "gross_margin": 6.78,
            "gross_margin_4q_avg": 7.43,
            "net_income": 18998,
            "net_income_4q": null,
            "revenue": 594539,
            "revenue_4q": null,
            "common_shares": 709592,
            "book_valuer_per_share": 25.56,
            "book_valuer_per_share_4q_avg": 25.43,
            "equity": 1814316,
            "current_ratio": 239.37,
            "debt_ratio": 24.23,
            "inventory_turnover_ratio": 5.07,
            "account_receivable_turnover_ratio": 0.81,
            "reinvestment_rate": 116.94,
            "research_to_sale_ratio": null,
            "price_fair": 80.33,
            "eps_avg_yearly": 2.3,
            "eps_latest_yearly": 1.08,
            "eps_growth_yearly": 98.83
        },
        "20121": {
            "year_quarter": 20121,
            "year": 2012,
            "quarter": 1,
            "eps": 0.38,
            "eps_growth_year": -9.52,
            "eps_4q": 1.44,
            "eps_4q_growth_year": 15.9,
            "roe": 1.5,
            "roe_4q": 5.64,
            "gross_profit": 57344,
            "gross_margin": 9.84,
            "gross_margin_4q_avg": 7.64,
            "net_income": 27505,
            "net_income_4q": null,
            "revenue": 582917,
            "revenue_4q": null,
            "common_shares": 709592,
            "book_valuer_per_share": 25.95,
            "book_valuer_per_share_4q_avg": 25.45,
            "equity": 1842153,
            "current_ratio": 255.5,
            "debt_ratio": 23.13,
            "inventory_turnover_ratio": 6.87,
            "account_receivable_turnover_ratio": 0.78,
            "reinvestment_rate": 121.85,
            "research_to_sale_ratio": null,
            "price_fair": 76.91,
            "eps_avg_yearly": 2.2,
            "eps_latest_yearly": 1.52,
            "eps_growth_yearly": 120.55
        },
        "20122": {
            "year_quarter": 20122,
            "year": 2012,
            "quarter": 2,
            "eps": 0.61,
            "eps_growth_year": 37.27,
            "eps_4q": 1.6,
            "eps_4q_growth_year": 14.92,
            "roe": 2.38,
            "roe_4q": 6.279999999999999,
            "gross_profit": 59862,
            "gross_margin": 8.91,
            "gross_margin_4q_avg": 8.06,
            "net_income": 43164,
            "net_income_4q": null,
            "revenue": 672171,
            "revenue_4q": null,
            "common_shares": 709592,
            "book_valuer_per_share": 25.21,
            "book_valuer_per_share_4q_avg": 25.51,
            "equity": 1788954,
            "current_ratio": 219.13,
            "debt_ratio": 26.92,
            "inventory_turnover_ratio": 7.91,
            "account_receivable_turnover_ratio": 0.86,
            "reinvestment_rate": 121.81,
            "research_to_sale_ratio": null,
            "price_fair": 75.86,
            "eps_avg_yearly": 2.17,
            "eps_latest_yearly": 2.44,
            "eps_growth_yearly": 136.98
        },
        "20123": {
            "year_quarter": 20123,
            "year": 2012,
            "quarter": 3,
            "eps": 0.69,
            "eps_growth_year": 104.9,
            "eps_4q": 1.96,
            "eps_4q_growth_year": 40.42,
            "roe": 2.72,
            "roe_4q": 7.6499999999999995,
            "gross_profit": 57242,
            "gross_margin": 8.27,
            "gross_margin_4q_avg": 8.45,
            "net_income": 49271,
            "net_income_4q": null,
            "revenue": 691844,
            "revenue_4q": null,
            "common_shares": 709592,
            "book_valuer_per_share": 25.9,
            "book_valuer_per_share_4q_avg": 25.66,
            "equity": 1838262,
            "current_ratio": 228.2,
            "debt_ratio": 25.69,
            "inventory_turnover_ratio": 5.98,
            "account_receivable_turnover_ratio": 0.85,
            "reinvestment_rate": 134.08,
            "research_to_sale_ratio": null,
            "price_fair": 72.01,
            "eps_avg_yearly": 2.06,
            "eps_latest_yearly": 2.76,
            "eps_growth_yearly": 126.56
        },
        "20124": {
            "year_quarter": 20124,
            "year": 2012,
            "quarter": 4,
            "eps": 0.54,
            "eps_growth_year": 101.04,
            "eps_4q": 2.23,
            "eps_4q_growth_year": 52.08,
            "roe": 2.06,
            "roe_4q": 8.66,
            "gross_profit": 67511,
            "gross_margin": 9.79,
            "gross_margin_4q_avg": 9.2,
            "net_income": 38191,
            "net_income_4q": null,
            "revenue": 689913,
            "revenue_4q": null,
            "common_shares": 709592,
            "book_valuer_per_share": 26.44,
            "book_valuer_per_share_4q_avg": 25.88,
            "equity": 1876652,
            "current_ratio": 246.24,
            "debt_ratio": 24.32,
            "inventory_turnover_ratio": 5.77,
            "account_receivable_turnover_ratio": 0.8,
            "reinvestment_rate": 127.58,
            "research_to_sale_ratio": null,
            "price_fair": 75.25,
            "eps_avg_yearly": 2.15,
            "eps_latest_yearly": 2.16,
            "eps_growth_yearly": 142.37
        },
        "20131": {
            "year_quarter": 20131,
            "year": 2013,
            "quarter": 1,
            "eps": 0.73,
            "eps_growth_year": 92.11,
            "eps_4q": 2.57,
            "eps_4q_growth_year": 79.04,
            "roe": 2.73,
            "roe_4q": 9.89,
            "gross_profit": 66715,
            "gross_margin": 10.11,
            "gross_margin_4q_avg": 9.27,
            "net_income": 51979,
            "net_income_4q": null,
            "revenue": 660075,
            "revenue_4q": null,
            "common_shares": 709592,
            "book_valuer_per_share": 27.18,
            "book_valuer_per_share_4q_avg": 26.18,
            "equity": 1929082,
            "current_ratio": 263.63,
            "debt_ratio": 23.34,
            "inventory_turnover_ratio": 6.16,
            "account_receivable_turnover_ratio": 0.76,
            "reinvestment_rate": 8.09,
            "research_to_sale_ratio": null,
            "price_fair": 65.73,
            "eps_avg_yearly": 2.07,
            "eps_latest_yearly": 2.92,
            "eps_growth_yearly": 21.75
        },
        "20132": {
            "year_quarter": 20132,
            "year": 2013,
            "quarter": 2,
            "eps": 0.64,
            "eps_growth_year": 5.22,
            "eps_4q": 2.6,
            "eps_4q_growth_year": 62.47,
            "roe": 2.4,
            "roe_4q": 9.91,
            "gross_profit": 72426,
            "gross_margin": 10.39,
            "gross_margin_4q_avg": 9.64,
            "net_income": 45309,
            "net_income_4q": null,
            "revenue": 697163,
            "revenue_4q": null,
            "common_shares": 709592,
            "book_valuer_per_share": 26.02,
            "book_valuer_per_share_4q_avg": 26.39,
            "equity": 1846690,
            "current_ratio": 227.53,
            "debt_ratio": 27.01,
            "inventory_turnover_ratio": 6.67,
            "account_receivable_turnover_ratio": 0.81,
            "reinvestment_rate": 6.05,
            "research_to_sale_ratio": null,
            "price_fair": 71.93,
            "eps_avg_yearly": 2.06,
            "eps_latest_yearly": 2.56,
            "eps_growth_yearly": 27
        },
        "20133": {
            "year_quarter": 20133,
            "year": 2013,
            "quarter": 3,
            "eps": 0.64,
            "eps_growth_year": -7.82,
            "eps_4q": 2.55,
            "eps_4q_growth_year": 30.45,
            "roe": 2.45,
            "roe_4q": 9.64,
            "gross_profit": 67070,
            "gross_margin": 9.23,
            "gross_margin_4q_avg": 9.88,
            "net_income": 45759,
            "net_income_4q": null,
            "revenue": 726967,
            "revenue_4q": null,
            "common_shares": 709592,
            "book_valuer_per_share": 26.66,
            "book_valuer_per_share_4q_avg": 26.58,
            "equity": 1892216,
            "current_ratio": 273.39,
            "debt_ratio": 22.8,
            "inventory_turnover_ratio": 7.87,
            "account_receivable_turnover_ratio": 0.84,
            "reinvestment_rate": 3.87,
            "research_to_sale_ratio": null,
            "price_fair": 52.43,
            "eps_avg_yearly": 1.97,
            "eps_latest_yearly": 2.56,
            "eps_growth_yearly": 16.65
        },
        "20134": {
            "year_quarter": 20134,
            "year": 2013,
            "quarter": 4,
            "eps": 0.21,
            "eps_growth_year": -61.9,
            "eps_4q": 2.22,
            "eps_4q_growth_year": -0.34,
            "roe": 0.77,
            "roe_4q": 8.35,
            "gross_profit": 39072,
            "gross_margin": 5.75,
            "gross_margin_4q_avg": 8.87,
            "net_income": 14551,
            "net_income_4q": null,
            "revenue": 680078,
            "revenue_4q": null,
            "common_shares": 709592,
            "book_valuer_per_share": 26.88,
            "book_valuer_per_share_4q_avg": 26.69,
            "equity": 1907771,
            "current_ratio": 230.31,
            "debt_ratio": 27.8,
            "inventory_turnover_ratio": 4.41,
            "account_receivable_turnover_ratio": 0.8,
            "reinvestment_rate": -142.63,
            "research_to_sale_ratio": null,
            "price_fair": 29.16,
            "eps_avg_yearly": 1.83,
            "eps_latest_yearly": 0.84,
            "eps_growth_yearly": 5.91
        },
        "20141": {
            "year_quarter": 20141,
            "year": 2014,
            "quarter": 1,
            "eps": 0.59,
            "eps_growth_year": -19.18,
            "eps_4q": 2.08,
            "eps_4q_growth_year": -18.98,
            "roe": 2.19,
            "roe_4q": 7.8100000000000005,
            "gross_profit": 44619,
            "gross_margin": 7.16,
            "gross_margin_4q_avg": 8.13,
            "net_income": 42330,
            "net_income_4q": null,
            "revenue": 622737,
            "revenue_4q": null,
            "common_shares": 709592,
            "book_valuer_per_share": 27.48,
            "book_valuer_per_share_4q_avg": 26.76,
            "equity": 1950349,
            "current_ratio": 255.14,
            "debt_ratio": 24.98,
            "inventory_turnover_ratio": 3.31,
            "account_receivable_turnover_ratio": 0.76,
            "reinvestment_rate": -140.08,
            "research_to_sale_ratio": null,
            "price_fair": 64.14,
            "eps_avg_yearly": 1.83,
            "eps_latest_yearly": 2.36,
            "eps_growth_yearly": 56.48
        },
        "20142": {
            "year_quarter": 20142,
            "year": 2014,
            "quarter": 2,
            "eps": 0.36,
            "eps_growth_year": -43.75,
            "eps_4q": 1.81,
            "eps_4q_growth_year": -30.58,
            "roe": 1.38,
            "roe_4q": 6.79,
            "gross_profit": 22258,
            "gross_margin": 3.59,
            "gross_margin_4q_avg": 6.43,
            "net_income": 25610,
            "net_income_4q": null,
            "revenue": 620174,
            "revenue_4q": null,
            "common_shares": 709592,
            "book_valuer_per_share": 24.86,
            "book_valuer_per_share_4q_avg": 26.47,
            "equity": 1764769,
            "current_ratio": 189.78,
            "debt_ratio": 32.36,
            "inventory_turnover_ratio": 3.97,
            "account_receivable_turnover_ratio": 0.78,
            "reinvestment_rate": -141.46,
            "research_to_sale_ratio": null,
            "price_fair": 64.75,
            "eps_avg_yearly": 1.85,
            "eps_latest_yearly": 1.44,
            "eps_growth_yearly": 59.45
        },
        "20143": {
            "year_quarter": 20143,
            "year": 2014,
            "quarter": 3,
            "eps": 0.25,
            "eps_growth_year": -60.94,
            "eps_4q": 1.41,
            "eps_4q_growth_year": -44.88,
            "roe": 0.98,
            "roe_4q": 5.32,
            "gross_profit": 19765,
            "gross_margin": 3.58,
            "gross_margin_4q_avg": 5.02,
            "net_income": 17415,
            "net_income_4q": null,
            "revenue": 551333,
            "revenue_4q": null,
            "common_shares": 709592,
            "book_valuer_per_share": 25.1,
            "book_valuer_per_share_4q_avg": 26.08,
            "equity": 1781345,
            "current_ratio": 254.9,
            "debt_ratio": 23.56,
            "inventory_turnover_ratio": 3.49,
            "account_receivable_turnover_ratio": 0.74,
            "reinvestment_rate": -148.8,
            "research_to_sale_ratio": null,
            "price_fair": 63.96,
            "eps_avg_yearly": 1.83,
            "eps_latest_yearly": 1,
            "eps_growth_yearly": 47.5
        },
        "20144": {
            "year_quarter": 20144,
            "year": 2014,
            "quarter": 4,
            "eps": 0.38,
            "eps_growth_year": 87.74,
            "eps_4q": 1.59,
            "eps_4q_growth_year": -28.51,
            "roe": 1.52,
            "roe_4q": 6.07,
            "gross_profit": 40340,
            "gross_margin": 6.69,
            "gross_margin_4q_avg": 5.26,
            "net_income": 27317,
            "net_income_4q": null,
            "revenue": 603061,
            "revenue_4q": null,
            "common_shares": 709592,
            "book_valuer_per_share": 25.48,
            "book_valuer_per_share_4q_avg": 25.73,
            "equity": 1808670,
            "current_ratio": 277.01,
            "debt_ratio": 22.13,
            "inventory_turnover_ratio": 4.84,
            "account_receivable_turnover_ratio": 0.86,
            "reinvestment_rate": -149.58,
            "research_to_sale_ratio": null,
            "price_fair": 65.54,
            "eps_avg_yearly": 1.87,
            "eps_latest_yearly": 1.52,
            "eps_growth_yearly": 70.79
        },
        "20151": {
            "year_quarter": 20151,
            "year": 2015,
            "quarter": 1,
            "eps": 0.47,
            "eps_growth_year": -20.34,
            "eps_4q": 1.46,
            "eps_4q_growth_year": -29.85,
            "roe": 1.78,
            "roe_4q": 5.659999999999999,
            "gross_profit": 48378,
            "gross_margin": 8.15,
            "gross_margin_4q_avg": 5.5,
            "net_income": 33312,
            "net_income_4q": null,
            "revenue": 593477,
            "revenue_4q": null,
            "common_shares": 709592,
            "book_valuer_per_share": 25.96,
            "book_valuer_per_share_4q_avg": 25.35,
            "equity": 1927704,
            "current_ratio": 270.52,
            "debt_ratio": 23.49,
            "inventory_turnover_ratio": 4.22,
            "account_receivable_turnover_ratio": 0.83,
            "reinvestment_rate": -153.68,
            "research_to_sale_ratio": null,
            "price_fair": 65.98,
            "eps_avg_yearly": 1.89,
            "eps_latest_yearly": 1.88,
            "eps_growth_yearly": 49.21
        },
        "20152": {
            "year_quarter": 20152,
            "year": 2015,
            "quarter": 2,
            "eps": 0.66,
            "eps_growth_year": 83.33,
            "eps_4q": 1.76,
            "eps_4q_growth_year": -2.36,
            "roe": 2.26,
            "roe_4q": 6.540000000000001,
            "gross_profit": 44724,
            "gross_margin": 7.58,
            "gross_margin_4q_avg": 6.5,
            "net_income": 42882,
            "net_income_4q": null,
            "revenue": 590114,
            "revenue_4q": null,
            "common_shares": 709592,
            "book_valuer_per_share": 25.26,
            "book_valuer_per_share_4q_avg": 25.45,
            "equity": 1874341,
            "current_ratio": 216.1,
            "debt_ratio": 27.51,
            "inventory_turnover_ratio": 3.36,
            "account_receivable_turnover_ratio": 0.84,
            "reinvestment_rate": -123.47,
            "research_to_sale_ratio": null,
            "price_fair": 67.9,
            "eps_avg_yearly": 1.94,
            "eps_latest_yearly": 2.64,
            "eps_growth_yearly": 58.13
        },
        "20153": {
            "year_quarter": 20153,
            "year": 2015,
            "quarter": 3,
            "eps": 0.49,
            "eps_growth_year": 96,
            "eps_4q": 2.01,
            "eps_4q_growth_year": 42.65,
            "roe": 2.12,
            "roe_4q": 7.68,
            "gross_profit": 48528,
            "gross_margin": 8.77,
            "gross_margin_4q_avg": 7.8,
            "net_income": 40143,
            "net_income_4q": null,
            "revenue": 553248,
            "revenue_4q": null,
            "common_shares": 709592,
            "book_valuer_per_share": 25.72,
            "book_valuer_per_share_4q_avg": 25.61,
            "equity": 1912441,
            "current_ratio": 284.02,
            "debt_ratio": 20.84,
            "inventory_turnover_ratio": 3.52,
            "account_receivable_turnover_ratio": 0.84,
            "reinvestment_rate": -122.89,
            "research_to_sale_ratio": null,
            "price_fair": 69.21,
            "eps_avg_yearly": 1.98,
            "eps_latest_yearly": 1.96,
            "eps_growth_yearly": 57.37
        },
        "20154": {
            "year_quarter": 20154,
            "year": 2015,
            "quarter": 4,
            "eps": 0.19,
            "eps_growth_year": -50.08,
            "eps_4q": 1.82,
            "eps_4q_growth_year": 14.35,
            "roe": 0.87,
            "roe_4q": 7.03,
            "gross_profit": 41581,
            "gross_margin": 7.32,
            "gross_margin_4q_avg": 7.96,
            "net_income": 16759,
            "net_income_4q": null,
            "revenue": 567987,
            "revenue_4q": null,
            "common_shares": 709592,
            "book_valuer_per_share": 25.92,
            "book_valuer_per_share_4q_avg": 25.72,
            "equity": 1929101,
            "current_ratio": 279.16,
            "debt_ratio": 21.64,
            "inventory_turnover_ratio": 4.28,
            "account_receivable_turnover_ratio": 0.9,
            "reinvestment_rate": -129.32,
            "research_to_sale_ratio": null,
            "price_fair": 68.51,
            "eps_avg_yearly": 1.96,
            "eps_latest_yearly": 0.76,
            "eps_growth_yearly": 47.21
        },
        "20161": {
            "year_quarter": 20161,
            "year": 2016,
            "quarter": 1,
            "eps": 0.56,
            "eps_growth_year": 19.15,
            "eps_4q": 1.91,
            "eps_4q_growth_year": 30.51,
            "roe": 2.14,
            "roe_4q": 7.390000000000001,
            "gross_profit": 44570,
            "gross_margin": 9.72,
            "gross_margin_4q_avg": 8.35,
            "net_income": 41704,
            "net_income_4q": null,
            "revenue": 458700,
            "revenue_4q": null,
            "common_shares": 709592,
            "book_valuer_per_share": 26.48,
            "book_valuer_per_share_4q_avg": 25.85,
            "equity": 1971028,
            "current_ratio": 293.48,
            "debt_ratio": 21.21,
            "inventory_turnover_ratio": 3.1,
            "account_receivable_turnover_ratio": 0.79,
            "reinvestment_rate": -127.62,
            "research_to_sale_ratio": null,
            "price_fair": 70.09,
            "eps_avg_yearly": 2,
            "eps_latest_yearly": 2.24,
            "eps_growth_yearly": 85.71
        },
        "20162": {
            "year_quarter": 20162,
            "year": 2016,
            "quarter": 2,
            "eps": 0.5,
            "eps_growth_year": -24.24,
            "eps_4q": 1.74,
            "eps_4q_growth_year": -1.19,
            "roe": 1.98,
            "roe_4q": 7.11,
            "gross_profit": 61006,
            "gross_margin": 11.07,
            "gross_margin_4q_avg": 9.22,
            "net_income": 38334,
            "net_income_4q": null,
            "revenue": 551123,
            "revenue_4q": null,
            "common_shares": 709592,
            "book_valuer_per_share": 25.48,
            "book_valuer_per_share_4q_avg": 25.9,
            "equity": 1898599,
            "current_ratio": 249.43,
            "debt_ratio": 24.52,
            "inventory_turnover_ratio": 3.36,
            "account_receivable_turnover_ratio": 0.95,
            "reinvestment_rate": -127.31,
            "research_to_sale_ratio": null,
            "price_fair": 69.13,
            "eps_avg_yearly": 1.98,
            "eps_latest_yearly": 2,
            "eps_growth_yearly": 67.9
        },
        "20163": {
            "year_quarter": 20163,
            "year": 2016,
            "quarter": 3,
            "eps": 0.53,
            "eps_growth_year": 8.16,
            "eps_4q": 1.79,
            "eps_4q_growth_year": -10.87,
            "roe": 2.13,
            "roe_4q": 7.12,
            "gross_profit": 52770,
            "gross_margin": 10.89,
            "gross_margin_4q_avg": 9.75,
            "net_income": 40834,
            "net_income_4q": null,
            "revenue": 484420,
            "revenue_4q": null,
            "common_shares": 709592,
            "book_valuer_per_share": 26.02,
            "book_valuer_per_share_4q_avg": 25.98,
            "equity": 1939976,
            "current_ratio": 335.76,
            "debt_ratio": 18.73,
            "inventory_turnover_ratio": 3.32,
            "account_receivable_turnover_ratio": 0.83,
            "reinvestment_rate": -137.55,
            "research_to_sale_ratio": null,
            "price_fair": 67.73,
            "eps_avg_yearly": 1.94,
            "eps_latest_yearly": 2.12,
            "eps_growth_yearly": 66.12
        },
        "20164": {
            "year_quarter": 20164,
            "year": 2016,
            "quarter": 4,
            "eps": 0.35,
            "eps_growth_year": 80.34,
            "eps_4q": 1.94,
            "eps_4q_growth_year": 7.1,
            "roe": 1.38,
            "roe_4q": 7.630000000000001,
            "gross_profit": 49282,
            "gross_margin": 8.87,
            "gross_margin_4q_avg": 10.14,
            "net_income": 27007,
            "net_income_4q": null,
            "revenue": 555885,
            "revenue_4q": null,
            "common_shares": 709592,
            "book_valuer_per_share": 26.37,
            "book_valuer_per_share_4q_avg": 26.09,
            "equity": 1966052,
            "current_ratio": 306.39,
            "debt_ratio": 20.81,
            "inventory_turnover_ratio": 4.33,
            "account_receivable_turnover_ratio": 0.96,
            "reinvestment_rate": -141.25,
            "research_to_sale_ratio": null,
            "price_fair": 66.06,
            "eps_avg_yearly": 1.89,
            "eps_latest_yearly": 1.4,
            "eps_growth_yearly": 63.07
        },
        "20171": {
            "year_quarter": 20171,
            "year": 2017,
            "quarter": 1,
            "eps": 0.54,
            "eps_growth_year": -3.57,
            "eps_4q": 1.92,
            "eps_4q_growth_year": 0.81,
            "roe": 2.05,
            "roe_4q": 7.539999999999999,
            "gross_profit": 49963,
            "gross_margin": 9.8,
            "gross_margin_4q_avg": 10.16,
            "net_income": 40776,
            "net_income_4q": null,
            "revenue": 509833,
            "revenue_4q": null,
            "common_shares": 709592,
            "book_valuer_per_share": 26.93,
            "book_valuer_per_share_4q_avg": 26.2,
            "equity": 2007610,
            "current_ratio": 335.1,
            "debt_ratio": 19.51,
            "inventory_turnover_ratio": 3.97,
            "account_receivable_turnover_ratio": 0.82,
            "reinvestment_rate": -6.01,
            "research_to_sale_ratio": null,
            "price_fair": 64.4,
            "eps_avg_yearly": 1.84,
            "eps_latest_yearly": 2.16,
            "eps_growth_yearly": 67.84
        },
        "20172": {
            "year_quarter": 20172,
            "year": 2017,
            "quarter": 2,
            "eps": 0.32,
            "eps_growth_year": -36,
            "eps_4q": 1.75,
            "eps_4q_growth_year": 0.11,
            "roe": 1.34,
            "roe_4q": 6.8999999999999995,
            "gross_profit": 37516,
            "gross_margin": 7.94,
            "gross_margin_4q_avg": 9.38,
            "net_income": 26108,
            "net_income_4q": null,
            "revenue": 472692,
            "revenue_4q": null,
            "common_shares": 709592,
            "book_valuer_per_share": 25.5,
            "book_valuer_per_share_4q_avg": 26.21,
            "equity": 1900921,
            "current_ratio": 273.95,
            "debt_ratio": 23.11,
            "inventory_turnover_ratio": 4.06,
            "account_receivable_turnover_ratio": 0.76,
            "reinvestment_rate": -4.43,
            "research_to_sale_ratio": null,
            "price_fair": 61.6,
            "eps_avg_yearly": 1.76,
            "eps_latest_yearly": 1.28,
            "eps_growth_yearly": 60.74
        },
        "20173": {
            "year_quarter": 20173,
            "year": 2017,
            "quarter": 3,
            "eps": 0.33,
            "eps_growth_year": -37.74,
            "eps_4q": 1.54,
            "eps_4q_growth_year": -14.14,
            "roe": 1.3,
            "roe_4q": 6.069999999999999,
            "gross_profit": 26659,
            "gross_margin": 6.07,
            "gross_margin_4q_avg": 8.17,
            "net_income": 24935,
            "net_income_4q": null,
            "revenue": 438898,
            "revenue_4q": null,
            "common_shares": 709592,
            "book_valuer_per_share": 25.84,
            "book_valuer_per_share_4q_avg": 26.16,
            "equity": 1926331,
            "current_ratio": 388.81,
            "debt_ratio": 16.94,
            "inventory_turnover_ratio": 4.42,
            "account_receivable_turnover_ratio": 0.78,
            "reinvestment_rate": -4.73,
            "research_to_sale_ratio": null,
            "price_fair": 58.89,
            "eps_avg_yearly": 1.68,
            "eps_latest_yearly": 1.32,
            "eps_growth_yearly": 61.52
        },
        "20174": {
            "year_quarter": 20174,
            "year": 2017,
            "quarter": 4,
            "eps": 0.11,
            "eps_growth_year": -67.22,
            "eps_4q": 1.3,
            "eps_4q_growth_year": -32.93,
            "roe": 0.49,
            "roe_4q": 5.18,
            "gross_profit": 21249,
            "gross_margin": 5.05,
            "gross_margin_4q_avg": 7.22,
            "net_income": 9493,
            "net_income_4q": null,
            "revenue": 421015,
            "revenue_4q": null,
            "common_shares": 709592,
            "book_valuer_per_share": 25.97,
            "book_valuer_per_share_4q_avg": 26.06,
            "equity": 1930072,
            "current_ratio": 360.58,
            "debt_ratio": 18.24,
            "inventory_turnover_ratio": 4.12,
            "account_receivable_turnover_ratio": 0.82,
            "reinvestment_rate": -4.15,
            "research_to_sale_ratio": null,
            "price_fair": 58.01,
            "eps_avg_yearly": 1.66,
            "eps_latest_yearly": 0.44,
            "eps_growth_yearly": 61.65
        },
        "20181": {
            "year_quarter": 20181,
            "year": 2018,
            "quarter": 1,
            "eps": 0.21,
            "eps_growth_year": -61.11,
            "eps_4q": 0.97,
            "eps_4q_growth_year": -49.57,
            "roe": 0.78,
            "roe_4q": 3.91,
            "gross_profit": 17706,
            "gross_margin": 3.99,
            "gross_margin_4q_avg": 5.76,
            "net_income": 15213,
            "net_income_4q": null,
            "revenue": 443472,
            "revenue_4q": null,
            "common_shares": 709592,
            "book_valuer_per_share": 26.19,
            "book_valuer_per_share_4q_avg": 25.88,
            "equity": 1945976,
            "current_ratio": 379.86,
            "debt_ratio": 17.58,
            "inventory_turnover_ratio": 4.18,
            "account_receivable_turnover_ratio": 0.86,
            "reinvestment_rate": -9.31,
            "research_to_sale_ratio": null,
            "price_fair": 54.69,
            "eps_avg_yearly": 1.56,
            "eps_latest_yearly": 0.84,
            "eps_growth_yearly": 39.14
        },
        "20182": {
            "year_quarter": 20182,
            "year": 2018,
            "quarter": 2,
            "eps": 0.17,
            "eps_growth_year": -46.88,
            "eps_4q": 0.82,
            "eps_4q_growth_year": -52.97,
            "roe": 0.76,
            "roe_4q": 3.33,
            "gross_profit": 17211,
            "gross_margin": 3.99,
            "gross_margin_4q_avg": 4.78,
            "net_income": 14450,
            "net_income_4q": null,
            "revenue": 431359,
            "revenue_4q": null,
            "common_shares": 709592,
            "book_valuer_per_share": 25.17,
            "book_valuer_per_share_4q_avg": 25.79,
            "equity": 1868840,
            "current_ratio": 307.04,
            "debt_ratio": 20.98,
            "inventory_turnover_ratio": 4.18,
            "account_receivable_turnover_ratio": 0.87,
            "reinvestment_rate": -12.55,
            "research_to_sale_ratio": null,
            "price_fair": 53.03,
            "eps_avg_yearly": 1.52,
            "eps_latest_yearly": 0.68,
            "eps_growth_yearly": 44.12
        },
        "20183": {
            "year_quarter": 20183,
            "year": 2018,
            "quarter": 3,
            "eps": 0.2,
            "eps_growth_year": -39.39,
            "eps_4q": 0.8,
            "eps_4q_growth_year": -47.65,
            "roe": 0.88,
            "roe_4q": 2.91,
            "gross_profit": 11565,
            "gross_margin": 2.86,
            "gross_margin_4q_avg": 3.97,
            "net_income": 16114,
            "net_income_4q": null,
            "revenue": 404723,
            "revenue_4q": null,
            "common_shares": 603152,
            "book_valuer_per_share": 28.08,
            "book_valuer_per_share_4q_avg": 26.35,
            "equity": 1779101,
            "current_ratio": 255.8,
            "debt_ratio": 24.08,
            "inventory_turnover_ratio": 3.08,
            "account_receivable_turnover_ratio": 0.88,
            "reinvestment_rate": -4.13,
            "research_to_sale_ratio": null,
            "price_fair": 52.59,
            "eps_avg_yearly": 1.5,
            "eps_latest_yearly": 0.8,
            "eps_growth_yearly": 56.17
        },
        "20184": {
            "year_quarter": 20184,
            "year": 2018,
            "quarter": 4,
            "eps": 0.35,
            "eps_growth_year": 208.72,
            "eps_4q": 1.02,
            "eps_4q_growth_year": -21.65,
            "roe": 1.37,
            "roe_4q": 3.79,
            "gross_profit": 26953,
            "gross_margin": 5.61,
            "gross_margin_4q_avg": 4.11,
            "net_income": 24481,
            "net_income_4q": null,
            "revenue": 480079,
            "revenue_4q": null,
            "common_shares": 603152,
            "book_valuer_per_share": 28.41,
            "book_valuer_per_share_4q_avg": 26.96,
            "equity": 1802013,
            "current_ratio": 312.56,
            "debt_ratio": 20.02,
            "inventory_turnover_ratio": 3.31,
            "account_receivable_turnover_ratio": 1,
            "reinvestment_rate": -2.39,
            "research_to_sale_ratio": null,
            "price_fair": 52.33,
            "eps_avg_yearly": 1.5,
            "eps_latest_yearly": 1.4,
            "eps_growth_yearly": 61.92
        },
        "20191": {
            "year_quarter": 20191,
            "year": 2019,
            "quarter": 1,
            "eps": 0.16,
            "eps_growth_year": -23.81,
            "eps_4q": 0.94,
            "eps_4q_growth_year": -2.84,
            "roe": 0.69,
            "roe_4q": 3.7,
            "gross_profit": 20514,
            "gross_margin": 4.77,
            "gross_margin_4q_avg": 4.31,
            "net_income": 12396,
            "net_income_4q": null,
            "revenue": 429812,
            "revenue_4q": null,
            "common_shares": 603152,
            "book_valuer_per_share": 28.6,
            "book_valuer_per_share_4q_avg": 27.57,
            "equity": 1815800,
            "current_ratio": 298.82,
            "debt_ratio": 20.85,
            "inventory_turnover_ratio": 3.14,
            "account_receivable_turnover_ratio": 0.81,
            "reinvestment_rate": 4.3,
            "research_to_sale_ratio": null,
            "price_fair": 49.61,
            "eps_avg_yearly": 1.42,
            "eps_latest_yearly": 0.64,
            "eps_growth_yearly": 42.43
        },
        "20192": {
            "year_quarter": 20192,
            "year": 2019,
            "quarter": 2,
            "eps": 0.5,
            "eps_growth_year": 194.12,
            "eps_4q": 1.23,
            "eps_4q_growth_year": 50.38,
            "roe": 1.89,
            "roe_4q": 4.83,
            "gross_profit": 45024,
            "gross_margin": 8.41,
            "gross_margin_4q_avg": 5.41,
            "net_income": 33951,
            "net_income_4q": null,
            "revenue": 535486,
            "revenue_4q": null,
            "common_shares": 603152,
            "book_valuer_per_share": 27.92,
            "book_valuer_per_share_4q_avg": 28.25,
            "equity": 1770555,
            "current_ratio": 242.13,
            "debt_ratio": 25.05,
            "inventory_turnover_ratio": 3.59,
            "account_receivable_turnover_ratio": 0.91,
            "reinvestment_rate": -20.56,
            "research_to_sale_ratio": null,
            "price_fair": 48.21,
            "eps_avg_yearly": 1.38,
            "eps_latest_yearly": 2,
            "eps_growth_yearly": 85.45
        },
        "20193": {
            "year_quarter": 20193,
            "year": 2019,
            "quarter": 3,
            "eps": 0.54,
            "eps_growth_year": 170,
            "eps_4q": 1.55,
            "eps_4q_growth_year": 93.02,
            "roe": 2.13,
            "roe_4q": 6.079999999999999,
            "gross_profit": 48135,
            "gross_margin": 9.1,
            "gross_margin_4q_avg": 6.97,
            "net_income": 38203,
            "net_income_4q": null,
            "revenue": 529191,
            "revenue_4q": null,
            "common_shares": 603152,
            "book_valuer_per_share": 28.46,
            "book_valuer_per_share_4q_avg": 28.35,
            "equity": 1808487,
            "current_ratio": 271.94,
            "debt_ratio": 22.47,
            "inventory_turnover_ratio": 3.48,
            "account_receivable_turnover_ratio": 0.84,
            "reinvestment_rate": -18.17,
            "research_to_sale_ratio": null,
            "price_fair": 48.65,
            "eps_avg_yearly": 1.39,
            "eps_latest_yearly": 2.16,
            "eps_growth_yearly": 93.89
        },
        "20194": {
            "year_quarter": 20194,
            "year": 2019,
            "quarter": 4,
            "eps": 0.85,
            "eps_growth_year": 143.7,
            "eps_4q": 2.06,
            "eps_4q_growth_year": 101.34,
            "roe": 2.94,
            "roe_4q": 7.65,
            "gross_profit": 74986,
            "gross_margin": 12.25,
            "gross_margin_4q_avg": 8.63,
            "net_income": 54024,
            "net_income_4q": null,
            "revenue": 612260,
            "revenue_4q": null,
            "common_shares": 603152,
            "book_valuer_per_share": 29.34,
            "book_valuer_per_share_4q_avg": 28.58,
            "equity": 1863662,
            "current_ratio": 269.81,
            "debt_ratio": 22.8,
            "inventory_turnover_ratio": 3.9,
            "account_receivable_turnover_ratio": 0.96,
            "reinvestment_rate": -8.39,
            "research_to_sale_ratio": null,
            "price_fair": 54.43,
            "eps_avg_yearly": 1.56,
            "eps_latest_yearly": 3.4,
            "eps_growth_yearly": 123.55
        },
        "20201": {
            "year_quarter": 20201,
            "year": 2020,
            "quarter": 1,
            "eps": 0.97,
            "eps_growth_year": 506.25,
            "eps_4q": 2.86,
            "eps_4q_growth_year": 203.54,
            "roe": 3.41,
            "roe_4q": 10.370000000000001,
            "gross_profit": 93101,
            "gross_margin": 16.34,
            "gross_margin_4q_avg": 11.53,
            "net_income": 64583,
            "net_income_4q": null,
            "revenue": 569907,
            "revenue_4q": null,
            "common_shares": 603152,
            "book_valuer_per_share": 30.26,
            "book_valuer_per_share_4q_avg": 29,
            "equity": 1924995,
            "current_ratio": 273.08,
            "debt_ratio": 23.39,
            "inventory_turnover_ratio": 2.88,
            "account_receivable_turnover_ratio": 0.87,
            "reinvestment_rate": -6.78,
            "research_to_sale_ratio": null,
            "price_fair": 58.01,
            "eps_avg_yearly": 1.66,
            "eps_latest_yearly": 3.88,
            "eps_growth_yearly": 78.39
        },
        "20202": {
            "year_quarter": 20202,
            "year": 2020,
            "quarter": 2,
            "eps": 1.07,
            "eps_growth_year": 114,
            "eps_4q": 3.45,
            "eps_4q_growth_year": 179.16,
            "roe": 3.72,
            "roe_4q": 12.2,
            "gross_profit": 120543,
            "gross_margin": 17.67,
            "gross_margin_4q_avg": 13.84,
            "net_income": 70675,
            "net_income_4q": null,
            "revenue": 682197,
            "revenue_4q": null,
            "common_shares": 603152,
            "book_valuer_per_share": 29.52,
            "book_valuer_per_share_4q_avg": 29.4,
            "equity": 1873515,
            "current_ratio": 222.12,
            "debt_ratio": 28.65,
            "inventory_turnover_ratio": 2.79,
            "account_receivable_turnover_ratio": 0.98,
            "reinvestment_rate": -7.8,
            "research_to_sale_ratio": null,
            "price_fair": 63,
            "eps_avg_yearly": 1.8,
            "eps_latest_yearly": 4.28,
            "eps_growth_yearly": 83.65
        },
        "20203": {
            "year_quarter": 20203,
            "year": 2020,
            "quarter": 3,
            "eps": 1.31,
            "eps_growth_year": 142.59,
            "eps_4q": 4.21,
            "eps_4q_growth_year": 170.77,
            "roe": 4.36,
            "roe_4q": 14.43,
            "gross_profit": 134437,
            "gross_margin": 19.81,
            "gross_margin_4q_avg": 16.52,
            "net_income": 83605,
            "net_income_4q": null,
            "revenue": 678760,
            "revenue_4q": null,
            "common_shares": 603152,
            "book_valuer_per_share": 30.83,
            "book_valuer_per_share_4q_avg": 29.99,
            "equity": 1957274,
            "current_ratio": 261.33,
            "debt_ratio": 24.64,
            "inventory_turnover_ratio": 2.95,
            "account_receivable_turnover_ratio": 0.92,
            "reinvestment_rate": -3.81,
            "research_to_sale_ratio": null,
            "price_fair": 69.83,
            "eps_avg_yearly": 2,
            "eps_latest_yearly": 5.24,
            "eps_growth_yearly": 87.76
        },
        "20204": {
            "year_quarter": 20204,
            "year": 2020,
            "quarter": 4,
            "eps": 1.34,
            "eps_growth_year": 56.81,
            "eps_4q": 4.69,
            "eps_4q_growth_year": 128.04,
            "roe": 4.29,
            "roe_4q": 15.780000000000001,
            "gross_profit": 148671,
            "gross_margin": 19.54,
            "gross_margin_4q_avg": 18.34,
            "net_income": 85826,
            "net_income_4q": null,
            "revenue": 760939,
            "revenue_4q": null,
            "common_shares": 603152,
            "book_valuer_per_share": 32.19,
            "book_valuer_per_share_4q_avg": 30.7,
            "equity": 2044460,
            "current_ratio": 247.06,
            "debt_ratio": 26.61,
            "inventory_turnover_ratio": 3.67,
            "account_receivable_turnover_ratio": 0.97,
            "reinvestment_rate": 0.73,
            "research_to_sale_ratio": null,
            "price_fair": 78.49,
            "eps_avg_yearly": 2.24,
            "eps_latest_yearly": 5.36,
            "eps_growth_yearly": 96.82
        },
        "20211": {
            "year_quarter": 20211,
            "year": 2021,
            "quarter": 1,
            "eps": 1.31,
            "eps_growth_year": 35.05,
            "eps_4q": 5.03,
            "eps_4q_growth_year": 75.81,
            "roe": 3.98,
            "roe_4q": 16.349999999999998,
            "gross_profit": 119252,
            "gross_margin": 19.57,
            "gross_margin_4q_avg": 19.15,
            "net_income": 83090,
            "net_income_4q": null,
            "revenue": 609268,
            "revenue_4q": null,
            "common_shares": 603152,
            "book_valuer_per_share": 33.54,
            "book_valuer_per_share_4q_avg": 31.52,
            "equity": 2129780,
            "current_ratio": 256.95,
            "debt_ratio": 26.2,
            "inventory_turnover_ratio": 2.44,
            "account_receivable_turnover_ratio": 0.8,
            "reinvestment_rate": 1.66,
            "research_to_sale_ratio": null,
            "price_fair": 85.23,
            "eps_avg_yearly": 2.44,
            "eps_latest_yearly": 5.24,
            "eps_growth_yearly": 82.69
        },
        "20212": {
            "year_quarter": 20212,
            "year": 2021,
            "quarter": 2,
            "eps": 1.33,
            "eps_growth_year": 24.3,
            "eps_4q": 5.28,
            "eps_4q_growth_year": 53.32,
            "roe": 4.2,
            "roe_4q": 16.83,
            "gross_profit": 141962,
            "gross_margin": 20.69,
            "gross_margin_4q_avg": 19.9,
            "net_income": 86349,
            "net_income_4q": null,
            "revenue": 686283,
            "revenue_4q": null,
            "common_shares": 603152,
            "book_valuer_per_share": 31.34,
            "book_valuer_per_share_4q_avg": 31.98,
            "equity": 1984148,
            "current_ratio": 208.1,
            "debt_ratio": 31.82,
            "inventory_turnover_ratio": 2.34,
            "account_receivable_turnover_ratio": 0.94,
            "reinvestment_rate": 2.66,
            "research_to_sale_ratio": null,
            "price_fair": 94.06,
            "eps_avg_yearly": 2.69,
            "eps_latest_yearly": 5.32,
            "eps_growth_yearly": 93.26
        },
        "20213": {
            "year_quarter": 20213,
            "year": 2021,
            "quarter": 3,
            "eps": 1.61,
            "eps_growth_year": 22.9,
            "eps_4q": 5.6,
            "eps_4q_growth_year": 33.07,
            "roe": 5.09,
            "roe_4q": 17.56,
            "gross_profit": 145268,
            "gross_margin": 21.37,
            "gross_margin_4q_avg": 20.29,
            "net_income": 103616,
            "net_income_4q": null,
            "revenue": 679739,
            "revenue_4q": null,
            "common_shares": 603152,
            "book_valuer_per_share": 32.96,
            "book_valuer_per_share_4q_avg": 32.51,
            "equity": 2087676,
            "current_ratio": 262.39,
            "debt_ratio": 25.33,
            "inventory_turnover_ratio": 2.3,
            "account_receivable_turnover_ratio": 0.91,
            "reinvestment_rate": 4.95,
            "research_to_sale_ratio": null,
            "price_fair": 105.26,
            "eps_avg_yearly": 3.01,
            "eps_latest_yearly": 6.44,
            "eps_growth_yearly": 97.74
        },
        "20214": {
            "year_quarter": 20214,
            "year": 2021,
            "quarter": 4,
            "eps": 1.31,
            "eps_growth_year": -2.54,
            "eps_4q": 5.56,
            "eps_4q_growth_year": 18.57,
            "roe": 3.92,
            "roe_4q": 17.19,
            "gross_profit": 158400,
            "gross_margin": 19.61,
            "gross_margin_4q_avg": 20.31,
            "net_income": 83566,
            "net_income_4q": null,
            "revenue": 807651,
            "revenue_4q": null,
            "common_shares": 603152,
            "book_valuer_per_share": 34.31,
            "book_valuer_per_share_4q_avg": 33.04,
            "equity": 2172513,
            "current_ratio": 244.97,
            "debt_ratio": 27.76,
            "inventory_turnover_ratio": 2.82,
            "account_receivable_turnover_ratio": 1.01,
            "reinvestment_rate": 6.81,
            "research_to_sale_ratio": null,
            "price_fair": 115.76,
            "eps_avg_yearly": 3.31,
            "eps_latest_yearly": 5.24,
            "eps_growth_yearly": 109.75
        },
        "20221": {
            "year_quarter": 20221,
            "year": 2022,
            "quarter": 1,
            "eps": 1.64,
            "eps_growth_year": 25.19,
            "eps_4q": 5.9,
            "eps_4q_growth_year": 17.22,
            "roe": 5.04,
            "roe_4q": 18.25,
            "gross_profit": 171763,
            "gross_margin": 20.91,
            "gross_margin_4q_avg": 20.65,
            "net_income": 106198,
            "net_income_4q": null,
            "revenue": 821458,
            "revenue_4q": null,
            "common_shares": 603152,
            "book_valuer_per_share": 32.09,
            "book_valuer_per_share_4q_avg": 32.68,
            "equity": 2045704,
            "current_ratio": 193.08,
            "debt_ratio": 35.5,
            "inventory_turnover_ratio": 2.67,
            "account_receivable_turnover_ratio": 0.91,
            "reinvestment_rate": 6.38,
            "research_to_sale_ratio": null,
            "price_fair": 128.28,
            "eps_avg_yearly": 3.67,
            "eps_latest_yearly": 6.56,
            "eps_growth_yearly": 93.32
        },
        "20222": {
            "year_quarter": 20222,
            "year": 2022,
            "quarter": 2,
            "eps": 1.45,
            "eps_growth_year": 9.02,
            "eps_4q": 6.05,
            "eps_4q_growth_year": 14.56,
            "roe": 4.63,
            "roe_4q": 18.68,
            "gross_profit": 146900,
            "gross_margin": 18.58,
            "gross_margin_4q_avg": 20.12,
            "net_income": 95917,
            "net_income_4q": null,
            "revenue": 790516,
            "revenue_4q": null,
            "common_shares": 603152,
            "book_valuer_per_share": 33.36,
            "book_valuer_per_share_4q_avg": 33.18,
            "equity": 2100310,
            "current_ratio": 239.9,
            "debt_ratio": 28.36,
            "inventory_turnover_ratio": 2.6,
            "account_receivable_turnover_ratio": 0.86,
            "reinvestment_rate": 5.41,
            "research_to_sale_ratio": null,
            "price_fair": 139.48,
            "eps_avg_yearly": 3.99,
            "eps_latest_yearly": 5.8,
            "eps_growth_yearly": 95.18
        },
        "20223": {
            "year_quarter": 20223,
            "year": 2022,
            "quarter": 3,
            "eps": 1.63,
            "eps_growth_year": 1.24,
            "eps_4q": 6.07,
            "eps_4q_growth_year": 8.38,
            "roe": 4.96,
            "roe_4q": 18.549999999999997,
            "gross_profit": 147010,
            "gross_margin": 18.09,
            "gross_margin_4q_avg": 19.3,
            "net_income": 106677,
            "net_income_4q": null,
            "revenue": 812579,
            "revenue_4q": null,
            "common_shares": 599752,
            "book_valuer_per_share": 34.96,
            "book_valuer_per_share_4q_avg": 33.68,
            "equity": 2201468,
            "current_ratio": 258.62,
            "debt_ratio": 26.91,
            "inventory_turnover_ratio": 2.95,
            "account_receivable_turnover_ratio": 0.92,
            "reinvestment_rate": 2.84,
            "research_to_sale_ratio": null,
            "price_fair": 151.99,
            "eps_avg_yearly": 4.34,
            "eps_latest_yearly": 6.52,
            "eps_growth_yearly": 93.87
        },
        "20224": {
            "year_quarter": 20224,
            "year": 2022,
            "quarter": 4,
            "eps": 1.22,
            "eps_growth_year": -6.79,
            "eps_4q": 5.97,
            "eps_4q_growth_year": 7.31,
            "roe": 3.55,
            "roe_4q": 18.18,
            "gross_profit": 152945,
            "gross_margin": 16.14,
            "gross_margin_4q_avg": 18.43,
            "net_income": 79571,
            "net_income_4q": null,
            "revenue": 947712,
            "revenue_4q": null,
            "common_shares": 599752,
            "book_valuer_per_share": 36.19,
            "book_valuer_per_share_4q_avg": 34.15,
            "equity": 2282033,
            "current_ratio": 236.09,
            "debt_ratio": 30.01,
            "inventory_turnover_ratio": 3.5,
            "account_receivable_turnover_ratio": 1,
            "reinvestment_rate": 3.37,
            "research_to_sale_ratio": null,
            "price_fair": 159.6,
            "eps_avg_yearly": 4.56,
            "eps_latest_yearly": 4.88,
            "eps_growth_yearly": 68.84
        },
        "20231": {
            "year_quarter": 20231,
            "year": 2023,
            "quarter": 1,
            "eps": 1.71,
            "eps_growth_year": 4.27,
            "eps_4q": 6.03,
            "eps_4q_growth_year": 2.19,
            "roe": 4.76,
            "roe_4q": 17.9,
            "gross_profit": 153107,
            "gross_margin": 17.92,
            "gross_margin_4q_avg": 17.68,
            "net_income": 104872,
            "net_income_4q": null,
            "revenue": 854531,
            "revenue_4q": null,
            "common_shares": 599752,
            "book_valuer_per_share": 33.97,
            "book_valuer_per_share_4q_avg": 34.62,
            "equity": 2124244,
            "current_ratio": 181.66,
            "debt_ratio": 38.87,
            "inventory_turnover_ratio": 2.86,
            "account_receivable_turnover_ratio": 0.83,
            "reinvestment_rate": 3.42,
            "research_to_sale_ratio": null,
            "price_fair": 173.16,
            "eps_avg_yearly": 4.95,
            "eps_latest_yearly": 6.84,
            "eps_growth_yearly": 92.45
        },
        "20232": {
            "year_quarter": 20232,
            "year": 2023,
            "quarter": 2,
            "eps": 1.85,
            "eps_growth_year": 27.59,
            "eps_4q": 6.43,
            "eps_4q_growth_year": 6.2,
            "roe": 5.38,
            "roe_4q": 18.650000000000002,
            "gross_profit": 184555,
            "gross_margin": 18.8,
            "gross_margin_4q_avg": 17.74,
            "net_income": 117282,
            "net_income_4q": null,
            "revenue": 981794,
            "revenue_4q": null,
            "common_shares": 599752,
            "book_valuer_per_share": 35.78,
            "book_valuer_per_share_4q_avg": 35.23,
            "equity": 2237432,
            "current_ratio": 211.6,
            "debt_ratio": 32.55,
            "inventory_turnover_ratio": 3.26,
            "account_receivable_turnover_ratio": 0.9,
            "reinvestment_rate": 5.47,
            "research_to_sale_ratio": null,
            "price_fair": 184.98,
            "eps_avg_yearly": 5.29,
            "eps_latest_yearly": 7.4,
            "eps_growth_yearly": 41.37
        },
        "20233": {
            "year_quarter": 20233,
            "year": 2023,
            "quarter": 3,
            "eps": 2.29,
            "eps_growth_year": 40.49,
            "eps_4q": 7.08,
            "eps_4q_growth_year": 16.81,
            "roe": 6.28,
            "roe_4q": 19.970000000000002,
            "gross_profit": 211140,
            "gross_margin": 21.97,
            "gross_margin_4q_avg": 18.71,
            "net_income": 145667,
            "net_income_4q": null,
            "revenue": 960948,
            "revenue_4q": null,
            "common_shares": 599752,
            "book_valuer_per_share": 38.05,
            "book_valuer_per_share_4q_avg": 36,
            "equity": 2401625,
            "current_ratio": 237.3,
            "debt_ratio": 29.58,
            "inventory_turnover_ratio": 3.09,
            "account_receivable_turnover_ratio": 0.85,
            "reinvestment_rate": 4.63,
            "research_to_sale_ratio": null,
            "price_fair": 200.29,
            "eps_avg_yearly": 5.72,
            "eps_latest_yearly": 9.16,
            "eps_growth_yearly": 45.32
        },
        "20234": {
            "year_quarter": 20234,
            "year": 2023,
            "quarter": 4,
            "eps": 1.95,
            "eps_growth_year": 59.79,
            "eps_4q": 7.81,
            "eps_4q_growth_year": 30.89,
            "roe": 4.91,
            "roe_4q": 21.33,
            "gross_profit": 183905,
            "gross_margin": 17.82,
            "gross_margin_4q_avg": 19.13,
            "net_income": 121053,
            "net_income_4q": null,
            "revenue": 1031953,
            "revenue_4q": null,
            "common_shares": 599752,
            "book_valuer_per_share": 40.03,
            "book_valuer_per_share_4q_avg": 36.96,
            "equity": 2524960,
            "current_ratio": 222.44,
            "debt_ratio": 30.59,
            "inventory_turnover_ratio": 3.41,
            "account_receivable_turnover_ratio": 0.9,
            "reinvestment_rate": 12.28,
            "research_to_sale_ratio": null,
            "price_fair": 209.91,
            "eps_avg_yearly": 6,
            "eps_latest_yearly": 7.8,
            "eps_growth_yearly": 27.25
        }
    },
    "months": {
        "2001-06": {
            "month": "2001-06",
            "price": "17.83",
            "revenue": 132763
        },
        "2001-07": {
            "month": "2001-07",
            "price": "15.18",
            "revenue": 135667
        },
        "2001-08": {
            "month": "2001-08",
            "price": "14.69",
            "revenue": 132499
        },
        "2001-09": {
            "month": "2001-09",
            "price": "14.47",
            "revenue": 125861
        },
        "2001-10": {
            "month": "2001-10",
            "price": "14.73",
            "revenue": 141384
        },
        "2001-11": {
            "month": "2001-11",
            "price": "13.85",
            "revenue": 145514
        },
        "2001-12": {
            "month": "2001-12",
            "price": "15.76",
            "revenue": 139527
        },
        "2002-01": {
            "month": "2002-01",
            "price": "17.80",
            "revenue": 141470
        },
        "2002-02": {
            "month": "2002-02",
            "price": "19.64",
            "revenue": 91416
        },
        "2002-03": {
            "month": "2002-03",
            "price": "18.64",
            "revenue": 155973
        },
        "2002-04": {
            "month": "2002-04",
            "price": "20.45",
            "revenue": 127268
        },
        "2002-05": {
            "month": "2002-05",
            "price": "21.01",
            "revenue": 146396
        },
        "2002-06": {
            "month": "2002-06",
            "price": "20.10",
            "revenue": 146188
        },
        "2002-07": {
            "month": "2002-07",
            "price": "18.99",
            "revenue": 154417
        },
        "2002-08": {
            "month": "2002-08",
            "price": "17.93",
            "revenue": 120238
        },
        "2002-09": {
            "month": "2002-09",
            "price": "16.90",
            "revenue": 107972
        },
        "2002-10": {
            "month": "2002-10",
            "price": "16.13",
            "revenue": 122465
        },
        "2002-11": {
            "month": "2002-11",
            "price": "15.81",
            "revenue": 115309
        },
        "2002-12": {
            "month": "2002-12",
            "price": "16.52",
            "revenue": 106457
        },
        "2003-01": {
            "month": "2003-01",
            "price": "16.13",
            "revenue": 106588
        },
        "2003-02": {
            "month": "2003-02",
            "price": "15.19",
            "revenue": 63878
        },
        "2003-03": {
            "month": "2003-03",
            "price": "15.20",
            "revenue": 106762
        },
        "2003-04": {
            "month": "2003-04",
            "price": "15.15",
            "revenue": 97965
        },
        "2003-05": {
            "month": "2003-05",
            "price": "15.05",
            "revenue": 125953
        },
        "2003-06": {
            "month": "2003-06",
            "price": "15.20",
            "revenue": 132578
        },
        "2003-07": {
            "month": "2003-07",
            "price": "15.07",
            "revenue": 153123
        },
        "2003-08": {
            "month": "2003-08",
            "price": "14.90",
            "revenue": 128633
        },
        "2003-09": {
            "month": "2003-09",
            "price": "13.89",
            "revenue": 131948
        },
        "2003-10": {
            "month": "2003-10",
            "price": "14.26",
            "revenue": 165383
        },
        "2003-11": {
            "month": "2003-11",
            "price": "13.97",
            "revenue": 141611
        },
        "2003-12": {
            "month": "2003-12",
            "price": "14.15",
            "revenue": 160432
        },
        "2004-01": {
            "month": "2004-01",
            "price": "15.65",
            "revenue": 108193
        },
        "2004-02": {
            "month": "2004-02",
            "price": "16.70",
            "revenue": 124858
        },
        "2004-03": {
            "month": "2004-03",
            "price": "15.93",
            "revenue": 169086
        },
        "2004-04": {
            "month": "2004-04",
            "price": "15.49",
            "revenue": 156349
        },
        "2004-05": {
            "month": "2004-05",
            "price": "14.39",
            "revenue": 155881
        },
        "2004-06": {
            "month": "2004-06",
            "price": "14.11",
            "revenue": 170267
        },
        "2004-07": {
            "month": "2004-07",
            "price": "14.37",
            "revenue": 145713
        },
        "2004-08": {
            "month": "2004-08",
            "price": "13.80",
            "revenue": 114680
        },
        "2004-09": {
            "month": "2004-09",
            "price": "14.10",
            "revenue": 122966
        },
        "2004-10": {
            "month": "2004-10",
            "price": "14.19",
            "revenue": 131025
        },
        "2004-11": {
            "month": "2004-11",
            "price": "14.53",
            "revenue": 145717
        },
        "2004-12": {
            "month": "2004-12",
            "price": "14.86",
            "revenue": 138580
        },
        "2005-01": {
            "month": "2005-01",
            "price": "15.42",
            "revenue": 168396
        },
        "2005-02": {
            "month": "2005-02",
            "price": "15.18",
            "revenue": 71565
        },
        "2005-03": {
            "month": "2005-03",
            "price": "15.08",
            "revenue": 165399
        },
        "2005-04": {
            "month": "2005-04",
            "price": "14.66",
            "revenue": 149513
        },
        "2005-05": {
            "month": "2005-05",
            "price": "13.84",
            "revenue": 146876
        },
        "2005-06": {
            "month": "2005-06",
            "price": "14.50",
            "revenue": 150167
        },
        "2005-07": {
            "month": "2005-07",
            "price": "14.01",
            "revenue": 150675
        },
        "2005-08": {
            "month": "2005-08",
            "price": "13.82",
            "revenue": 158884
        },
        "2005-09": {
            "month": "2005-09",
            "price": "13.74",
            "revenue": 153905
        },
        "2005-10": {
            "month": "2005-10",
            "price": "12.34",
            "revenue": 168351
        },
        "2005-11": {
            "month": "2005-11",
            "price": "10.05",
            "revenue": 181487
        },
        "2005-12": {
            "month": "2005-12",
            "price": "11.42",
            "revenue": 183071
        },
        "2006-01": {
            "month": "2006-01",
            "price": "11.96",
            "revenue": 175482
        },
        "2006-02": {
            "month": "2006-02",
            "price": "12.14",
            "revenue": 95550
        },
        "2006-03": {
            "month": "2006-03",
            "price": "11.14",
            "revenue": 190059
        },
        "2006-04": {
            "month": "2006-04",
            "price": "11.14",
            "revenue": 167125
        },
        "2006-05": {
            "month": "2006-05",
            "price": "12.76",
            "revenue": 195361
        },
        "2006-06": {
            "month": "2006-06",
            "price": "13.86",
            "revenue": 195761
        },
        "2006-07": {
            "month": "2006-07",
            "price": "13.92",
            "revenue": 203531
        },
        "2006-08": {
            "month": "2006-08",
            "price": "13.31",
            "revenue": 251299
        },
        "2006-09": {
            "month": "2006-09",
            "price": "13.34",
            "revenue": 224182
        },
        "2006-10": {
            "month": "2006-10",
            "price": "13.71",
            "revenue": 232979
        },
        "2006-11": {
            "month": "2006-11",
            "price": "15.39",
            "revenue": 245241
        },
        "2006-12": {
            "month": "2006-12",
            "price": "17.61",
            "revenue": 232236
        },
        "2007-01": {
            "month": "2007-01",
            "price": "18.23",
            "revenue": 253849
        },
        "2007-02": {
            "month": "2007-02",
            "price": "17.51",
            "revenue": 193204
        },
        "2007-03": {
            "month": "2007-03",
            "price": "17.34",
            "revenue": 230957
        },
        "2007-04": {
            "month": "2007-04",
            "price": "18.72",
            "revenue": 210702
        },
        "2007-05": {
            "month": "2007-05",
            "price": "24.44",
            "revenue": 220111
        },
        "2007-06": {
            "month": "2007-06",
            "price": "24.68",
            "revenue": 252801
        },
        "2007-07": {
            "month": "2007-07",
            "price": "28.70",
            "revenue": 267046
        },
        "2007-08": {
            "month": "2007-08",
            "price": "29.41",
            "revenue": 279062
        },
        "2007-09": {
            "month": "2007-09",
            "price": "23.94",
            "revenue": 244688
        },
        "2007-10": {
            "month": "2007-10",
            "price": "21.68",
            "revenue": 237453
        },
        "2007-11": {
            "month": "2007-11",
            "price": "22.13",
            "revenue": 249214
        },
        "2007-12": {
            "month": "2007-12",
            "price": "22.24",
            "revenue": 282352
        },
        "2008-01": {
            "month": "2008-01",
            "price": "22.86",
            "revenue": 276322
        },
        "2008-02": {
            "month": "2008-02",
            "price": "22.80",
            "revenue": 180509
        },
        "2008-03": {
            "month": "2008-03",
            "price": "23.70",
            "revenue": 268265
        },
        "2008-04": {
            "month": "2008-04",
            "price": "25.22",
            "revenue": 223317
        },
        "2008-05": {
            "month": "2008-05",
            "price": "26.87",
            "revenue": 191872
        },
        "2008-06": {
            "month": "2008-06",
            "price": "24.70",
            "revenue": 218027
        },
        "2008-07": {
            "month": "2008-07",
            "price": "23.43",
            "revenue": 221982
        },
        "2008-08": {
            "month": "2008-08",
            "price": "20.86",
            "revenue": 219880
        },
        "2008-09": {
            "month": "2008-09",
            "price": "17.94",
            "revenue": 186048
        },
        "2008-10": {
            "month": "2008-10",
            "price": "16.56",
            "revenue": 250779
        },
        "2008-11": {
            "month": "2008-11",
            "price": "18.90",
            "revenue": 235676
        },
        "2008-12": {
            "month": "2008-12",
            "price": "18.38",
            "revenue": 257694
        },
        "2009-01": {
            "month": "2009-01",
            "price": "18.36",
            "revenue": 203997
        },
        "2009-02": {
            "month": "2009-02",
            "price": "18.25",
            "revenue": 167769
        },
        "2009-03": {
            "month": "2009-03",
            "price": "18.71",
            "revenue": 247571
        },
        "2009-04": {
            "month": "2009-04",
            "price": "19.82",
            "revenue": 210438
        },
        "2009-05": {
            "month": "2009-05",
            "price": "23.84",
            "revenue": 201532
        },
        "2009-06": {
            "month": "2009-06",
            "price": "24.14",
            "revenue": 188163
        },
        "2009-07": {
            "month": "2009-07",
            "price": "23.49",
            "revenue": 208239
        },
        "2009-08": {
            "month": "2009-08",
            "price": "23.18",
            "revenue": 177715
        },
        "2009-09": {
            "month": "2009-09",
            "price": "25.67",
            "revenue": 222963
        },
        "2009-10": {
            "month": "2009-10",
            "price": "26.02",
            "revenue": 199169
        },
        "2009-11": {
            "month": "2009-11",
            "price": "26.36",
            "revenue": 193571
        },
        "2009-12": {
            "month": "2009-12",
            "price": "26.42",
            "revenue": 200759
        },
        "2010-01": {
            "month": "2010-01",
            "price": "26.95",
            "revenue": 196900
        },
        "2010-02": {
            "month": "2010-02",
            "price": "25.12",
            "revenue": 102804
        },
        "2010-03": {
            "month": "2010-03",
            "price": "25.35",
            "revenue": 179012
        },
        "2010-04": {
            "month": "2010-04",
            "price": "25.96",
            "revenue": 153533
        },
        "2010-05": {
            "month": "2010-05",
            "price": "24.34",
            "revenue": 163523
        },
        "2010-06": {
            "month": "2010-06",
            "price": "24.17",
            "revenue": 143484
        },
        "2010-07": {
            "month": "2010-07",
            "price": "23.46",
            "revenue": 151636
        },
        "2010-08": {
            "month": "2010-08",
            "price": "23.39",
            "revenue": 160116
        },
        "2010-09": {
            "month": "2010-09",
            "price": "23.43",
            "revenue": 166114
        },
        "2010-10": {
            "month": "2010-10",
            "price": "23.45",
            "revenue": 170738
        },
        "2010-11": {
            "month": "2010-11",
            "price": "23.46",
            "revenue": 178563
        },
        "2010-12": {
            "month": "2010-12",
            "price": "24.42",
            "revenue": 184193
        },
        "2011-01": {
            "month": "2011-01",
            "price": "24.61",
            "revenue": 197401
        },
        "2011-02": {
            "month": "2011-02",
            "price": "23.88",
            "revenue": 101346
        },
        "2011-03": {
            "month": "2011-03",
            "price": "24.31",
            "revenue": 195314
        },
        "2011-04": {
            "month": "2011-04",
            "price": "24.87",
            "revenue": 179033
        },
        "2011-05": {
            "month": "2011-05",
            "price": "25.05",
            "revenue": 202876
        },
        "2011-06": {
            "month": "2011-06",
            "price": "25.23",
            "revenue": 195816
        },
        "2011-07": {
            "month": "2011-07",
            "price": "23.85",
            "revenue": 181481
        },
        "2011-08": {
            "month": "2011-08",
            "price": "23.14",
            "revenue": 203696
        },
        "2011-09": {
            "month": "2011-09",
            "price": "22.82",
            "revenue": 209758
        },
        "2011-10": {
            "month": "2011-10",
            "price": "22.26",
            "revenue": 182723
        },
        "2011-11": {
            "month": "2011-11",
            "price": "21.73",
            "revenue": 196445
        },
        "2011-12": {
            "month": "2011-12",
            "price": "20.15",
            "revenue": 215370
        },
        "2012-01": {
            "month": "2012-01",
            "price": "19.83",
            "revenue": 162736
        },
        "2012-02": {
            "month": "2012-02",
            "price": "21.72",
            "revenue": 186482
        },
        "2012-03": {
            "month": "2012-03",
            "price": "21.68",
            "revenue": 233700
        },
        "2012-04": {
            "month": "2012-04",
            "price": "21.36",
            "revenue": 235957
        },
        "2012-05": {
            "month": "2012-05",
            "price": "21.71",
            "revenue": 228448
        },
        "2012-06": {
            "month": "2012-06",
            "price": "21.31",
            "revenue": 207765
        },
        "2012-07": {
            "month": "2012-07",
            "price": "21.26",
            "revenue": 243647
        },
        "2012-08": {
            "month": "2012-08",
            "price": "21.24",
            "revenue": 228757
        },
        "2012-09": {
            "month": "2012-09",
            "price": "21.79",
            "revenue": 219440
        },
        "2012-10": {
            "month": "2012-10",
            "price": "22.35",
            "revenue": 236113
        },
        "2012-11": {
            "month": "2012-11",
            "price": "23.51",
            "revenue": 203259
        },
        "2012-12": {
            "month": "2012-12",
            "price": "26.54",
            "revenue": 250315
        },
        "2013-01": {
            "month": "2013-01",
            "price": "27.62",
            "revenue": 274224
        },
        "2013-02": {
            "month": "2013-02",
            "price": "28.34",
            "revenue": 126917
        },
        "2013-03": {
            "month": "2013-03",
            "price": "28.14",
            "revenue": 260036
        },
        "2013-04": {
            "month": "2013-04",
            "price": "27.84",
            "revenue": 244086
        },
        "2013-05": {
            "month": "2013-05",
            "price": "28.67",
            "revenue": 241010
        },
        "2013-06": {
            "month": "2013-06",
            "price": "29.17",
            "revenue": 213170
        },
        "2013-07": {
            "month": "2013-07",
            "price": "28.59",
            "revenue": 264689
        },
        "2013-08": {
            "month": "2013-08",
            "price": "28.46",
            "revenue": 230165
        },
        "2013-09": {
            "month": "2013-09",
            "price": "28.88",
            "revenue": 233372
        },
        "2013-10": {
            "month": "2013-10",
            "price": "29.04",
            "revenue": 234789
        },
        "2013-11": {
            "month": "2013-11",
            "price": "29.22",
            "revenue": 209180
        },
        "2013-12": {
            "month": "2013-12",
            "price": "29.40",
            "revenue": 237238
        },
        "2014-01": {
            "month": "2014-01",
            "price": "29.27",
            "revenue": 272405
        },
        "2014-02": {
            "month": "2014-02",
            "price": "29.10",
            "revenue": 124379
        },
        "2014-03": {
            "month": "2014-03",
            "price": "28.96",
            "revenue": 227056
        },
        "2014-04": {
            "month": "2014-04",
            "price": "29.04",
            "revenue": 230172
        },
        "2014-05": {
            "month": "2014-05",
            "price": "29.08",
            "revenue": 211367
        },
        "2014-06": {
            "month": "2014-06",
            "price": "29.90",
            "revenue": 179737
        },
        "2014-07": {
            "month": "2014-07",
            "price": "29.67",
            "revenue": 166782
        },
        "2014-08": {
            "month": "2014-08",
            "price": "27.70",
            "revenue": 193585
        },
        "2014-09": {
            "month": "2014-09",
            "price": "27.28",
            "revenue": 192415
        },
        "2014-10": {
            "month": "2014-10",
            "price": "27.18",
            "revenue": 217207
        },
        "2014-11": {
            "month": "2014-11",
            "price": "27.82",
            "revenue": 203399
        },
        "2014-12": {
            "month": "2014-12",
            "price": "27.58",
            "revenue": 183593
        },
        "2015-01": {
            "month": "2015-01",
            "price": "27.79",
            "revenue": 230897
        },
        "2015-02": {
            "month": "2015-02",
            "price": "27.92",
            "revenue": 146295
        },
        "2015-03": {
            "month": "2015-03",
            "price": "27.32",
            "revenue": 217388
        },
        "2015-04": {
            "month": "2015-04",
            "price": "26.84",
            "revenue": 201947
        },
        "2015-05": {
            "month": "2015-05",
            "price": "26.90",
            "revenue": 180078
        },
        "2015-06": {
            "month": "2015-06",
            "price": "26.96",
            "revenue": 209191
        },
        "2015-07": {
            "month": "2015-07",
            "price": "26.21",
            "revenue": 207046
        },
        "2015-08": {
            "month": "2015-08",
            "price": "25.00",
            "revenue": 169172
        },
        "2015-09": {
            "month": "2015-09",
            "price": "25.19",
            "revenue": 178351
        },
        "2015-10": {
            "month": "2015-10",
            "price": "25.82",
            "revenue": 193111
        },
        "2015-11": {
            "month": "2015-11",
            "price": "26.97",
            "revenue": 188368
        },
        "2015-12": {
            "month": "2015-12",
            "price": "25.76",
            "revenue": 187610
        },
        "2016-01": {
            "month": "2016-01",
            "price": "25.56",
            "revenue": 174676
        },
        "2016-02": {
            "month": "2016-02",
            "price": "25.90",
            "revenue": 94356
        },
        "2016-03": {
            "month": "2016-03",
            "price": "27.53",
            "revenue": 190771
        },
        "2016-04": {
            "month": "2016-04",
            "price": "27.56",
            "revenue": 195955
        },
        "2016-05": {
            "month": "2016-05",
            "price": "27.45",
            "revenue": 198299
        },
        "2016-06": {
            "month": "2016-06",
            "price": "27.23",
            "revenue": 157971
        },
        "2016-07": {
            "month": "2016-07",
            "price": "26.42",
            "revenue": 157159
        },
        "2016-08": {
            "month": "2016-08",
            "price": "26.23",
            "revenue": 180996
        },
        "2016-09": {
            "month": "2016-09",
            "price": "26.93",
            "revenue": 147559
        },
        "2016-10": {
            "month": "2016-10",
            "price": "27.14",
            "revenue": 178404
        },
        "2016-11": {
            "month": "2016-11",
            "price": "27.10",
            "revenue": 182380
        },
        "2016-12": {
            "month": "2016-12",
            "price": "27.03",
            "revenue": 196203
        },
        "2017-01": {
            "month": "2017-01",
            "price": "27.12",
            "revenue": 184430
        },
        "2017-02": {
            "month": "2017-02",
            "price": "27.72",
            "revenue": 129112
        },
        "2017-03": {
            "month": "2017-03",
            "price": "27.46",
            "revenue": 197393
        },
        "2017-04": {
            "month": "2017-04",
            "price": "27.52",
            "revenue": 149203
        },
        "2017-05": {
            "month": "2017-05",
            "price": "27.39",
            "revenue": 172970
        },
        "2017-06": {
            "month": "2017-06",
            "price": "27.51",
            "revenue": 151621
        },
        "2017-07": {
            "month": "2017-07",
            "price": "27.19",
            "revenue": 147248
        },
        "2017-08": {
            "month": "2017-08",
            "price": "26.83",
            "revenue": 148065
        },
        "2017-09": {
            "month": "2017-09",
            "price": "26.69",
            "revenue": 144910
        },
        "2017-10": {
            "month": "2017-10",
            "price": "27.17",
            "revenue": 137981
        },
        "2017-11": {
            "month": "2017-11",
            "price": "27.24",
            "revenue": 128081
        },
        "2017-12": {
            "month": "2017-12",
            "price": "27.22",
            "revenue": 156054
        },
        "2018-01": {
            "month": "2018-01",
            "price": "27.76",
            "revenue": 198283
        },
        "2018-02": {
            "month": "2018-02",
            "price": "26.92",
            "revenue": 111494
        },
        "2018-03": {
            "month": "2018-03",
            "price": "27.42",
            "revenue": 134797
        },
        "2018-04": {
            "month": "2018-04",
            "price": "27.59",
            "revenue": 142637
        },
        "2018-05": {
            "month": "2018-05",
            "price": "27.58",
            "revenue": 152604
        },
        "2018-06": {
            "month": "2018-06",
            "price": "27.33",
            "revenue": 137220
        },
        "2018-07": {
            "month": "2018-07",
            "price": "27.13",
            "revenue": 138710
        },
        "2018-08": {
            "month": "2018-08",
            "price": "26.92",
            "revenue": 131323
        },
        "2018-09": {
            "month": "2018-09",
            "price": "27.27",
            "revenue": 136037
        },
        "2018-10": {
            "month": "2018-10",
            "price": "26.96",
            "revenue": 145537
        },
        "2018-11": {
            "month": "2018-11",
            "price": "28.30",
            "revenue": 150352
        },
        "2018-12": {
            "month": "2018-12",
            "price": "28.17",
            "revenue": 185292
        },
        "2019-01": {
            "month": "2019-01",
            "price": "28.32",
            "revenue": 194694
        },
        "2019-02": {
            "month": "2019-02",
            "price": "29.02",
            "revenue": 80566
        },
        "2019-03": {
            "month": "2019-03",
            "price": "29.04",
            "revenue": 155654
        },
        "2019-04": {
            "month": "2019-04",
            "price": "28.54",
            "revenue": 181085
        },
        "2019-05": {
            "month": "2019-05",
            "price": "28.25",
            "revenue": 185255
        },
        "2019-06": {
            "month": "2019-06",
            "price": "28.45",
            "revenue": 170248
        },
        "2019-07": {
            "month": "2019-07",
            "price": "28.46",
            "revenue": 169556
        },
        "2019-08": {
            "month": "2019-08",
            "price": "28.74",
            "revenue": 184763
        },
        "2019-09": {
            "month": "2019-09",
            "price": "29.16",
            "revenue": 176345
        },
        "2019-10": {
            "month": "2019-10",
            "price": "30.20",
            "revenue": 194726
        },
        "2019-11": {
            "month": "2019-11",
            "price": "31.56",
            "revenue": 217197
        },
        "2019-12": {
            "month": "2019-12",
            "price": "32.39",
            "revenue": 201439
        },
        "2020-01": {
            "month": "2020-01",
            "price": "32.63",
            "revenue": 185353
        },
        "2020-02": {
            "month": "2020-02",
            "price": "32.13",
            "revenue": 176644
        },
        "2020-03": {
            "month": "2020-03",
            "price": "30.09",
            "revenue": 209027
        },
        "2020-04": {
            "month": "2020-04",
            "price": "31.02",
            "revenue": 220369
        },
        "2020-05": {
            "month": "2020-05",
            "price": "36.90",
            "revenue": 243471
        },
        "2020-06": {
            "month": "2020-06",
            "price": "38.29",
            "revenue": 219015
        },
        "2020-07": {
            "month": "2020-07",
            "price": "40.28",
            "revenue": 212829
        },
        "2020-08": {
            "month": "2020-08",
            "price": "41.98",
            "revenue": 219319
        },
        "2020-09": {
            "month": "2020-09",
            "price": "44.52",
            "revenue": 247397
        },
        "2020-10": {
            "month": "2020-10",
            "price": "43.63",
            "revenue": 259225
        },
        "2020-11": {
            "month": "2020-11",
            "price": "45.25",
            "revenue": 252908
        },
        "2020-12": {
            "month": "2020-12",
            "price": "45.26",
            "revenue": 249092
        },
        "2021-01": {
            "month": "2021-01",
            "price": "49.89",
            "revenue": 241115
        },
        "2021-02": {
            "month": "2021-02",
            "price": "49.01",
            "revenue": 126486
        },
        "2021-03": {
            "month": "2021-03",
            "price": "50.25",
            "revenue": 241953
        },
        "2021-04": {
            "month": "2021-04",
            "price": "51.20",
            "revenue": 223333
        },
        "2021-05": {
            "month": "2021-05",
            "price": "49.92",
            "revenue": 232614
        },
        "2021-06": {
            "month": "2021-06",
            "price": "50.75",
            "revenue": 230622
        },
        "2021-07": {
            "month": "2021-07",
            "price": "50.46",
            "revenue": 225631
        },
        "2021-08": {
            "month": "2021-08",
            "price": "49.62",
            "revenue": 222175
        },
        "2021-09": {
            "month": "2021-09",
            "price": "50.04",
            "revenue": 232735
        },
        "2021-10": {
            "month": "2021-10",
            "price": "50.28",
            "revenue": 235253
        },
        "2021-11": {
            "month": "2021-11",
            "price": "51.02",
            "revenue": 282428
        },
        "2021-12": {
            "month": "2021-12",
            "price": "52.04",
            "revenue": 290293
        },
        "2022-01": {
            "month": "2022-01",
            "price": "52.64",
            "revenue": 322533
        },
        "2022-02": {
            "month": "2022-02",
            "price": "56.52",
            "revenue": 175618
        },
        "2022-03": {
            "month": "2022-03",
            "price": "57.98",
            "revenue": 323594
        },
        "2022-04": {
            "month": "2022-04",
            "price": "57.11",
            "revenue": 287127
        },
        "2022-05": {
            "month": "2022-05",
            "price": "55.82",
            "revenue": 256650
        },
        "2022-06": {
            "month": "2022-06",
            "price": "56.23",
            "revenue": 247024
        },
        "2022-07": {
            "month": "2022-07",
            "price": "55.68",
            "revenue": 254945
        },
        "2022-08": {
            "month": "2022-08",
            "price": "55.90",
            "revenue": 299086
        },
        "2022-09": {
            "month": "2022-09",
            "price": "55.59",
            "revenue": 259492
        },
        "2022-10": {
            "month": "2022-10",
            "price": "54.26",
            "revenue": 296204
        },
        "2022-11": {
            "month": "2022-11",
            "price": "54.69",
            "revenue": 308312
        },
        "2022-12": {
            "month": "2022-12",
            "price": "55.11",
            "revenue": 343483
        },
        "2023-01": {
            "month": "2023-01",
            "price": "55.52",
            "revenue": 225576
        },
        "2023-02": {
            "month": "2023-02",
            "price": "56.59",
            "revenue": 260490
        },
        "2023-03": {
            "month": "2023-03",
            "price": "57.35",
            "revenue": 368854
        },
        "2023-04": {
            "month": "2023-04",
            "price": "57.23",
            "revenue": 308943
        },
        "2023-05": {
            "month": "2023-05",
            "price": "58.24",
            "revenue": 347305
        },
        "2023-06": {
            "month": "2023-06",
            "price": "61.66",
            "revenue": 326060
        },
        "2023-07": {
            "month": "2023-07",
            "price": "60.89",
            "revenue": 313510
        },
        "2023-08": {
            "month": "2023-08",
            "price": "63.40",
            "revenue": 328420
        },
        "2023-09": {
            "month": "2023-09",
            "price": "62.88",
            "revenue": 320173
        },
        "2023-10": {
            "month": "2023-10",
            "price": "62.32",
            "revenue": 324668
        },
        "2023-11": {
            "month": "2023-11",
            "price": "67.76",
            "revenue": 346953
        },
        "2023-12": {
            "month": "2023-12",
            "price": "75.59",
            "revenue": 361670
        }
    }
}
