{
    "summary": {
        "stock_name": "工信",
        "stock_id": "5521",
        "category": "建材營造",
        "main_business": "道路、橋樑、隧道、碼頭、捷運等土木工程及房屋建築工程營造。<br>地質鑽探工程承攬。<br>前項工程有關材料之買賣及進出口。",
        "website_url": "http://www.kseco.com.tw",
        "ceo": "江啟靖",
        "pe_ratio": 94,
        "report_year_from": 2001,
        "report_year_to": 2023,
        "age": 22,
        "eps_negative_percentage": 26,
        "eps_growth_avg": {
            "last_all": -22.13,
            "last_2y": -85.73,
            "last_4y": -85.73,
            "last_8y": -70.81,
            "last_12y": -36.6,
            "last_16y": -30.52,
            "last_20y": -22.13,
            "at_2006_last_3y": 33.56,
            "at_2007_last_3y": 22.1,
            "at_2008_last_3y": -27.9,
            "at_2009_last_3y": -12.25,
            "at_2010_last_3y": -12.25,
            "at_2011_last_3y": -4.04,
            "at_2012_last_3y": 17.22,
            "at_2013_last_3y": 6.16,
            "at_2014_last_3y": -43.84,
            "at_2015_last_3y": -54.41,
            "at_2016_last_3y": -36.55,
            "at_2017_last_3y": -60.87,
            "at_2018_last_3y": -41.3,
            "at_2019_last_3y": -41.3,
            "at_2020_last_3y": -100,
            "at_2021_last_3y": -96.46,
            "at_2022_last_3y": -85.73,
            "at_2023_last_3y": -85.73,
            "at_2006_last_all": 33.56,
            "at_2007_last_all": 19.5,
            "at_2008_last_all": -0.42,
            "at_2009_last_all": -0.42,
            "at_2010_last_all": 13.93,
            "at_2011_last_all": 10.67,
            "at_2012_last_all": 5.46,
            "at_2013_last_all": 2.21,
            "at_2014_last_all": -7.08,
            "at_2015_last_all": -7.08,
            "at_2016_last_all": -5.04,
            "at_2017_last_all": -12.34,
            "at_2018_last_all": -12.34,
            "at_2019_last_all": -12.34,
            "at_2020_last_all": -12.34,
            "at_2021_last_all": -18.35,
            "at_2022_last_all": -22.13,
            "at_2023_last_all": -22.13
        },
        "latest_eps": 0.1,
        "latest_price": 9.36,
        "latest_roe": 0.95,
        "latest_gross_margin": 9.19,
        "latest_equity": 5318492,
        "latest_revenue": 1356090,
        "latest_gross_profit": 124581,
        "latest_net_income": 90355,
        "latest_debt_ratio": 28.44,
        "latest_current_ratio": 370.63,
        "latest_account_receivable_turnover_ratio": 50.86,
        "latest_inventory_turnover_ratio": 2.95,
        "latest_reinvestment_rate": -17.31,
        "latest_research_to_sale_ratio": null
    },
    "eps_dividends": {
        "1999": {
            "cash": 0,
            "stock": 0.5,
            "eps": 0
        },
        "2000": {
            "cash": 0,
            "stock": 0.5,
            "eps": 0
        },
        "2001": {
            "cash": 0,
            "stock": 0,
            "eps": -2.3
        },
        "2002": {
            "cash": 0,
            "stock": 0,
            "eps": 0.22
        },
        "2003": {
            "cash": 0,
            "stock": 0,
            "eps": 0.24
        },
        "2004": {
            "cash": 0,
            "stock": 0,
            "eps": 3.22
        },
        "2005": {
            "cash": 0,
            "stock": 1.6,
            "eps": 0.81
        },
        "2006": {
            "cash": 0,
            "stock": 0.5,
            "eps": 2.04
        },
        "2007": {
            "cash": 0.2,
            "stock": 2,
            "eps": 1.29
        },
        "2008": {
            "cash": 0.1,
            "stock": 0.7,
            "eps": -0.73
        },
        "2009": {
            "cash": 0,
            "stock": 0,
            "eps": 0.28
        },
        "2010": {
            "cash": 0,
            "stock": 0,
            "eps": 0.66
        },
        "2011": {
            "cash": 0.8,
            "stock": 0,
            "eps": 0.58
        },
        "2012": {
            "cash": 0,
            "stock": 0,
            "eps": 0.37
        },
        "2013": {
            "cash": 0.3,
            "stock": 0,
            "eps": 0.27
        },
        "2014": {
            "cash": 0.25,
            "stock": 0,
            "eps": -0.45
        },
        "2015": {
            "cash": 0,
            "stock": 0,
            "eps": 0.23
        },
        "2016": {
            "cash": 0,
            "stock": 0,
            "eps": 0.27
        },
        "2017": {
            "cash": 0.2,
            "stock": 0,
            "eps": -1.01
        },
        "2018": {
            "cash": 0.6,
            "stock": 0,
            "eps": -0.2
        },
        "2019": {
            "cash": 0,
            "stock": 0,
            "eps": -0.06
        },
        "2020": {
            "cash": 0,
            "stock": 0,
            "eps": 2.26
        },
        "2021": {
            "cash": 0.13,
            "stock": 1,
            "eps": 0.08
        },
        "2022": {
            "cash": 0,
            "stock": 0,
            "eps": 0.02
        },
        "2023": {
            "cash": 0,
            "stock": 0,
            "eps": 0.01
        }
    },
    "dividends": {
        "1999-06-25": {
            "cash": 0,
            "stock": 0.5
        },
        "2000-06-27": {
            "cash": 0,
            "stock": 0.5
        },
        "2005-04-13": {
            "cash": 0,
            "stock": 1.6
        },
        "2006-04-27": {
            "cash": 0,
            "stock": 0.5
        },
        "2007-04-03": {
            "cash": 0.2,
            "stock": 2
        },
        "2008-04-07": {
            "cash": 0.1,
            "stock": 0.7
        },
        "2011-01-01": {
            "cash": 0.5,
            "stock": 0
        },
        "2011-04-28": {
            "cash": 0.3,
            "stock": 0
        },
        "2013-05-10": {
            "cash": 0.3,
            "stock": 0
        },
        "2014-09-01": {
            "cash": 0.25,
            "stock": 0
        },
        "2017-09-01": {
            "cash": 0.2,
            "stock": 0
        },
        "2018-11-15": {
            "cash": 0.6,
            "stock": 0
        },
        "2021-10-08": {
            "cash": 0.13,
            "stock": 1
        }
    },
    "prices": {
        "200101": "2.83",
        "200102": "3.50",
        "200103": "3.36",
        "200104": "3.13",
        "200105": "2.84",
        "200106": "2.78",
        "200107": "2.50",
        "200108": "2.33",
        "200109": "2.10",
        "200110": "2.06",
        "200111": "1.96",
        "200112": "2.04",
        "200201": "1.87",
        "200202": "2.03",
        "200203": "2.42",
        "200204": "3.57",
        "200205": "3.46",
        "200206": "3.30",
        "200207": "3.27",
        "200208": "3.18",
        "200209": "2.67",
        "200210": "2.33",
        "200211": "2.33",
        "200212": "2.66",
        "200301": "3.23",
        "200302": "3.61",
        "200303": "3.26",
        "200304": "3.36",
        "200305": "5.43",
        "200306": "6.87",
        "200307": "6.64",
        "200308": "6.30",
        "200309": "6.15",
        "200310": "6.21",
        "200311": "6.05",
        "200312": "5.87",
        "200401": "6.66",
        "200402": "8.18",
        "200403": "7.89",
        "200404": "9.82",
        "200405": "12.11",
        "200406": "12.26",
        "200407": "14.30",
        "200408": "14.31",
        "200409": "16.61",
        "200410": "15.53",
        "200411": "14.85",
        "200412": "14.88",
        "200501": "16.40",
        "200502": "16.65",
        "200503": "15.96",
        "200504": "14.97",
        "200505": "15.04",
        "200506": "15.42",
        "200507": "13.30",
        "200508": "11.20",
        "200509": "9.65",
        "200510": "8.36",
        "200511": "7.75",
        "200512": "9.56",
        "200601": "10.25",
        "200602": "10.18",
        "200603": "8.95",
        "200604": "9.88",
        "200605": "12.31",
        "200606": "11.04",
        "200607": "10.95",
        "200608": "9.86",
        "200609": "9.60",
        "200610": "15.17",
        "200611": "20.91",
        "200612": "19.95",
        "200701": "16.86",
        "200702": "16.82",
        "200703": "17.53",
        "200704": "19.78",
        "200705": "20.51",
        "200706": "20.97",
        "200707": "27.25",
        "200708": "22.35",
        "200709": "18.81",
        "200710": "18.12",
        "200711": "13.91",
        "200712": "12.47",
        "200801": "14.11",
        "200802": "14.55",
        "200803": "16.24",
        "200804": "18.71",
        "200805": "17.10",
        "200806": "13.79",
        "200807": "11.36",
        "200808": "9.82",
        "200809": "8.28",
        "200810": "7.62",
        "200811": "8.06",
        "200812": "8.73",
        "200901": "8.30",
        "200902": "7.83",
        "200903": "7.78",
        "200904": "9.35",
        "200905": "10.46",
        "200906": "12.56",
        "200907": "12.38",
        "200908": "10.46",
        "200909": "10.66",
        "200910": "11.81",
        "200911": "11.44",
        "200912": "11.08",
        "201001": "12.28",
        "201002": "11.49",
        "201003": "12.38",
        "201004": "13.50",
        "201005": "11.58",
        "201006": "11.53",
        "201007": "11.68",
        "201008": "12.05",
        "201009": "11.50",
        "201010": "11.33",
        "201011": "10.76",
        "201012": "12.20",
        "201101": "12.87",
        "201102": "12.40",
        "201103": "10.99",
        "201104": "11.71",
        "201105": "11.42",
        "201106": "10.93",
        "201107": "10.81",
        "201108": "9.64",
        "201109": "9.02",
        "201110": "9.27",
        "201111": "8.94",
        "201112": "7.92",
        "201201": "7.42",
        "201202": "8.42",
        "201203": "8.38",
        "201204": "7.75",
        "201205": "7.79",
        "201206": "7.69",
        "201207": "7.91",
        "201208": "7.68",
        "201209": "9.01",
        "201210": "9.07",
        "201211": "8.65",
        "201212": "9.46",
        "201301": "10.54",
        "201302": "11.23",
        "201303": "12.03",
        "201304": "12.26",
        "201305": "13.04",
        "201306": "14.39",
        "201307": "14.02",
        "201308": "13.72",
        "201309": "13.60",
        "201310": "14.31",
        "201311": "14.12",
        "201312": "14.65",
        "201401": "14.21",
        "201402": "13.82",
        "201403": "12.99",
        "201404": "13.65",
        "201405": "13.84",
        "201406": "13.32",
        "201407": "13.20",
        "201408": "13.01",
        "201409": "13.17",
        "201410": "12.70",
        "201411": "11.99",
        "201412": "12.16",
        "201501": "12.33",
        "201502": "12.04",
        "201503": "12.01",
        "201504": "11.67",
        "201505": "11.15",
        "201506": "10.80",
        "201507": "10.69",
        "201508": "10.04",
        "201509": "10.28",
        "201510": "11.27",
        "201511": "11.41",
        "201512": "10.96",
        "201601": "10.79",
        "201602": "11.31",
        "201603": "11.85",
        "201604": "11.93",
        "201605": "10.61",
        "201606": "10.26",
        "201607": "10.03",
        "201608": "10.08",
        "201609": "10.14",
        "201610": "10.01",
        "201611": "9.92",
        "201612": "9.86",
        "201701": "9.95",
        "201702": "11.58",
        "201703": "12.77",
        "201704": "13.22",
        "201705": "12.03",
        "201706": "11.85",
        "201707": "11.37",
        "201708": "10.63",
        "201709": "11.40",
        "201710": "11.98",
        "201711": "11.83",
        "201712": "14.02",
        "201801": "16.48",
        "201802": "17.04",
        "201803": "15.88",
        "201804": "14.92",
        "201805": "12.00",
        "201806": "10.70",
        "201807": "9.15",
        "201808": "9.74",
        "201809": "9.28",
        "201810": "7.59",
        "201811": "8.16",
        "201812": "8.38",
        "201901": "8.24",
        "201902": "8.15",
        "201903": "7.94",
        "201904": "7.53",
        "201905": "7.26",
        "201906": "7.25",
        "201907": "7.24",
        "201908": "7.02",
        "201909": "7.15",
        "201910": "7.82",
        "201911": "7.90",
        "201912": "9.37",
        "202001": "9.35",
        "202002": "8.33",
        "202003": "7.00",
        "202004": "8.21",
        "202005": "8.57",
        "202006": "9.09",
        "202007": "9.97",
        "202008": "10.55",
        "202009": "11.25",
        "202010": "11.96",
        "202011": "11.96",
        "202012": "10.62",
        "202101": "9.72",
        "202102": "9.77",
        "202103": "10.61",
        "202104": "11.13",
        "202105": "9.97",
        "202106": "9.85",
        "202107": "9.89",
        "202108": "9.85",
        "202109": "8.96",
        "202110": "8.46",
        "202111": "8.66",
        "202112": "8.44",
        "202201": "8.41",
        "202202": "8.35",
        "202203": "8.23",
        "202204": "8.15",
        "202205": "7.43",
        "202206": "7.29",
        "202207": "6.91",
        "202208": "6.99",
        "202209": "6.89",
        "202210": "6.51",
        "202211": "6.46",
        "202212": "6.72",
        "202301": "6.69",
        "202302": "6.84",
        "202303": "7.11",
        "202304": "7.86",
        "202305": "7.69",
        "202306": "7.64",
        "202307": "7.42",
        "202308": "7.36",
        "202309": "7.67",
        "202310": "8.40"
    },
    "quarters": {
        "20011": {
            "year_quarter": 20011,
            "year": 2001,
            "quarter": 1,
            "eps": 0.16,
            "eps_growth_year": null,
            "eps_4q": -0.76,
            "eps_4q_growth_year": -199.33,
            "roe": 1.3,
            "roe_4q": 1.3,
            "gross_profit": 46989,
            "gross_margin": 2.79,
            "gross_margin_4q_avg": 2.79,
            "net_income": 25811,
            "net_income_4q": null,
            "revenue": 1681426,
            "revenue_4q": null,
            "common_shares": 1620675,
            "book_valuer_per_share": 12.34,
            "book_valuer_per_share_4q_avg": 12.34,
            "equity": 1999360,
            "current_ratio": 131.52,
            "debt_ratio": 63.54,
            "inventory_turnover_ratio": 4.14,
            "account_receivable_turnover_ratio": null,
            "reinvestment_rate": null,
            "research_to_sale_ratio": null,
            "price_fair": 0,
            "eps_avg_yearly": 0,
            "eps_latest_yearly": 0,
            "eps_growth_yearly": 0
        },
        "20012": {
            "year_quarter": 20012,
            "year": 2001,
            "quarter": 2,
            "eps": -0.05,
            "eps_growth_year": -122.73,
            "eps_4q": -1.03,
            "eps_4q_growth_year": -308.95,
            "roe": -0.39,
            "roe_4q": 0.91,
            "gross_profit": 15895,
            "gross_margin": 1.19,
            "gross_margin_4q_avg": 1.99,
            "net_income": -7813,
            "net_income_4q": null,
            "revenue": 1333202,
            "revenue_4q": null,
            "common_shares": 1620675,
            "book_valuer_per_share": 12.29,
            "book_valuer_per_share_4q_avg": 12.32,
            "equity": 1991547,
            "current_ratio": 138.32,
            "debt_ratio": 59.02,
            "inventory_turnover_ratio": 3.36,
            "account_receivable_turnover_ratio": null,
            "reinvestment_rate": null,
            "research_to_sale_ratio": null,
            "price_fair": 0,
            "eps_avg_yearly": 0,
            "eps_latest_yearly": 0,
            "eps_growth_yearly": 0
        },
        "20013": {
            "year_quarter": 20013,
            "year": 2001,
            "quarter": 3,
            "eps": -0.07,
            "eps_growth_year": null,
            "eps_4q": -0.08,
            "eps_4q_growth_year": null,
            "roe": -0.53,
            "roe_4q": 0.38,
            "gross_profit": 18703,
            "gross_margin": 1.26,
            "gross_margin_4q_avg": 1.75,
            "net_income": -10618,
            "net_income_4q": null,
            "revenue": 1480048,
            "revenue_4q": null,
            "common_shares": 1620675,
            "book_valuer_per_share": 12.22,
            "book_valuer_per_share_4q_avg": 12.28,
            "equity": 1980929,
            "current_ratio": 135.37,
            "debt_ratio": 61.79,
            "inventory_turnover_ratio": 2.74,
            "account_receivable_turnover_ratio": null,
            "reinvestment_rate": null,
            "research_to_sale_ratio": null,
            "price_fair": 0,
            "eps_avg_yearly": 0,
            "eps_latest_yearly": 0,
            "eps_growth_yearly": 0
        },
        "20014": {
            "year_quarter": 20014,
            "year": 2001,
            "quarter": 4,
            "eps": -2.34,
            "eps_growth_year": null,
            "eps_4q": -2.29,
            "eps_4q_growth_year": null,
            "roe": -21.17,
            "roe_4q": -20.790000000000003,
            "gross_profit": -348329,
            "gross_margin": -19.17,
            "gross_margin_4q_avg": -3.48,
            "net_income": -379247,
            "net_income_4q": null,
            "revenue": 1817068,
            "revenue_4q": null,
            "common_shares": 1620675,
            "book_valuer_per_share": 9.88,
            "book_valuer_per_share_4q_avg": 11.68,
            "equity": 1601682,
            "current_ratio": 121.4,
            "debt_ratio": 69.4,
            "inventory_turnover_ratio": 4.98,
            "account_receivable_turnover_ratio": null,
            "reinvestment_rate": null,
            "research_to_sale_ratio": null,
            "price_fair": 0,
            "eps_avg_yearly": 0,
            "eps_latest_yearly": 0,
            "eps_growth_yearly": 0
        },
        "20021": {
            "year_quarter": 20021,
            "year": 2002,
            "quarter": 1,
            "eps": 0.06,
            "eps_growth_year": -62.5,
            "eps_4q": -2.3,
            "eps_4q_growth_year": null,
            "roe": 0.63,
            "roe_4q": -21.460000000000004,
            "gross_profit": 30811,
            "gross_margin": 2.74,
            "gross_margin_4q_avg": -3.5,
            "net_income": 10123,
            "net_income_4q": null,
            "revenue": 1126428,
            "revenue_4q": null,
            "common_shares": 1620675,
            "book_valuer_per_share": 9.95,
            "book_valuer_per_share_4q_avg": 11.09,
            "equity": 1611806,
            "current_ratio": 123.92,
            "debt_ratio": 66.99,
            "inventory_turnover_ratio": 3.5,
            "account_receivable_turnover_ratio": null,
            "reinvestment_rate": null,
            "research_to_sale_ratio": null,
            "price_fair": 0,
            "eps_avg_yearly": 0,
            "eps_latest_yearly": 0,
            "eps_growth_yearly": 0
        },
        "20022": {
            "year_quarter": 20022,
            "year": 2002,
            "quarter": 2,
            "eps": 0.03,
            "eps_growth_year": null,
            "eps_4q": -2.64,
            "eps_4q_growth_year": null,
            "roe": 0.26,
            "roe_4q": -20.810000000000002,
            "gross_profit": 23951,
            "gross_margin": 1.57,
            "gross_margin_4q_avg": -3.4,
            "net_income": 4267,
            "net_income_4q": null,
            "revenue": 1527094,
            "revenue_4q": null,
            "common_shares": 1620675,
            "book_valuer_per_share": 9.97,
            "book_valuer_per_share_4q_avg": 10.51,
            "equity": 1616072,
            "current_ratio": 125.52,
            "debt_ratio": 66.44,
            "inventory_turnover_ratio": 4.23,
            "account_receivable_turnover_ratio": null,
            "reinvestment_rate": null,
            "research_to_sale_ratio": null,
            "price_fair": 0.36,
            "eps_avg_yearly": 0.12,
            "eps_latest_yearly": 0.12,
            "eps_growth_yearly": -200
        },
        "20023": {
            "year_quarter": 20023,
            "year": 2002,
            "quarter": 3,
            "eps": 0.07,
            "eps_growth_year": null,
            "eps_4q": -2.28,
            "eps_4q_growth_year": null,
            "roe": 0.67,
            "roe_4q": -19.610000000000003,
            "gross_profit": 52543,
            "gross_margin": 4.93,
            "gross_margin_4q_avg": -2.48,
            "net_income": 10872,
            "net_income_4q": null,
            "revenue": 1064966,
            "revenue_4q": null,
            "common_shares": 1620675,
            "book_valuer_per_share": 10.04,
            "book_valuer_per_share_4q_avg": 9.96,
            "equity": 1626943,
            "current_ratio": 126.44,
            "debt_ratio": 65.29,
            "inventory_turnover_ratio": 3.02,
            "account_receivable_turnover_ratio": null,
            "reinvestment_rate": null,
            "research_to_sale_ratio": null,
            "price_fair": 7,
            "eps_avg_yearly": 0.2,
            "eps_latest_yearly": 0.28,
            "eps_growth_yearly": 166.67
        },
        "20024": {
            "year_quarter": 20024,
            "year": 2002,
            "quarter": 4,
            "eps": 0.06,
            "eps_growth_year": null,
            "eps_4q": 0.23,
            "eps_4q_growth_year": null,
            "roe": 0.55,
            "roe_4q": 2.1100000000000003,
            "gross_profit": 28517,
            "gross_margin": 2.31,
            "gross_margin_4q_avg": 2.89,
            "net_income": 8980,
            "net_income_4q": null,
            "revenue": 1233400,
            "revenue_4q": null,
            "common_shares": 1620675,
            "book_valuer_per_share": 10.09,
            "book_valuer_per_share_4q_avg": 10.01,
            "equity": 1635924,
            "current_ratio": 129.15,
            "debt_ratio": 64.55,
            "inventory_turnover_ratio": 3.59,
            "account_receivable_turnover_ratio": null,
            "reinvestment_rate": null,
            "research_to_sale_ratio": null,
            "price_fair": 7.47,
            "eps_avg_yearly": 0.21,
            "eps_latest_yearly": 0.24,
            "eps_growth_yearly": 92.06
        },
        "20031": {
            "year_quarter": 20031,
            "year": 2003,
            "quarter": 1,
            "eps": 0.03,
            "eps_growth_year": -50,
            "eps_4q": 0.18,
            "eps_4q_growth_year": null,
            "roe": 0.3,
            "roe_4q": 1.78,
            "gross_profit": 39633,
            "gross_margin": 5.53,
            "gross_margin_4q_avg": 3.59,
            "net_income": 4985,
            "net_income_4q": null,
            "revenue": 716772,
            "revenue_4q": null,
            "common_shares": 1620675,
            "book_valuer_per_share": 10.12,
            "book_valuer_per_share_4q_avg": 10.06,
            "equity": 1640908,
            "current_ratio": 118.2,
            "debt_ratio": 74.87,
            "inventory_turnover_ratio": 0.45,
            "account_receivable_turnover_ratio": null,
            "reinvestment_rate": null,
            "research_to_sale_ratio": null,
            "price_fair": 5.52,
            "eps_avg_yearly": 0.19,
            "eps_latest_yearly": 0.12,
            "eps_growth_yearly": 19.05
        },
        "20032": {
            "year_quarter": 20032,
            "year": 2003,
            "quarter": 2,
            "eps": 0.07,
            "eps_growth_year": 133.33,
            "eps_4q": 0.23,
            "eps_4q_growth_year": null,
            "roe": 0.64,
            "roe_4q": 2.16,
            "gross_profit": 38722,
            "gross_margin": 7.97,
            "gross_margin_4q_avg": 5.19,
            "net_income": 10584,
            "net_income_4q": null,
            "revenue": 485664,
            "revenue_4q": null,
            "common_shares": 1620675,
            "book_valuer_per_share": 10.19,
            "book_valuer_per_share_4q_avg": 10.11,
            "equity": 1651493,
            "current_ratio": 134.02,
            "debt_ratio": 63.94,
            "inventory_turnover_ratio": 0.28,
            "account_receivable_turnover_ratio": null,
            "reinvestment_rate": null,
            "research_to_sale_ratio": null,
            "price_fair": 7.28,
            "eps_avg_yearly": 0.21,
            "eps_latest_yearly": 0.28,
            "eps_growth_yearly": 121.9
        },
        "20033": {
            "year_quarter": 20033,
            "year": 2003,
            "quarter": 3,
            "eps": 0.04,
            "eps_growth_year": -42.86,
            "eps_4q": 0.18,
            "eps_4q_growth_year": null,
            "roe": 0.42,
            "roe_4q": 1.9100000000000001,
            "gross_profit": 2752,
            "gross_margin": 0.32,
            "gross_margin_4q_avg": 4.03,
            "net_income": 7008,
            "net_income_4q": null,
            "revenue": 857140,
            "revenue_4q": null,
            "common_shares": 1620675,
            "book_valuer_per_share": 10.23,
            "book_valuer_per_share_4q_avg": 10.16,
            "equity": 1658500,
            "current_ratio": 136,
            "debt_ratio": 62.92,
            "inventory_turnover_ratio": 1.65,
            "account_receivable_turnover_ratio": null,
            "reinvestment_rate": null,
            "research_to_sale_ratio": null,
            "price_fair": 7,
            "eps_avg_yearly": 0.2,
            "eps_latest_yearly": 0.16,
            "eps_growth_yearly": 73.02
        },
        "20034": {
            "year_quarter": 20034,
            "year": 2003,
            "quarter": 4,
            "eps": 0.1,
            "eps_growth_year": 66.67,
            "eps_4q": 0.24,
            "eps_4q_growth_year": 4.09,
            "roe": 0.98,
            "roe_4q": 2.34,
            "gross_profit": 81953,
            "gross_margin": 9.85,
            "gross_margin_4q_avg": 5.92,
            "net_income": 16344,
            "net_income_4q": null,
            "revenue": 831697,
            "revenue_4q": null,
            "common_shares": 1620675,
            "book_valuer_per_share": 10.33,
            "book_valuer_per_share_4q_avg": 10.22,
            "equity": 1674845,
            "current_ratio": 126.64,
            "debt_ratio": 68.25,
            "inventory_turnover_ratio": 1.54,
            "account_receivable_turnover_ratio": null,
            "reinvestment_rate": null,
            "research_to_sale_ratio": null,
            "price_fair": 8,
            "eps_avg_yearly": 0.23,
            "eps_latest_yearly": 0.4,
            "eps_growth_yearly": 148.3
        },
        "20041": {
            "year_quarter": 20041,
            "year": 2004,
            "quarter": 1,
            "eps": 1.19,
            "eps_growth_year": 3866.67,
            "eps_4q": 1.4,
            "eps_4q_growth_year": 699.06,
            "roe": 10.9,
            "roe_4q": 12.940000000000001,
            "gross_profit": 207096,
            "gross_margin": 23.57,
            "gross_margin_4q_avg": 10.43,
            "net_income": 192722,
            "net_income_4q": null,
            "revenue": 878523,
            "revenue_4q": null,
            "common_shares": 1620675,
            "book_valuer_per_share": 11.48,
            "book_valuer_per_share_4q_avg": 10.56,
            "equity": 1860984,
            "current_ratio": 129.93,
            "debt_ratio": 64.49,
            "inventory_turnover_ratio": 1.46,
            "account_receivable_turnover_ratio": null,
            "reinvestment_rate": null,
            "research_to_sale_ratio": null,
            "price_fair": 27.83,
            "eps_avg_yearly": 0.8,
            "eps_latest_yearly": 4.76,
            "eps_growth_yearly": 674.76
        },
        "20042": {
            "year_quarter": 20042,
            "year": 2004,
            "quarter": 2,
            "eps": 1.64,
            "eps_growth_year": 2242.86,
            "eps_4q": 2.99,
            "eps_4q_growth_year": 1174.91,
            "roe": 13.28,
            "roe_4q": 25.580000000000002,
            "gross_profit": 61804,
            "gross_margin": 5.21,
            "gross_margin_4q_avg": 9.74,
            "net_income": 263138,
            "net_income_4q": null,
            "revenue": 1186752,
            "revenue_4q": null,
            "common_shares": 1620675,
            "book_valuer_per_share": 12.96,
            "book_valuer_per_share_4q_avg": 11.25,
            "equity": 2100813,
            "current_ratio": 133.58,
            "debt_ratio": 64.89,
            "inventory_turnover_ratio": 2.29,
            "account_receivable_turnover_ratio": null,
            "reinvestment_rate": null,
            "research_to_sale_ratio": null,
            "price_fair": 50.24,
            "eps_avg_yearly": 1.44,
            "eps_latest_yearly": 6.56,
            "eps_growth_yearly": 616.6
        },
        "20043": {
            "year_quarter": 20043,
            "year": 2004,
            "quarter": 3,
            "eps": 0.16,
            "eps_growth_year": 300,
            "eps_4q": 3.01,
            "eps_4q_growth_year": 1571.45,
            "roe": 1.16,
            "roe_4q": 26.32,
            "gross_profit": 106013,
            "gross_margin": 12.85,
            "gross_margin_4q_avg": 12.87,
            "net_income": 26504,
            "net_income_4q": null,
            "revenue": 824804,
            "revenue_4q": null,
            "common_shares": 1870675,
            "book_valuer_per_share": 13.14,
            "book_valuer_per_share_4q_avg": 11.98,
            "equity": 2457317,
            "current_ratio": 166.81,
            "debt_ratio": 56.71,
            "inventory_turnover_ratio": 1.61,
            "account_receivable_turnover_ratio": null,
            "reinvestment_rate": -101.74,
            "research_to_sale_ratio": null,
            "price_fair": 47.46,
            "eps_avg_yearly": 1.36,
            "eps_latest_yearly": 0.64,
            "eps_growth_yearly": 518.84
        },
        "20044": {
            "year_quarter": 20044,
            "year": 2004,
            "quarter": 4,
            "eps": 0.23,
            "eps_growth_year": 130,
            "eps_4q": 3.13,
            "eps_4q_growth_year": 1212.74,
            "roe": 1.55,
            "roe_4q": 26.89,
            "gross_profit": 113052,
            "gross_margin": 14.71,
            "gross_margin_4q_avg": 14.09,
            "net_income": 38308,
            "net_income_4q": null,
            "revenue": 768415,
            "revenue_4q": null,
            "common_shares": 1870675,
            "book_valuer_per_share": 13.34,
            "book_valuer_per_share_4q_avg": 12.73,
            "equity": 2495625,
            "current_ratio": 190.28,
            "debt_ratio": 57.13,
            "inventory_turnover_ratio": 1.59,
            "account_receivable_turnover_ratio": null,
            "reinvestment_rate": 195.27,
            "research_to_sale_ratio": null,
            "price_fair": 46.07,
            "eps_avg_yearly": 1.32,
            "eps_latest_yearly": 0.92,
            "eps_growth_yearly": 487.58
        },
        "20051": {
            "year_quarter": 20051,
            "year": 2005,
            "quarter": 1,
            "eps": 1.19,
            "eps_growth_year": 0,
            "eps_4q": 2.98,
            "eps_4q_growth_year": 112.6,
            "roe": 8.39,
            "roe_4q": 24.380000000000003,
            "gross_profit": 172177,
            "gross_margin": 14.72,
            "gross_margin_4q_avg": 11.87,
            "net_income": 218582,
            "net_income_4q": null,
            "revenue": 1169782,
            "revenue_4q": null,
            "common_shares": 1870675,
            "book_valuer_per_share": 14.51,
            "book_valuer_per_share_4q_avg": 13.49,
            "equity": 2714207,
            "current_ratio": 218.33,
            "debt_ratio": 52.29,
            "inventory_turnover_ratio": 2.27,
            "account_receivable_turnover_ratio": null,
            "reinvestment_rate": 107.97,
            "research_to_sale_ratio": null,
            "price_fair": 56.12,
            "eps_avg_yearly": 1.6,
            "eps_latest_yearly": 4.76,
            "eps_growth_yearly": 586.08
        },
        "20052": {
            "year_quarter": 20052,
            "year": 2005,
            "quarter": 2,
            "eps": -0.16,
            "eps_growth_year": -109.76,
            "eps_4q": 1.33,
            "eps_4q_growth_year": -55.49,
            "roe": -1.29,
            "roe_4q": 9.81,
            "gross_profit": 1721,
            "gross_margin": 0.3,
            "gross_margin_4q_avg": 10.65,
            "net_income": -34716,
            "net_income_4q": null,
            "revenue": 570223,
            "revenue_4q": null,
            "common_shares": 1870675,
            "book_valuer_per_share": 14.32,
            "book_valuer_per_share_4q_avg": 13.83,
            "equity": 2679491,
            "current_ratio": 196.06,
            "debt_ratio": 53.27,
            "inventory_turnover_ratio": 1.14,
            "account_receivable_turnover_ratio": null,
            "reinvestment_rate": 136.06,
            "research_to_sale_ratio": null,
            "price_fair": 56.12,
            "eps_avg_yearly": 1.6,
            "eps_latest_yearly": 4.76,
            "eps_growth_yearly": 586.08
        },
        "20053": {
            "year_quarter": 20053,
            "year": 2005,
            "quarter": 3,
            "eps": -0.06,
            "eps_growth_year": -137.5,
            "eps_4q": 0.97,
            "eps_4q_growth_year": -67.81,
            "roe": -0.46,
            "roe_4q": 8.190000000000001,
            "gross_profit": 26013,
            "gross_margin": 3.74,
            "gross_margin_4q_avg": 8.37,
            "net_income": -12230,
            "net_income_4q": null,
            "revenue": 695574,
            "revenue_4q": null,
            "common_shares": 2166631,
            "book_valuer_per_share": 12.31,
            "book_valuer_per_share_4q_avg": 13.62,
            "equity": 2667262,
            "current_ratio": 210.01,
            "debt_ratio": 53.19,
            "inventory_turnover_ratio": 1.19,
            "account_receivable_turnover_ratio": null,
            "reinvestment_rate": 136.1,
            "research_to_sale_ratio": null,
            "price_fair": 56.12,
            "eps_avg_yearly": 1.6,
            "eps_latest_yearly": 4.76,
            "eps_growth_yearly": 586.08
        },
        "20054": {
            "year_quarter": 20054,
            "year": 2005,
            "quarter": 4,
            "eps": -0.16,
            "eps_growth_year": -169.57,
            "eps_4q": 0.64,
            "eps_4q_growth_year": -79.58,
            "roe": -1.3,
            "roe_4q": 5.340000000000001,
            "gross_profit": -17836,
            "gross_margin": -1.13,
            "gross_margin_4q_avg": 4.41,
            "net_income": -34492,
            "net_income_4q": null,
            "revenue": 1575438,
            "revenue_4q": null,
            "common_shares": 2166631,
            "book_valuer_per_share": 12.15,
            "book_valuer_per_share_4q_avg": 13.32,
            "equity": 2637930,
            "current_ratio": 189.48,
            "debt_ratio": 56.42,
            "inventory_turnover_ratio": 2.01,
            "account_receivable_turnover_ratio": null,
            "reinvestment_rate": 74.16,
            "research_to_sale_ratio": null,
            "price_fair": 56.12,
            "eps_avg_yearly": 1.6,
            "eps_latest_yearly": 4.76,
            "eps_growth_yearly": 586.08
        },
        "20061": {
            "year_quarter": 20061,
            "year": 2006,
            "quarter": 1,
            "eps": 0.03,
            "eps_growth_year": -97.48,
            "eps_4q": -0.43,
            "eps_4q_growth_year": -114.35,
            "roe": 0.2,
            "roe_4q": -2.85,
            "gross_profit": 67887,
            "gross_margin": 5.66,
            "gross_margin_4q_avg": 2.14,
            "net_income": 5347,
            "net_income_4q": null,
            "revenue": 1198591,
            "revenue_4q": null,
            "common_shares": 2166631,
            "book_valuer_per_share": 12.18,
            "book_valuer_per_share_4q_avg": 12.74,
            "equity": 2638116,
            "current_ratio": 188.28,
            "debt_ratio": 56.68,
            "inventory_turnover_ratio": 1.05,
            "account_receivable_turnover_ratio": null,
            "reinvestment_rate": 76.53,
            "research_to_sale_ratio": null,
            "price_fair": 56.12,
            "eps_avg_yearly": 1.6,
            "eps_latest_yearly": 4.76,
            "eps_growth_yearly": 586.08
        },
        "20062": {
            "year_quarter": 20062,
            "year": 2006,
            "quarter": 2,
            "eps": 0.04,
            "eps_growth_year": null,
            "eps_4q": -0.14,
            "eps_4q_growth_year": -110.37,
            "roe": 0.35,
            "roe_4q": -1.21,
            "gross_profit": 77443,
            "gross_margin": 4.57,
            "gross_margin_4q_avg": 3.21,
            "net_income": 9305,
            "net_income_4q": null,
            "revenue": 1693549,
            "revenue_4q": null,
            "common_shares": 2166631,
            "book_valuer_per_share": 12.22,
            "book_valuer_per_share_4q_avg": 12.22,
            "equity": 2647421,
            "current_ratio": 179.39,
            "debt_ratio": 58.31,
            "inventory_turnover_ratio": 1.3,
            "account_receivable_turnover_ratio": null,
            "reinvestment_rate": 84.99,
            "research_to_sale_ratio": null,
            "price_fair": 56.23,
            "eps_avg_yearly": 1.61,
            "eps_latest_yearly": 0.16,
            "eps_growth_yearly": 613.86
        },
        "20063": {
            "year_quarter": 20063,
            "year": 2006,
            "quarter": 3,
            "eps": 0.03,
            "eps_growth_year": null,
            "eps_4q": -0.05,
            "eps_4q_growth_year": -104.99,
            "roe": 0.29,
            "roe_4q": -0.4600000000000002,
            "gross_profit": 60100,
            "gross_margin": 3.62,
            "gross_margin_4q_avg": 3.18,
            "net_income": 7595,
            "net_income_4q": null,
            "revenue": 1658111,
            "revenue_4q": null,
            "common_shares": 2273212,
            "book_valuer_per_share": 11.68,
            "book_valuer_per_share_4q_avg": 12.06,
            "equity": 2655016,
            "current_ratio": 183.43,
            "debt_ratio": 57.68,
            "inventory_turnover_ratio": 1.15,
            "account_receivable_turnover_ratio": null,
            "reinvestment_rate": 85.37,
            "research_to_sale_ratio": null,
            "price_fair": 55.77,
            "eps_avg_yearly": 1.59,
            "eps_latest_yearly": 0.12,
            "eps_growth_yearly": 561.08
        },
        "20064": {
            "year_quarter": 20064,
            "year": 2006,
            "quarter": 4,
            "eps": 1.94,
            "eps_growth_year": null,
            "eps_4q": 2.04,
            "eps_4q_growth_year": 219.49,
            "roe": 15.09,
            "roe_4q": 15.929999999999998,
            "gross_profit": 63390,
            "gross_margin": 2.53,
            "gross_margin_4q_avg": 4.1,
            "net_income": 433893,
            "net_income_4q": null,
            "revenue": 2509954,
            "revenue_4q": null,
            "common_shares": 2273212,
            "book_valuer_per_share": 13.59,
            "book_valuer_per_share_4q_avg": 12.42,
            "equity": 3094796,
            "current_ratio": 175.41,
            "debt_ratio": 59.65,
            "inventory_turnover_ratio": 1.35,
            "account_receivable_turnover_ratio": null,
            "reinvestment_rate": 11.89,
            "research_to_sale_ratio": null,
            "price_fair": 77.7,
            "eps_avg_yearly": 2.22,
            "eps_latest_yearly": 7.76,
            "eps_growth_yearly": 2688.06
        },
        "20071": {
            "year_quarter": 20071,
            "year": 2007,
            "quarter": 1,
            "eps": 0.89,
            "eps_growth_year": 2866.67,
            "eps_4q": 2.91,
            "eps_4q_growth_year": null,
            "roe": 6.21,
            "roe_4q": 21.94,
            "gross_profit": 235838,
            "gross_margin": 13.42,
            "gross_margin_4q_avg": 6.04,
            "net_income": 199100,
            "net_income_4q": null,
            "revenue": 1757682,
            "revenue_4q": null,
            "common_shares": 2273212,
            "book_valuer_per_share": 14.6,
            "book_valuer_per_share_4q_avg": 13.02,
            "equity": 3317901,
            "current_ratio": 195.5,
            "debt_ratio": 59.15,
            "inventory_turnover_ratio": 0.7,
            "account_receivable_turnover_ratio": null,
            "reinvestment_rate": 10.81,
            "research_to_sale_ratio": null,
            "price_fair": 87.73,
            "eps_avg_yearly": 2.51,
            "eps_latest_yearly": 3.56,
            "eps_growth_yearly": 2686.69
        },
        "20072": {
            "year_quarter": 20072,
            "year": 2007,
            "quarter": 2,
            "eps": 0.31,
            "eps_growth_year": 675,
            "eps_4q": 2.68,
            "eps_4q_growth_year": null,
            "roe": 2.52,
            "roe_4q": 24.11,
            "gross_profit": 131706,
            "gross_margin": 4.82,
            "gross_margin_4q_avg": 6.1,
            "net_income": 83873,
            "net_income_4q": null,
            "revenue": 2733033,
            "revenue_4q": null,
            "common_shares": 2273212,
            "book_valuer_per_share": 14.71,
            "book_valuer_per_share_4q_avg": 13.65,
            "equity": 3343975,
            "current_ratio": 170.25,
            "debt_ratio": 57.94,
            "inventory_turnover_ratio": 1.11,
            "account_receivable_turnover_ratio": null,
            "reinvestment_rate": 10.7,
            "research_to_sale_ratio": null,
            "price_fair": 90.53,
            "eps_avg_yearly": 2.59,
            "eps_latest_yearly": 1.24,
            "eps_growth_yearly": 2620.52
        },
        "20073": {
            "year_quarter": 20073,
            "year": 2007,
            "quarter": 3,
            "eps": 0.02,
            "eps_growth_year": -33.33,
            "eps_4q": 2.28,
            "eps_4q_growth_year": null,
            "roe": 0.17,
            "roe_4q": 23.990000000000002,
            "gross_profit": -6542,
            "gross_margin": -0.18,
            "gross_margin_4q_avg": 5.15,
            "net_income": 6331,
            "net_income_4q": null,
            "revenue": 3581342,
            "revenue_4q": null,
            "common_shares": 3240188,
            "book_valuer_per_share": 12.65,
            "book_valuer_per_share_4q_avg": 13.89,
            "equity": 4100306,
            "current_ratio": 185.03,
            "debt_ratio": 54,
            "inventory_turnover_ratio": 1.45,
            "account_receivable_turnover_ratio": null,
            "reinvestment_rate": 11.16,
            "research_to_sale_ratio": null,
            "price_fair": 90.3,
            "eps_avg_yearly": 2.58,
            "eps_latest_yearly": 0.08,
            "eps_growth_yearly": 2603.62
        },
        "20074": {
            "year_quarter": 20074,
            "year": 2007,
            "quarter": 4,
            "eps": 0.07,
            "eps_growth_year": -96.39,
            "eps_4q": 1.02,
            "eps_4q_growth_year": -50.08,
            "roe": 0.52,
            "roe_4q": 9.42,
            "gross_profit": 73930,
            "gross_margin": 1.59,
            "gross_margin_4q_avg": 4.91,
            "net_income": 21358,
            "net_income_4q": null,
            "revenue": 4651466,
            "revenue_4q": null,
            "common_shares": 3240188,
            "book_valuer_per_share": 12.72,
            "book_valuer_per_share_4q_avg": 13.67,
            "equity": 4128252,
            "current_ratio": 182.54,
            "debt_ratio": 49.97,
            "inventory_turnover_ratio": 1.76,
            "account_receivable_turnover_ratio": null,
            "reinvestment_rate": -4.1,
            "research_to_sale_ratio": null,
            "price_fair": 89.95,
            "eps_avg_yearly": 2.57,
            "eps_latest_yearly": 0.28,
            "eps_growth_yearly": 2636.96
        },
        "20081": {
            "year_quarter": 20081,
            "year": 2008,
            "quarter": 1,
            "eps": 0.03,
            "eps_growth_year": -96.63,
            "eps_4q": 0.32,
            "eps_4q_growth_year": -89.15,
            "roe": 0.28,
            "roe_4q": 3.49,
            "gross_profit": 83921,
            "gross_margin": 2.44,
            "gross_margin_4q_avg": 2.17,
            "net_income": 11694,
            "net_income_4q": null,
            "revenue": 3436186,
            "revenue_4q": null,
            "common_shares": 3240188,
            "book_valuer_per_share": 12.76,
            "book_valuer_per_share_4q_avg": 13.21,
            "equity": 4139946,
            "current_ratio": 189.74,
            "debt_ratio": 48.88,
            "inventory_turnover_ratio": 1.24,
            "account_receivable_turnover_ratio": null,
            "reinvestment_rate": -3.82,
            "research_to_sale_ratio": null,
            "price_fair": 76.42,
            "eps_avg_yearly": 2.18,
            "eps_latest_yearly": 0.12,
            "eps_growth_yearly": 2254.58
        },
        "20082": {
            "year_quarter": 20082,
            "year": 2008,
            "quarter": 2,
            "eps": -0.2,
            "eps_growth_year": -164.52,
            "eps_4q": -0.1,
            "eps_4q_growth_year": -103.71,
            "roe": -1.74,
            "roe_4q": -0.7699999999999999,
            "gross_profit": 6746,
            "gross_margin": 0.19,
            "gross_margin_4q_avg": 1.01,
            "net_income": -71261,
            "net_income_4q": null,
            "revenue": 3623465,
            "revenue_4q": null,
            "common_shares": 3240188,
            "book_valuer_per_share": 12.41,
            "book_valuer_per_share_4q_avg": 12.64,
            "equity": 4028011,
            "current_ratio": 196.88,
            "debt_ratio": 45.75,
            "inventory_turnover_ratio": 1.31,
            "account_receivable_turnover_ratio": null,
            "reinvestment_rate": -4.12,
            "research_to_sale_ratio": null,
            "price_fair": 62.49,
            "eps_avg_yearly": 1.79,
            "eps_latest_yearly": 0.12,
            "eps_growth_yearly": 2445.79
        },
        "20083": {
            "year_quarter": 20083,
            "year": 2008,
            "quarter": 3,
            "eps": 0.02,
            "eps_growth_year": 0,
            "eps_4q": -0.09,
            "eps_4q_growth_year": -103.87,
            "roe": 0.18,
            "roe_4q": -0.76,
            "gross_profit": -72720,
            "gross_margin": -2.54,
            "gross_margin_4q_avg": 0.42,
            "net_income": 7218,
            "net_income_4q": null,
            "revenue": 2868641,
            "revenue_4q": null,
            "common_shares": 3475274,
            "book_valuer_per_share": 11.59,
            "book_valuer_per_share_4q_avg": 12.37,
            "equity": 4035229,
            "current_ratio": 181.91,
            "debt_ratio": 49.56,
            "inventory_turnover_ratio": 1.1,
            "account_receivable_turnover_ratio": null,
            "reinvestment_rate": -3.35,
            "research_to_sale_ratio": null,
            "price_fair": 66.5,
            "eps_avg_yearly": 1.9,
            "eps_latest_yearly": 0.12,
            "eps_growth_yearly": 2726.46
        },
        "20084": {
            "year_quarter": 20084,
            "year": 2008,
            "quarter": 4,
            "eps": -0.58,
            "eps_growth_year": -928.57,
            "eps_4q": -0.74,
            "eps_4q_growth_year": -172.31,
            "roe": -5.07,
            "roe_4q": -6.3500000000000005,
            "gross_profit": -49052,
            "gross_margin": -2.25,
            "gross_margin_4q_avg": -0.54,
            "net_income": -199568,
            "net_income_4q": null,
            "revenue": 2183501,
            "revenue_4q": null,
            "common_shares": 3475274,
            "book_valuer_per_share": 11.01,
            "book_valuer_per_share_4q_avg": 11.94,
            "equity": 3835661,
            "current_ratio": 193.84,
            "debt_ratio": 47.51,
            "inventory_turnover_ratio": 0.93,
            "account_receivable_turnover_ratio": 3.91,
            "reinvestment_rate": -76.65,
            "research_to_sale_ratio": null,
            "price_fair": 70.31,
            "eps_avg_yearly": 2.01,
            "eps_latest_yearly": 0.12,
            "eps_growth_yearly": 3009.96
        },
        "20091": {
            "year_quarter": 20091,
            "year": 2009,
            "quarter": 1,
            "eps": 0.02,
            "eps_growth_year": -33.33,
            "eps_4q": -0.59,
            "eps_4q_growth_year": -285.94,
            "roe": 0.23,
            "roe_4q": -6.4,
            "gross_profit": 48314,
            "gross_margin": 2.4,
            "gross_margin_4q_avg": -0.55,
            "net_income": 8785,
            "net_income_4q": null,
            "revenue": 2017132,
            "revenue_4q": null,
            "common_shares": 3475274,
            "book_valuer_per_share": 11.03,
            "book_valuer_per_share_4q_avg": 11.51,
            "equity": 3844446,
            "current_ratio": 168.83,
            "debt_ratio": 54.52,
            "inventory_turnover_ratio": 0.91,
            "account_receivable_turnover_ratio": 1.32,
            "reinvestment_rate": -112.17,
            "research_to_sale_ratio": null,
            "price_fair": 58.28,
            "eps_avg_yearly": 1.67,
            "eps_latest_yearly": 0.12,
            "eps_growth_yearly": 3177.51
        },
        "20092": {
            "year_quarter": 20092,
            "year": 2009,
            "quarter": 2,
            "eps": 0.06,
            "eps_growth_year": null,
            "eps_4q": -0.49,
            "eps_4q_growth_year": null,
            "roe": 0.53,
            "roe_4q": -4.130000000000001,
            "gross_profit": 89207,
            "gross_margin": 3.57,
            "gross_margin_4q_avg": 0.3,
            "net_income": 20455,
            "net_income_4q": null,
            "revenue": 2498183,
            "revenue_4q": null,
            "common_shares": 3475274,
            "book_valuer_per_share": 11.09,
            "book_valuer_per_share_4q_avg": 11.18,
            "equity": 3864901,
            "current_ratio": 176.1,
            "debt_ratio": 51.8,
            "inventory_turnover_ratio": 1.27,
            "account_receivable_turnover_ratio": 1.41,
            "reinvestment_rate": -115.21,
            "research_to_sale_ratio": null,
            "price_fair": 52.73,
            "eps_avg_yearly": 1.51,
            "eps_latest_yearly": 0.24,
            "eps_growth_yearly": 2913.34
        },
        "20093": {
            "year_quarter": 20093,
            "year": 2009,
            "quarter": 3,
            "eps": 0.08,
            "eps_growth_year": 300,
            "eps_4q": -0.41,
            "eps_4q_growth_year": null,
            "roe": 0.72,
            "roe_4q": -3.5900000000000003,
            "gross_profit": 89013,
            "gross_margin": 5.59,
            "gross_margin_4q_avg": 2.33,
            "net_income": 28015,
            "net_income_4q": null,
            "revenue": 1591108,
            "revenue_4q": null,
            "common_shares": 3475274,
            "book_valuer_per_share": 11.17,
            "book_valuer_per_share_4q_avg": 11.08,
            "equity": 3892915,
            "current_ratio": 178.7,
            "debt_ratio": 51.06,
            "inventory_turnover_ratio": 0.84,
            "account_receivable_turnover_ratio": 1.14,
            "reinvestment_rate": -105.76,
            "research_to_sale_ratio": null,
            "price_fair": 48.58,
            "eps_avg_yearly": 1.39,
            "eps_latest_yearly": 0.32,
            "eps_growth_yearly": 2635.34
        },
        "20094": {
            "year_quarter": 20094,
            "year": 2009,
            "quarter": 4,
            "eps": 0.12,
            "eps_growth_year": null,
            "eps_4q": 0.29,
            "eps_4q_growth_year": null,
            "roe": 1.13,
            "roe_4q": 2.61,
            "gross_profit": 131671,
            "gross_margin": 4.19,
            "gross_margin_4q_avg": 3.94,
            "net_income": 44321,
            "net_income_4q": null,
            "revenue": 3138897,
            "revenue_4q": null,
            "common_shares": 3475274,
            "book_valuer_per_share": 11.3,
            "book_valuer_per_share_4q_avg": 11.15,
            "equity": 3936814,
            "current_ratio": 172.82,
            "debt_ratio": 53.16,
            "inventory_turnover_ratio": 2.73,
            "account_receivable_turnover_ratio": 3.58,
            "reinvestment_rate": -6.38,
            "research_to_sale_ratio": null,
            "price_fair": 45.69,
            "eps_avg_yearly": 1.31,
            "eps_latest_yearly": 0.48,
            "eps_growth_yearly": 2413.95
        },
        "20101": {
            "year_quarter": 20101,
            "year": 2010,
            "quarter": 1,
            "eps": 0.2,
            "eps_growth_year": 900,
            "eps_4q": 0.47,
            "eps_4q_growth_year": null,
            "roe": 1.77,
            "roe_4q": 4.15,
            "gross_profit": 134345,
            "gross_margin": 3.65,
            "gross_margin_4q_avg": 4.25,
            "net_income": 70101,
            "net_income_4q": null,
            "revenue": 3679855,
            "revenue_4q": null,
            "common_shares": 3475274,
            "book_valuer_per_share": 11.5,
            "book_valuer_per_share_4q_avg": 11.27,
            "equity": 4006337,
            "current_ratio": 184.32,
            "debt_ratio": 49.26,
            "inventory_turnover_ratio": 8.64,
            "account_receivable_turnover_ratio": 1.92,
            "reinvestment_rate": 6.06,
            "research_to_sale_ratio": null,
            "price_fair": 44.22,
            "eps_avg_yearly": 1.26,
            "eps_latest_yearly": 0.8,
            "eps_growth_yearly": 2235.01
        },
        "20102": {
            "year_quarter": 20102,
            "year": 2010,
            "quarter": 2,
            "eps": 0.27,
            "eps_growth_year": 350.6,
            "eps_4q": 0.68,
            "eps_4q_growth_year": null,
            "roe": 2.29,
            "roe_4q": 5.91,
            "gross_profit": 115405,
            "gross_margin": 5.69,
            "gross_margin_4q_avg": 4.78,
            "net_income": 93014,
            "net_income_4q": null,
            "revenue": 2027680,
            "revenue_4q": null,
            "common_shares": 3475274,
            "book_valuer_per_share": 11.77,
            "book_valuer_per_share_4q_avg": 11.44,
            "equity": 4099892,
            "current_ratio": 172.84,
            "debt_ratio": 52.98,
            "inventory_turnover_ratio": 3.79,
            "account_receivable_turnover_ratio": 0.87,
            "reinvestment_rate": 0.91,
            "research_to_sale_ratio": null,
            "price_fair": 46.9,
            "eps_avg_yearly": 1.34,
            "eps_latest_yearly": 1.08,
            "eps_growth_yearly": 2235.56
        },
        "20103": {
            "year_quarter": 20103,
            "year": 2010,
            "quarter": 3,
            "eps": 0.06,
            "eps_growth_year": -29.15,
            "eps_4q": 0.65,
            "eps_4q_growth_year": null,
            "roe": 0.44,
            "roe_4q": 5.63,
            "gross_profit": 89066,
            "gross_margin": 6.59,
            "gross_margin_4q_avg": 5.03,
            "net_income": 18290,
            "net_income_4q": null,
            "revenue": 1351643,
            "revenue_4q": null,
            "common_shares": 3475274,
            "book_valuer_per_share": 11.82,
            "book_valuer_per_share_4q_avg": 11.6,
            "equity": 4157189,
            "current_ratio": 180.95,
            "debt_ratio": 50.47,
            "inventory_turnover_ratio": 2.11,
            "account_receivable_turnover_ratio": 0.58,
            "reinvestment_rate": -0.49,
            "research_to_sale_ratio": null,
            "price_fair": 47.25,
            "eps_avg_yearly": 1.35,
            "eps_latest_yearly": 0.24,
            "eps_growth_yearly": 2217.97
        },
        "20104": {
            "year_quarter": 20104,
            "year": 2010,
            "quarter": 4,
            "eps": 0.13,
            "eps_growth_year": 6.54,
            "eps_4q": 0.66,
            "eps_4q_growth_year": 128.4,
            "roe": 1.05,
            "roe_4q": 5.550000000000001,
            "gross_profit": 100966,
            "gross_margin": 9.06,
            "gross_margin_4q_avg": 6.25,
            "net_income": 43808,
            "net_income_4q": null,
            "revenue": 1114773,
            "revenue_4q": null,
            "common_shares": 3475274,
            "book_valuer_per_share": 11.94,
            "book_valuer_per_share_4q_avg": 11.76,
            "equity": 4195243,
            "current_ratio": 185.45,
            "debt_ratio": 49.46,
            "inventory_turnover_ratio": 1.66,
            "account_receivable_turnover_ratio": 0.55,
            "reinvestment_rate": 162.56,
            "research_to_sale_ratio": null,
            "price_fair": 26.13,
            "eps_avg_yearly": 0.75,
            "eps_latest_yearly": 0.52,
            "eps_growth_yearly": 134.64
        },
        "20111": {
            "year_quarter": 20111,
            "year": 2011,
            "quarter": 1,
            "eps": 0.04,
            "eps_growth_year": -80,
            "eps_4q": 0.49,
            "eps_4q_growth_year": 5.91,
            "roe": 0.29,
            "roe_4q": 4.07,
            "gross_profit": 77214,
            "gross_margin": 6.38,
            "gross_margin_4q_avg": 6.93,
            "net_income": 12373,
            "net_income_4q": null,
            "revenue": 1210280,
            "revenue_4q": null,
            "common_shares": 3475274,
            "book_valuer_per_share": 11.98,
            "book_valuer_per_share_4q_avg": 11.88,
            "equity": 4209176,
            "current_ratio": 189.59,
            "debt_ratio": 48.33,
            "inventory_turnover_ratio": 1.75,
            "account_receivable_turnover_ratio": 0.59,
            "reinvestment_rate": 311.89,
            "research_to_sale_ratio": null,
            "price_fair": 16.22,
            "eps_avg_yearly": 0.46,
            "eps_latest_yearly": 0.16,
            "eps_growth_yearly": 129.6
        },
        "20112": {
            "year_quarter": 20112,
            "year": 2011,
            "quarter": 2,
            "eps": 0.04,
            "eps_growth_year": -83.47,
            "eps_4q": 0.27,
            "eps_4q_growth_year": -60.39,
            "roe": 0.33,
            "roe_4q": 2.11,
            "gross_profit": 90715,
            "gross_margin": 7.86,
            "gross_margin_4q_avg": 7.47,
            "net_income": 13545,
            "net_income_4q": null,
            "revenue": 1153546,
            "revenue_4q": null,
            "common_shares": 3475274,
            "book_valuer_per_share": 11.71,
            "book_valuer_per_share_4q_avg": 11.86,
            "equity": 4115327,
            "current_ratio": 189.28,
            "debt_ratio": 48.22,
            "inventory_turnover_ratio": 1.57,
            "account_receivable_turnover_ratio": 0.57,
            "reinvestment_rate": 590.08,
            "research_to_sale_ratio": null,
            "price_fair": 13.07,
            "eps_avg_yearly": 0.37,
            "eps_latest_yearly": 0.16,
            "eps_growth_yearly": 151.32
        },
        "20113": {
            "year_quarter": 20113,
            "year": 2011,
            "quarter": 3,
            "eps": 0.02,
            "eps_growth_year": -73.24,
            "eps_4q": 0.23,
            "eps_4q_growth_year": -65.32,
            "roe": 0.08,
            "roe_4q": 1.75,
            "gross_profit": 61276,
            "gross_margin": 6.73,
            "gross_margin_4q_avg": 7.51,
            "net_income": 3242,
            "net_income_4q": null,
            "revenue": 910508,
            "revenue_4q": null,
            "common_shares": 3475274,
            "book_valuer_per_share": 11.79,
            "book_valuer_per_share_4q_avg": 11.86,
            "equity": 4138572,
            "current_ratio": 190.11,
            "debt_ratio": 48.01,
            "inventory_turnover_ratio": 1.23,
            "account_receivable_turnover_ratio": 0.49,
            "reinvestment_rate": 604.47,
            "research_to_sale_ratio": null,
            "price_fair": 13.07,
            "eps_avg_yearly": 0.37,
            "eps_latest_yearly": 0.08,
            "eps_growth_yearly": 165.84
        },
        "20114": {
            "year_quarter": 20114,
            "year": 2011,
            "quarter": 4,
            "eps": 0.48,
            "eps_growth_year": 277.48,
            "eps_4q": 0.58,
            "eps_4q_growth_year": -11.46,
            "roe": 3.95,
            "roe_4q": 4.65,
            "gross_profit": 260438,
            "gross_margin": 20.16,
            "gross_margin_4q_avg": 10.28,
            "net_income": 166706,
            "net_income_4q": null,
            "revenue": 1291817,
            "revenue_4q": null,
            "common_shares": 3475274,
            "book_valuer_per_share": 12.28,
            "book_valuer_per_share_4q_avg": 11.94,
            "equity": 4308972,
            "current_ratio": 210.44,
            "debt_ratio": 43.97,
            "inventory_turnover_ratio": 1.48,
            "account_receivable_turnover_ratio": 0.8,
            "reinvestment_rate": 334.63,
            "research_to_sale_ratio": null,
            "price_fair": 17.85,
            "eps_avg_yearly": 0.51,
            "eps_latest_yearly": 1.92,
            "eps_growth_yearly": 849.17
        },
        "20121": {
            "year_quarter": 20121,
            "year": 2012,
            "quarter": 1,
            "eps": 0.03,
            "eps_growth_year": -25,
            "eps_4q": 0.58,
            "eps_4q_growth_year": 16.76,
            "roe": 0.24,
            "roe_4q": 4.6000000000000005,
            "gross_profit": 61896,
            "gross_margin": 9.34,
            "gross_margin_4q_avg": 11.02,
            "net_income": 10329,
            "net_income_4q": null,
            "revenue": 662699,
            "revenue_4q": null,
            "common_shares": 3475274,
            "book_valuer_per_share": 12.28,
            "book_valuer_per_share_4q_avg": 12.02,
            "equity": 4308022,
            "current_ratio": 202.73,
            "debt_ratio": 45.18,
            "inventory_turnover_ratio": 0.86,
            "account_receivable_turnover_ratio": 0.42,
            "reinvestment_rate": 363.04,
            "research_to_sale_ratio": null,
            "price_fair": 17.85,
            "eps_avg_yearly": 0.51,
            "eps_latest_yearly": 0.12,
            "eps_growth_yearly": 836.97
        },
        "20122": {
            "year_quarter": 20122,
            "year": 2012,
            "quarter": 2,
            "eps": 0.19,
            "eps_growth_year": 333.51,
            "eps_4q": 0.73,
            "eps_4q_growth_year": 170.57,
            "roe": 1.6,
            "roe_4q": 5.87,
            "gross_profit": 115177,
            "gross_margin": 7.01,
            "gross_margin_4q_avg": 10.81,
            "net_income": 68331,
            "net_income_4q": null,
            "revenue": 1642734,
            "revenue_4q": null,
            "common_shares": 3475274,
            "book_valuer_per_share": 11.99,
            "book_valuer_per_share_4q_avg": 12.09,
            "equity": 4207724,
            "current_ratio": 186.43,
            "debt_ratio": 53.55,
            "inventory_turnover_ratio": 2.19,
            "account_receivable_turnover_ratio": 0.75,
            "reinvestment_rate": 271.44,
            "research_to_sale_ratio": null,
            "price_fair": 18.52,
            "eps_avg_yearly": 0.53,
            "eps_latest_yearly": 0.76,
            "eps_growth_yearly": 936.69
        },
        "20123": {
            "year_quarter": 20123,
            "year": 2012,
            "quarter": 3,
            "eps": 0.04,
            "eps_growth_year": 131.61,
            "eps_4q": 0.75,
            "eps_4q_growth_year": 228.92,
            "roe": 0.27,
            "roe_4q": 6.0600000000000005,
            "gross_profit": 71664,
            "gross_margin": 9.26,
            "gross_margin_4q_avg": 11.44,
            "net_income": 11264,
            "net_income_4q": null,
            "revenue": 773663,
            "revenue_4q": null,
            "common_shares": 3475274,
            "book_valuer_per_share": 12,
            "book_valuer_per_share_4q_avg": 12.14,
            "equity": 4209599,
            "current_ratio": 205.67,
            "debt_ratio": 48.39,
            "inventory_turnover_ratio": 1.01,
            "account_receivable_turnover_ratio": 0.34,
            "reinvestment_rate": 298.06,
            "research_to_sale_ratio": null,
            "price_fair": 17.6,
            "eps_avg_yearly": 0.5,
            "eps_latest_yearly": 0.16,
            "eps_growth_yearly": 847.23
        },
        "20124": {
            "year_quarter": 20124,
            "year": 2012,
            "quarter": 4,
            "eps": 0.11,
            "eps_growth_year": -77.57,
            "eps_4q": 0.37,
            "eps_4q_growth_year": -36.14,
            "roe": 0.86,
            "roe_4q": 2.9699999999999998,
            "gross_profit": 85357,
            "gross_margin": 9.17,
            "gross_margin_4q_avg": 8.7,
            "net_income": 36392,
            "net_income_4q": null,
            "revenue": 931100,
            "revenue_4q": null,
            "common_shares": 3475274,
            "book_valuer_per_share": 12.1,
            "book_valuer_per_share_4q_avg": 12.09,
            "equity": 4244402,
            "current_ratio": 190.06,
            "debt_ratio": 53.21,
            "inventory_turnover_ratio": 1.21,
            "account_receivable_turnover_ratio": 0.58,
            "reinvestment_rate": 202.9,
            "research_to_sale_ratio": null,
            "price_fair": 17.45,
            "eps_avg_yearly": 0.5,
            "eps_latest_yearly": 0.44,
            "eps_growth_yearly": 837.41
        },
        "20131": {
            "year_quarter": 20131,
            "year": 2013,
            "quarter": 1,
            "eps": 0.05,
            "eps_growth_year": 66.67,
            "eps_4q": 0.39,
            "eps_4q_growth_year": -33.07,
            "roe": 0.38,
            "roe_4q": 3.1100000000000003,
            "gross_profit": 62974,
            "gross_margin": 7.67,
            "gross_margin_4q_avg": 8.28,
            "net_income": 16290,
            "net_income_4q": null,
            "revenue": 821231,
            "revenue_4q": null,
            "common_shares": 3475274,
            "book_valuer_per_share": 12.26,
            "book_valuer_per_share_4q_avg": 12.09,
            "equity": 4297443,
            "current_ratio": 190.92,
            "debt_ratio": 51.64,
            "inventory_turnover_ratio": 1.08,
            "account_receivable_turnover_ratio": 0.62,
            "reinvestment_rate": 57.53,
            "research_to_sale_ratio": null,
            "price_fair": 16.8,
            "eps_avg_yearly": 0.48,
            "eps_latest_yearly": 0.2,
            "eps_growth_yearly": 771.44
        },
        "20132": {
            "year_quarter": 20132,
            "year": 2013,
            "quarter": 2,
            "eps": 0.01,
            "eps_growth_year": -94.84,
            "eps_4q": 0.2,
            "eps_4q_growth_year": -72.36,
            "roe": 0.06,
            "roe_4q": 1.57,
            "gross_profit": 57407,
            "gross_margin": 7.56,
            "gross_margin_4q_avg": 8.42,
            "net_income": 2383,
            "net_income_4q": null,
            "revenue": 759644,
            "revenue_4q": null,
            "common_shares": 3475274,
            "book_valuer_per_share": 11.93,
            "book_valuer_per_share_4q_avg": 12.07,
            "equity": 4181883,
            "current_ratio": 179.02,
            "debt_ratio": 52.74,
            "inventory_turnover_ratio": 1,
            "account_receivable_turnover_ratio": 0.57,
            "reinvestment_rate": 72.1,
            "research_to_sale_ratio": null,
            "price_fair": 16.36,
            "eps_avg_yearly": 0.47,
            "eps_latest_yearly": 0.04,
            "eps_growth_yearly": 701.44
        },
        "20133": {
            "year_quarter": 20133,
            "year": 2013,
            "quarter": 3,
            "eps": 0.05,
            "eps_growth_year": 42.34,
            "eps_4q": 0.22,
            "eps_4q_growth_year": -70.64,
            "roe": 0.41,
            "roe_4q": 1.71,
            "gross_profit": 71837,
            "gross_margin": 6.28,
            "gross_margin_4q_avg": 7.67,
            "net_income": 17092,
            "net_income_4q": null,
            "revenue": 1143836,
            "revenue_4q": null,
            "common_shares": 3475274,
            "book_valuer_per_share": 11.96,
            "book_valuer_per_share_4q_avg": 12.06,
            "equity": 4192503,
            "current_ratio": 171.51,
            "debt_ratio": 53.27,
            "inventory_turnover_ratio": 1.54,
            "account_receivable_turnover_ratio": 0.84,
            "reinvestment_rate": 80.28,
            "research_to_sale_ratio": null,
            "price_fair": 16.1,
            "eps_avg_yearly": 0.46,
            "eps_latest_yearly": 0.2,
            "eps_growth_yearly": 793.1
        },
        "20134": {
            "year_quarter": 20134,
            "year": 2013,
            "quarter": 4,
            "eps": 0.16,
            "eps_growth_year": 51.79,
            "eps_4q": 0.27,
            "eps_4q_growth_year": -25.94,
            "roe": 1.25,
            "roe_4q": 2.1,
            "gross_profit": 121435,
            "gross_margin": 7.25,
            "gross_margin_4q_avg": 7.19,
            "net_income": 53092,
            "net_income_4q": null,
            "revenue": 1674358,
            "revenue_4q": null,
            "common_shares": 3475274,
            "book_valuer_per_share": 12.21,
            "book_valuer_per_share_4q_avg": 12.09,
            "equity": 4274084,
            "current_ratio": 167.42,
            "debt_ratio": 53.8,
            "inventory_turnover_ratio": 2.24,
            "account_receivable_turnover_ratio": 1.14,
            "reinvestment_rate": -1.17,
            "research_to_sale_ratio": null,
            "price_fair": 16.45,
            "eps_avg_yearly": 0.47,
            "eps_latest_yearly": 0.64,
            "eps_growth_yearly": 835.6
        },
        "20141": {
            "year_quarter": 20141,
            "year": 2014,
            "quarter": 1,
            "eps": 0.06,
            "eps_growth_year": 20,
            "eps_4q": 0.28,
            "eps_4q_growth_year": -26.99,
            "roe": 0.44,
            "roe_4q": 2.16,
            "gross_profit": 81167,
            "gross_margin": 5.87,
            "gross_margin_4q_avg": 6.74,
            "net_income": 18958,
            "net_income_4q": null,
            "revenue": 1383250,
            "revenue_4q": null,
            "common_shares": 3475274,
            "book_valuer_per_share": 12.28,
            "book_valuer_per_share_4q_avg": 12.1,
            "equity": 4298959,
            "current_ratio": 179.02,
            "debt_ratio": 54.44,
            "inventory_turnover_ratio": 1.89,
            "account_receivable_turnover_ratio": 0.83,
            "reinvestment_rate": -16.74,
            "research_to_sale_ratio": null,
            "price_fair": 15.23,
            "eps_avg_yearly": 0.44,
            "eps_latest_yearly": 0.24,
            "eps_growth_yearly": 803.31
        },
        "20142": {
            "year_quarter": 20142,
            "year": 2014,
            "quarter": 2,
            "eps": -0.52,
            "eps_growth_year": -5300,
            "eps_4q": -0.25,
            "eps_4q_growth_year": -222.66,
            "roe": -4.35,
            "roe_4q": -2.2499999999999996,
            "gross_profit": -171352,
            "gross_margin": -13.22,
            "gross_margin_4q_avg": 1.55,
            "net_income": -181165,
            "net_income_4q": null,
            "revenue": 1295699,
            "revenue_4q": null,
            "common_shares": 3475274,
            "book_valuer_per_share": 11.5,
            "book_valuer_per_share_4q_avg": 11.99,
            "equity": 4026761,
            "current_ratio": 152.37,
            "debt_ratio": 57.99,
            "inventory_turnover_ratio": 2.12,
            "account_receivable_turnover_ratio": 0.66,
            "reinvestment_rate": -30.39,
            "research_to_sale_ratio": null,
            "price_fair": 13.72,
            "eps_avg_yearly": 0.39,
            "eps_latest_yearly": 0.24,
            "eps_growth_yearly": 847.53
        },
        "20143": {
            "year_quarter": 20143,
            "year": 2014,
            "quarter": 3,
            "eps": -0.04,
            "eps_growth_year": -180,
            "eps_4q": -0.34,
            "eps_4q_growth_year": -254.87,
            "roe": -0.29,
            "roe_4q": -2.9499999999999993,
            "gross_profit": -22993,
            "gross_margin": -1.61,
            "gross_margin_4q_avg": -0.43,
            "net_income": -11691,
            "net_income_4q": null,
            "revenue": 1426712,
            "revenue_4q": null,
            "common_shares": 3475274,
            "book_valuer_per_share": 11.48,
            "book_valuer_per_share_4q_avg": 11.87,
            "equity": 4040426,
            "current_ratio": 158.86,
            "debt_ratio": 58.03,
            "inventory_turnover_ratio": 2.06,
            "account_receivable_turnover_ratio": 0.69,
            "reinvestment_rate": -10.2,
            "research_to_sale_ratio": null,
            "price_fair": 14.1,
            "eps_avg_yearly": 0.4,
            "eps_latest_yearly": 0.24,
            "eps_growth_yearly": 930.29
        },
        "20144": {
            "year_quarter": 20144,
            "year": 2014,
            "quarter": 4,
            "eps": 0.05,
            "eps_growth_year": -71.42,
            "eps_4q": -0.46,
            "eps_4q_growth_year": -265.97,
            "roe": 0.38,
            "roe_4q": -3.82,
            "gross_profit": 128323,
            "gross_margin": 7.37,
            "gross_margin_4q_avg": -0.4,
            "net_income": 15365,
            "net_income_4q": null,
            "revenue": 1741139,
            "revenue_4q": null,
            "common_shares": 3475274,
            "book_valuer_per_share": 11.55,
            "book_valuer_per_share_4q_avg": 11.7,
            "equity": 4062758,
            "current_ratio": 155.57,
            "debt_ratio": 55.61,
            "inventory_turnover_ratio": 2.14,
            "account_receivable_turnover_ratio": 1.05,
            "reinvestment_rate": 10.76,
            "research_to_sale_ratio": null,
            "price_fair": 13.78,
            "eps_avg_yearly": 0.39,
            "eps_latest_yearly": 0.24,
            "eps_growth_yearly": 965.96
        },
        "20151": {
            "year_quarter": 20151,
            "year": 2015,
            "quarter": 1,
            "eps": 0.08,
            "eps_growth_year": 33.33,
            "eps_4q": -0.43,
            "eps_4q_growth_year": -251.78,
            "roe": 0.7,
            "roe_4q": -3.5599999999999996,
            "gross_profit": 79045,
            "gross_margin": 4.56,
            "gross_margin_4q_avg": -0.73,
            "net_income": 28365,
            "net_income_4q": null,
            "revenue": 1734500,
            "revenue_4q": null,
            "common_shares": 3475274,
            "book_valuer_per_share": 11.62,
            "book_valuer_per_share_4q_avg": 11.54,
            "equity": 4085482,
            "current_ratio": 159.25,
            "debt_ratio": 55.44,
            "inventory_turnover_ratio": 2.04,
            "account_receivable_turnover_ratio": 1.22,
            "reinvestment_rate": 5.8,
            "research_to_sale_ratio": null,
            "price_fair": 14.22,
            "eps_avg_yearly": 0.41,
            "eps_latest_yearly": 0.32,
            "eps_growth_yearly": 1005.72
        },
        "20152": {
            "year_quarter": 20152,
            "year": 2015,
            "quarter": 2,
            "eps": 0.17,
            "eps_growth_year": null,
            "eps_4q": 0.27,
            "eps_4q_growth_year": null,
            "roe": 1.46,
            "roe_4q": 2.25,
            "gross_profit": 108223,
            "gross_margin": 6.02,
            "gross_margin_4q_avg": 4.09,
            "net_income": 60138,
            "net_income_4q": null,
            "revenue": 1797554,
            "revenue_4q": null,
            "common_shares": 3475274,
            "book_valuer_per_share": 11.73,
            "book_valuer_per_share_4q_avg": 11.6,
            "equity": 4124461,
            "current_ratio": 165.58,
            "debt_ratio": 53.18,
            "inventory_turnover_ratio": 2,
            "account_receivable_turnover_ratio": 1.29,
            "reinvestment_rate": -51.1,
            "research_to_sale_ratio": null,
            "price_fair": 15.62,
            "eps_avg_yearly": 0.45,
            "eps_latest_yearly": 0.68,
            "eps_growth_yearly": 1040.34
        },
        "20153": {
            "year_quarter": 20153,
            "year": 2015,
            "quarter": 3,
            "eps": -0.1,
            "eps_growth_year": null,
            "eps_4q": 0.21,
            "eps_4q_growth_year": null,
            "roe": -0.82,
            "roe_4q": 1.7199999999999998,
            "gross_profit": 10552,
            "gross_margin": 0.72,
            "gross_margin_4q_avg": 4.67,
            "net_income": -33870,
            "net_income_4q": null,
            "revenue": 1473325,
            "revenue_4q": null,
            "common_shares": 3475274,
            "book_valuer_per_share": 11.72,
            "book_valuer_per_share_4q_avg": 11.66,
            "equity": 4119720,
            "current_ratio": 170,
            "debt_ratio": 52.15,
            "inventory_turnover_ratio": 1.65,
            "account_receivable_turnover_ratio": 1.01,
            "reinvestment_rate": -66.9,
            "research_to_sale_ratio": null,
            "price_fair": 16.68,
            "eps_avg_yearly": 0.48,
            "eps_latest_yearly": 0.68,
            "eps_growth_yearly": 1143.7
        },
        "20154": {
            "year_quarter": 20154,
            "year": 2015,
            "quarter": 4,
            "eps": 0.08,
            "eps_growth_year": 65.24,
            "eps_4q": 0.24,
            "eps_4q_growth_year": null,
            "roe": 0.63,
            "roe_4q": 1.97,
            "gross_profit": 87606,
            "gross_margin": 4.1,
            "gross_margin_4q_avg": 3.85,
            "net_income": 26154,
            "net_income_4q": null,
            "revenue": 2136089,
            "revenue_4q": null,
            "common_shares": 3475274,
            "book_valuer_per_share": 11.8,
            "book_valuer_per_share_4q_avg": 11.72,
            "equity": 4146734,
            "current_ratio": 167.16,
            "debt_ratio": 53.36,
            "inventory_turnover_ratio": 2.19,
            "account_receivable_turnover_ratio": 1.13,
            "reinvestment_rate": -178.6,
            "research_to_sale_ratio": null,
            "price_fair": 12.09,
            "eps_avg_yearly": 0.35,
            "eps_latest_yearly": 0.68,
            "eps_growth_yearly": 411.31
        },
        "20161": {
            "year_quarter": 20161,
            "year": 2016,
            "quarter": 1,
            "eps": 0.02,
            "eps_growth_year": -75,
            "eps_4q": 0.17,
            "eps_4q_growth_year": null,
            "roe": 0.12,
            "roe_4q": 1.3900000000000001,
            "gross_profit": 55080,
            "gross_margin": 6.16,
            "gross_margin_4q_avg": 4.25,
            "net_income": 4813,
            "net_income_4q": null,
            "revenue": 894657,
            "revenue_4q": null,
            "common_shares": 3475274,
            "book_valuer_per_share": 11.79,
            "book_valuer_per_share_4q_avg": 11.76,
            "equity": 4163461,
            "current_ratio": 178.26,
            "debt_ratio": 50.4,
            "inventory_turnover_ratio": 0.86,
            "account_receivable_turnover_ratio": 0.53,
            "reinvestment_rate": -248.36,
            "research_to_sale_ratio": null,
            "price_fair": 11.96,
            "eps_avg_yearly": 0.34,
            "eps_latest_yearly": 0.08,
            "eps_growth_yearly": 418.12
        },
        "20162": {
            "year_quarter": 20162,
            "year": 2016,
            "quarter": 2,
            "eps": 0.06,
            "eps_growth_year": -64.71,
            "eps_4q": 0.06,
            "eps_4q_growth_year": -78.86,
            "roe": 0.45,
            "roe_4q": 0.3800000000000002,
            "gross_profit": 69316,
            "gross_margin": 5.62,
            "gross_margin_4q_avg": 4.15,
            "net_income": 18747,
            "net_income_4q": null,
            "revenue": 1234117,
            "revenue_4q": null,
            "common_shares": 3475274,
            "book_valuer_per_share": 11.8,
            "book_valuer_per_share_4q_avg": 11.78,
            "equity": 4164550,
            "current_ratio": 177.6,
            "debt_ratio": 50.22,
            "inventory_turnover_ratio": 1.13,
            "account_receivable_turnover_ratio": 0.88,
            "reinvestment_rate": -526.36,
            "research_to_sale_ratio": null,
            "price_fair": 10.31,
            "eps_avg_yearly": 0.29,
            "eps_latest_yearly": 0.24,
            "eps_growth_yearly": 296.91
        },
        "20163": {
            "year_quarter": 20163,
            "year": 2016,
            "quarter": 3,
            "eps": 0.09,
            "eps_growth_year": null,
            "eps_4q": 0.24,
            "eps_4q_growth_year": 15.92,
            "roe": 0.72,
            "roe_4q": 1.92,
            "gross_profit": 72162,
            "gross_margin": 6.2,
            "gross_margin_4q_avg": 5.52,
            "net_income": 30210,
            "net_income_4q": null,
            "revenue": 1163542,
            "revenue_4q": null,
            "common_shares": 3475274,
            "book_valuer_per_share": 11.84,
            "book_valuer_per_share_4q_avg": 11.81,
            "equity": 4179083,
            "current_ratio": 179.49,
            "debt_ratio": 50.08,
            "inventory_turnover_ratio": 0.99,
            "account_receivable_turnover_ratio": 0.68,
            "reinvestment_rate": -568.26,
            "research_to_sale_ratio": null,
            "price_fair": 10.95,
            "eps_avg_yearly": 0.31,
            "eps_latest_yearly": 0.36,
            "eps_growth_yearly": 343.8
        },
        "20164": {
            "year_quarter": 20164,
            "year": 2016,
            "quarter": 4,
            "eps": 0.1,
            "eps_growth_year": 24.75,
            "eps_4q": 0.26,
            "eps_4q_growth_year": 9.1,
            "roe": 0.71,
            "roe_4q": 2,
            "gross_profit": 103022,
            "gross_margin": 10.33,
            "gross_margin_4q_avg": 7.08,
            "net_income": 30161,
            "net_income_4q": null,
            "revenue": 997275,
            "revenue_4q": null,
            "common_shares": 3475274,
            "book_valuer_per_share": 12.17,
            "book_valuer_per_share_4q_avg": 11.9,
            "equity": 4328414,
            "current_ratio": 183.59,
            "debt_ratio": 48.92,
            "inventory_turnover_ratio": 0.75,
            "account_receivable_turnover_ratio": 0.69,
            "reinvestment_rate": -601.11,
            "research_to_sale_ratio": null,
            "price_fair": 10.82,
            "eps_avg_yearly": 0.31,
            "eps_latest_yearly": 0.4,
            "eps_growth_yearly": 284.21
        },
        "20171": {
            "year_quarter": 20171,
            "year": 2017,
            "quarter": 1,
            "eps": 0.04,
            "eps_growth_year": 100,
            "eps_4q": 0.29,
            "eps_4q_growth_year": 69.34,
            "roe": 0.31,
            "roe_4q": 2.19,
            "gross_profit": 58765,
            "gross_margin": 6.04,
            "gross_margin_4q_avg": 7.05,
            "net_income": 13227,
            "net_income_4q": null,
            "revenue": 972694,
            "revenue_4q": null,
            "common_shares": 3475274,
            "book_valuer_per_share": 12.16,
            "book_valuer_per_share_4q_avg": 11.99,
            "equity": 4325669,
            "current_ratio": 185.46,
            "debt_ratio": 48.35,
            "inventory_turnover_ratio": 0.72,
            "account_receivable_turnover_ratio": 1.05,
            "reinvestment_rate": 259.36,
            "research_to_sale_ratio": null,
            "price_fair": 10.69,
            "eps_avg_yearly": 0.31,
            "eps_latest_yearly": 0.16,
            "eps_growth_yearly": 282.22
        },
        "20172": {
            "year_quarter": 20172,
            "year": 2017,
            "quarter": 2,
            "eps": 0.04,
            "eps_growth_year": -33.33,
            "eps_4q": 0.26,
            "eps_4q_growth_year": 368.28,
            "roe": 0.25,
            "roe_4q": 1.99,
            "gross_profit": 65767,
            "gross_margin": 6.06,
            "gross_margin_4q_avg": 7.16,
            "net_income": 10835,
            "net_income_4q": null,
            "revenue": 1085922,
            "revenue_4q": null,
            "common_shares": 3475274,
            "book_valuer_per_share": 12.07,
            "book_valuer_per_share_4q_avg": 12.06,
            "equity": 4292520,
            "current_ratio": 184.95,
            "debt_ratio": 49.61,
            "inventory_turnover_ratio": 0.77,
            "account_receivable_turnover_ratio": 1.11,
            "reinvestment_rate": 177.42,
            "research_to_sale_ratio": null,
            "price_fair": 11.07,
            "eps_avg_yearly": 0.32,
            "eps_latest_yearly": 0.16,
            "eps_growth_yearly": 311.31
        },
        "20173": {
            "year_quarter": 20173,
            "year": 2017,
            "quarter": 3,
            "eps": -0.01,
            "eps_growth_year": -111.11,
            "eps_4q": 0.17,
            "eps_4q_growth_year": -30.01,
            "roe": -0.06,
            "roe_4q": 1.21,
            "gross_profit": 32495,
            "gross_margin": 3.73,
            "gross_margin_4q_avg": 6.54,
            "net_income": -2721,
            "net_income_4q": null,
            "revenue": 872000,
            "revenue_4q": null,
            "common_shares": 3475274,
            "book_valuer_per_share": 12.05,
            "book_valuer_per_share_4q_avg": 12.11,
            "equity": 4284781,
            "current_ratio": 196.18,
            "debt_ratio": 47.52,
            "inventory_turnover_ratio": 0.63,
            "account_receivable_turnover_ratio": 0.73,
            "reinvestment_rate": 152.46,
            "research_to_sale_ratio": null,
            "price_fair": 11.48,
            "eps_avg_yearly": 0.33,
            "eps_latest_yearly": 0.16,
            "eps_growth_yearly": 182.44
        },
        "20174": {
            "year_quarter": 20174,
            "year": 2017,
            "quarter": 4,
            "eps": -1.08,
            "eps_growth_year": -1216.25,
            "eps_4q": -1.01,
            "eps_4q_growth_year": -486.23,
            "roe": -9.02,
            "roe_4q": -8.52,
            "gross_profit": -401479,
            "gross_margin": -48.47,
            "gross_margin_4q_avg": -8.16,
            "net_income": -376675,
            "net_income_4q": null,
            "revenue": 828319,
            "revenue_4q": null,
            "common_shares": 3475274,
            "book_valuer_per_share": 10.96,
            "book_valuer_per_share_4q_avg": 11.81,
            "equity": 4064062,
            "current_ratio": 175.73,
            "debt_ratio": 52.47,
            "inventory_turnover_ratio": 0.91,
            "account_receivable_turnover_ratio": 0.69,
            "reinvestment_rate": null,
            "research_to_sale_ratio": null,
            "price_fair": 10.27,
            "eps_avg_yearly": 0.29,
            "eps_latest_yearly": 0.16,
            "eps_growth_yearly": 104.94
        },
        "20181": {
            "year_quarter": 20181,
            "year": 2018,
            "quarter": 1,
            "eps": 0.09,
            "eps_growth_year": 125,
            "eps_4q": -0.96,
            "eps_4q_growth_year": -434.41,
            "roe": 0.73,
            "roe_4q": -8.1,
            "gross_profit": 27766,
            "gross_margin": 4.04,
            "gross_margin_4q_avg": -8.66,
            "net_income": 29830,
            "net_income_4q": null,
            "revenue": 687461,
            "revenue_4q": null,
            "common_shares": 3475274,
            "book_valuer_per_share": 11.04,
            "book_valuer_per_share_4q_avg": 11.53,
            "equity": 4091162,
            "current_ratio": 170.58,
            "debt_ratio": 53.67,
            "inventory_turnover_ratio": 0.49,
            "account_receivable_turnover_ratio": 0.59,
            "reinvestment_rate": null,
            "research_to_sale_ratio": null,
            "price_fair": 10.5,
            "eps_avg_yearly": 0.3,
            "eps_latest_yearly": 0.16,
            "eps_growth_yearly": 149.31
        },
        "20182": {
            "year_quarter": 20182,
            "year": 2018,
            "quarter": 2,
            "eps": -0.07,
            "eps_growth_year": -275,
            "eps_4q": -1.07,
            "eps_4q_growth_year": -505.05,
            "roe": -0.6,
            "roe_4q": -8.95,
            "gross_profit": 11828,
            "gross_margin": 1.32,
            "gross_margin_4q_avg": -9.85,
            "net_income": -23951,
            "net_income_4q": null,
            "revenue": 894690,
            "revenue_4q": null,
            "common_shares": 3475274,
            "book_valuer_per_share": 10.38,
            "book_valuer_per_share_4q_avg": 11.11,
            "equity": 3860546,
            "current_ratio": 157.97,
            "debt_ratio": 57.79,
            "inventory_turnover_ratio": 0.64,
            "account_receivable_turnover_ratio": 0.71,
            "reinvestment_rate": null,
            "research_to_sale_ratio": null,
            "price_fair": 10.5,
            "eps_avg_yearly": 0.3,
            "eps_latest_yearly": 0.16,
            "eps_growth_yearly": 149.31
        },
        "20183": {
            "year_quarter": 20183,
            "year": 2018,
            "quarter": 3,
            "eps": -0.24,
            "eps_growth_year": null,
            "eps_4q": -1.3,
            "eps_4q_growth_year": -868.94,
            "roe": -2.22,
            "roe_4q": -11.11,
            "gross_profit": -60648,
            "gross_margin": -6.99,
            "gross_margin_4q_avg": -12.53,
            "net_income": -84662,
            "net_income_4q": null,
            "revenue": 867063,
            "revenue_4q": null,
            "common_shares": 3475274,
            "book_valuer_per_share": 10.15,
            "book_valuer_per_share_4q_avg": 10.63,
            "equity": 3779015,
            "current_ratio": 164.81,
            "debt_ratio": 59.52,
            "inventory_turnover_ratio": 0.59,
            "account_receivable_turnover_ratio": 0.63,
            "reinvestment_rate": null,
            "research_to_sale_ratio": null,
            "price_fair": 10.5,
            "eps_avg_yearly": 0.3,
            "eps_latest_yearly": 0.16,
            "eps_growth_yearly": 149.31
        },
        "20184": {
            "year_quarter": 20184,
            "year": 2018,
            "quarter": 4,
            "eps": 0.02,
            "eps_growth_year": null,
            "eps_4q": -0.2,
            "eps_4q_growth_year": null,
            "roe": 0.23,
            "roe_4q": -1.8600000000000003,
            "gross_profit": 53042,
            "gross_margin": 3.8,
            "gross_margin_4q_avg": 0.54,
            "net_income": 8712,
            "net_income_4q": null,
            "revenue": 1394797,
            "revenue_4q": null,
            "common_shares": 3475274,
            "book_valuer_per_share": 10.25,
            "book_valuer_per_share_4q_avg": 10.46,
            "equity": 3815302,
            "current_ratio": 164.23,
            "debt_ratio": 61.28,
            "inventory_turnover_ratio": 0.78,
            "account_receivable_turnover_ratio": 1.2,
            "reinvestment_rate": null,
            "research_to_sale_ratio": null,
            "price_fair": 10.5,
            "eps_avg_yearly": 0.3,
            "eps_latest_yearly": 0.16,
            "eps_growth_yearly": 149.31
        },
        "20191": {
            "year_quarter": 20191,
            "year": 2019,
            "quarter": 1,
            "eps": -0.05,
            "eps_growth_year": -155.56,
            "eps_4q": -0.33,
            "eps_4q_growth_year": null,
            "roe": -0.44,
            "roe_4q": -3.0300000000000002,
            "gross_profit": 26556,
            "gross_margin": 3.28,
            "gross_margin_4q_avg": 0.35,
            "net_income": -16676,
            "net_income_4q": null,
            "revenue": 810622,
            "revenue_4q": null,
            "common_shares": 3475274,
            "book_valuer_per_share": 10.29,
            "book_valuer_per_share_4q_avg": 10.27,
            "equity": 3829799,
            "current_ratio": 171.24,
            "debt_ratio": 60.06,
            "inventory_turnover_ratio": 0.47,
            "account_receivable_turnover_ratio": 1.22,
            "reinvestment_rate": null,
            "research_to_sale_ratio": null,
            "price_fair": 10.4,
            "eps_avg_yearly": 0.3,
            "eps_latest_yearly": 0.16,
            "eps_growth_yearly": 136.35
        },
        "20192": {
            "year_quarter": 20192,
            "year": 2019,
            "quarter": 2,
            "eps": -0.02,
            "eps_growth_year": null,
            "eps_4q": -0.29,
            "eps_4q_growth_year": null,
            "roe": -0.25,
            "roe_4q": -2.68,
            "gross_profit": 40515,
            "gross_margin": 3.65,
            "gross_margin_4q_avg": 0.94,
            "net_income": -9481,
            "net_income_4q": null,
            "revenue": 1110163,
            "revenue_4q": null,
            "common_shares": 3475274,
            "book_valuer_per_share": 10.39,
            "book_valuer_per_share_4q_avg": 10.27,
            "equity": 3862428,
            "current_ratio": 170.59,
            "debt_ratio": 61.32,
            "inventory_turnover_ratio": 0.64,
            "account_receivable_turnover_ratio": 2.58,
            "reinvestment_rate": null,
            "research_to_sale_ratio": null,
            "price_fair": 8.17,
            "eps_avg_yearly": 0.23,
            "eps_latest_yearly": 0.16,
            "eps_growth_yearly": 84.07
        },
        "20193": {
            "year_quarter": 20193,
            "year": 2019,
            "quarter": 3,
            "eps": 0.05,
            "eps_growth_year": null,
            "eps_4q": 0,
            "eps_4q_growth_year": null,
            "roe": 0.6,
            "roe_4q": 0.13999999999999999,
            "gross_profit": 57194,
            "gross_margin": 5.19,
            "gross_margin_4q_avg": 3.98,
            "net_income": 23313,
            "net_income_4q": null,
            "revenue": 1101165,
            "revenue_4q": null,
            "common_shares": 3475274,
            "book_valuer_per_share": 10.51,
            "book_valuer_per_share_4q_avg": 10.36,
            "equity": 3908279,
            "current_ratio": 167.17,
            "debt_ratio": 59.54,
            "inventory_turnover_ratio": 0.63,
            "account_receivable_turnover_ratio": 2.18,
            "reinvestment_rate": null,
            "research_to_sale_ratio": null,
            "price_fair": 8.17,
            "eps_avg_yearly": 0.23,
            "eps_latest_yearly": 0.16,
            "eps_growth_yearly": 84.07
        },
        "20194": {
            "year_quarter": 20194,
            "year": 2019,
            "quarter": 4,
            "eps": -0.04,
            "eps_growth_year": -272.74,
            "eps_4q": -0.05,
            "eps_4q_growth_year": null,
            "roe": -0.42,
            "roe_4q": -0.51,
            "gross_profit": 48524,
            "gross_margin": 3.85,
            "gross_margin_4q_avg": 3.99,
            "net_income": -17915,
            "net_income_4q": null,
            "revenue": 1260954,
            "revenue_4q": null,
            "common_shares": 4475274,
            "book_valuer_per_share": 9.54,
            "book_valuer_per_share_4q_avg": 10.18,
            "equity": 4525722,
            "current_ratio": 183.7,
            "debt_ratio": 52.45,
            "inventory_turnover_ratio": 1.14,
            "account_receivable_turnover_ratio": 2.36,
            "reinvestment_rate": null,
            "research_to_sale_ratio": null,
            "price_fair": 8.17,
            "eps_avg_yearly": 0.23,
            "eps_latest_yearly": 0.16,
            "eps_growth_yearly": 84.07
        },
        "20201": {
            "year_quarter": 20201,
            "year": 2020,
            "quarter": 1,
            "eps": 0,
            "eps_growth_year": null,
            "eps_4q": -0.02,
            "eps_4q_growth_year": null,
            "roe": 0.01,
            "roe_4q": -0.06,
            "gross_profit": 41781,
            "gross_margin": 4.24,
            "gross_margin_4q_avg": 4.23,
            "net_income": 559,
            "net_income_4q": null,
            "revenue": 984800,
            "revenue_4q": null,
            "common_shares": 4475274,
            "book_valuer_per_share": 9.53,
            "book_valuer_per_share_4q_avg": 9.99,
            "equity": 4520297,
            "current_ratio": 184.19,
            "debt_ratio": 51.46,
            "inventory_turnover_ratio": 2,
            "account_receivable_turnover_ratio": 1.65,
            "reinvestment_rate": null,
            "research_to_sale_ratio": null,
            "price_fair": 9.24,
            "eps_avg_yearly": 0.26,
            "eps_latest_yearly": 0.16,
            "eps_growth_yearly": 160.89
        },
        "20202": {
            "year_quarter": 20202,
            "year": 2020,
            "quarter": 2,
            "eps": 4.27,
            "eps_growth_year": null,
            "eps_4q": 4.27,
            "eps_4q_growth_year": null,
            "roe": 34.81,
            "roe_4q": 35,
            "gross_profit": 2080961,
            "gross_margin": 42.71,
            "gross_margin_4q_avg": 14,
            "net_income": 1908479,
            "net_income_4q": null,
            "revenue": 4872647,
            "revenue_4q": null,
            "common_shares": 4475274,
            "book_valuer_per_share": 13.83,
            "book_valuer_per_share_4q_avg": 10.85,
            "equity": 6445933,
            "current_ratio": 255.5,
            "debt_ratio": 37.37,
            "inventory_turnover_ratio": 6.02,
            "account_receivable_turnover_ratio": 6.98,
            "reinvestment_rate": -30.79,
            "research_to_sale_ratio": null,
            "price_fair": 3,
            "eps_avg_yearly": 0.27,
            "eps_latest_yearly": 0.16,
            "eps_growth_yearly": 1.11
        },
        "20203": {
            "year_quarter": 20203,
            "year": 2020,
            "quarter": 3,
            "eps": -1.16,
            "eps_growth_year": -2420,
            "eps_4q": 3.07,
            "eps_4q_growth_year": 90612.32,
            "roe": -8.39,
            "roe_4q": 26.01,
            "gross_profit": -131171,
            "gross_margin": -23.21,
            "gross_margin_4q_avg": 6.9,
            "net_income": -519676,
            "net_income_4q": null,
            "revenue": 565084,
            "revenue_4q": null,
            "common_shares": 4475274,
            "book_valuer_per_share": 12.7,
            "book_valuer_per_share_4q_avg": 11.4,
            "equity": 5938261,
            "current_ratio": 310.57,
            "debt_ratio": 30.89,
            "inventory_turnover_ratio": 1.5,
            "account_receivable_turnover_ratio": 1.62,
            "reinvestment_rate": -45.91,
            "research_to_sale_ratio": null,
            "price_fair": 0.72,
            "eps_avg_yearly": 0.24,
            "eps_latest_yearly": 0.16,
            "eps_growth_yearly": -65.19
        },
        "20204": {
            "year_quarter": 20204,
            "year": 2020,
            "quarter": 4,
            "eps": -0.85,
            "eps_growth_year": null,
            "eps_4q": 2.26,
            "eps_4q_growth_year": null,
            "roe": -6.64,
            "roe_4q": 19.790000000000003,
            "gross_profit": -99956,
            "gross_margin": -13.56,
            "gross_margin_4q_avg": 2.55,
            "net_income": -382241,
            "net_income_4q": null,
            "revenue": 737199,
            "revenue_4q": null,
            "common_shares": 4475274,
            "book_valuer_per_share": 11.89,
            "book_valuer_per_share_4q_avg": 11.99,
            "equity": 5575914,
            "current_ratio": 290.53,
            "debt_ratio": 33.04,
            "inventory_turnover_ratio": 1.81,
            "account_receivable_turnover_ratio": null,
            "reinvestment_rate": -99.29,
            "research_to_sale_ratio": null,
            "price_fair": 0.48,
            "eps_avg_yearly": 0.16,
            "eps_latest_yearly": 0.16,
            "eps_growth_yearly": -120
        },
        "20211": {
            "year_quarter": 20211,
            "year": 2021,
            "quarter": 1,
            "eps": 0.05,
            "eps_growth_year": null,
            "eps_4q": 2.31,
            "eps_4q_growth_year": null,
            "roe": 0.42,
            "roe_4q": 20.200000000000003,
            "gross_profit": 74506,
            "gross_margin": 14.08,
            "gross_margin_4q_avg": 5.01,
            "net_income": 23225,
            "net_income_4q": null,
            "revenue": 529260,
            "revenue_4q": null,
            "common_shares": 4475274,
            "book_valuer_per_share": 11.94,
            "book_valuer_per_share_4q_avg": 12.59,
            "equity": 5595666,
            "current_ratio": 304.31,
            "debt_ratio": 32.65,
            "inventory_turnover_ratio": 0.98,
            "account_receivable_turnover_ratio": 37.31,
            "reinvestment_rate": -96.44,
            "research_to_sale_ratio": null,
            "price_fair": 1.6,
            "eps_avg_yearly": 0.16,
            "eps_latest_yearly": 0.16,
            "eps_growth_yearly": 0
        },
        "20212": {
            "year_quarter": 20212,
            "year": 2021,
            "quarter": 2,
            "eps": 0.07,
            "eps_growth_year": -98.36,
            "eps_4q": -1.89,
            "eps_4q_growth_year": -144.16,
            "roe": 0.58,
            "roe_4q": -14.030000000000001,
            "gross_profit": 75287,
            "gross_margin": 8.65,
            "gross_margin_4q_avg": -3.51,
            "net_income": 32581,
            "net_income_4q": null,
            "revenue": 870638,
            "revenue_4q": null,
            "common_shares": 4475274,
            "book_valuer_per_share": 12.06,
            "book_valuer_per_share_4q_avg": 12.15,
            "equity": 5648740,
            "current_ratio": 344.89,
            "debt_ratio": 28.82,
            "inventory_turnover_ratio": 1.72,
            "account_receivable_turnover_ratio": 61.38,
            "reinvestment_rate": -93.68,
            "research_to_sale_ratio": null,
            "price_fair": 9.8,
            "eps_avg_yearly": 0.28,
            "eps_latest_yearly": 0.28,
            "eps_growth_yearly": 160
        },
        "20213": {
            "year_quarter": 20213,
            "year": 2021,
            "quarter": 3,
            "eps": 0.05,
            "eps_growth_year": null,
            "eps_4q": -0.61,
            "eps_4q_growth_year": -119.9,
            "roe": 0.44,
            "roe_4q": -5.199999999999999,
            "gross_profit": 84663,
            "gross_margin": 7.41,
            "gross_margin_4q_avg": 4.15,
            "net_income": 24201,
            "net_income_4q": null,
            "revenue": 1141958,
            "revenue_4q": null,
            "common_shares": 4922802,
            "book_valuer_per_share": 10.83,
            "book_valuer_per_share_4q_avg": 11.68,
            "equity": 5331410,
            "current_ratio": 298.1,
            "debt_ratio": 32.29,
            "inventory_turnover_ratio": 2.28,
            "account_receivable_turnover_ratio": null,
            "reinvestment_rate": -86.05,
            "research_to_sale_ratio": null,
            "price_fair": 7.89,
            "eps_avg_yearly": 0.24,
            "eps_latest_yearly": 0.2,
            "eps_growth_yearly": 22.86
        },
        "20214": {
            "year_quarter": 20214,
            "year": 2021,
            "quarter": 4,
            "eps": -0.09,
            "eps_growth_year": null,
            "eps_4q": 0.07,
            "eps_4q_growth_year": -96.83,
            "roe": -0.86,
            "roe_4q": 0.58,
            "gross_profit": 73466,
            "gross_margin": 6.9,
            "gross_margin_4q_avg": 9.26,
            "net_income": -45720,
            "net_income_4q": null,
            "revenue": 1065214,
            "revenue_4q": null,
            "common_shares": 4922802,
            "book_valuer_per_share": 10.73,
            "book_valuer_per_share_4q_avg": 11.39,
            "equity": 5284116,
            "current_ratio": 313.17,
            "debt_ratio": 32.27,
            "inventory_turnover_ratio": 2.25,
            "account_receivable_turnover_ratio": 10144.9,
            "reinvestment_rate": -52.99,
            "research_to_sale_ratio": null,
            "price_fair": 7.89,
            "eps_avg_yearly": 0.24,
            "eps_latest_yearly": 0.2,
            "eps_growth_yearly": 22.86
        },
        "20221": {
            "year_quarter": 20221,
            "year": 2022,
            "quarter": 1,
            "eps": -0.03,
            "eps_growth_year": -160,
            "eps_4q": -0,
            "eps_4q_growth_year": -100.16,
            "roe": -0.26,
            "roe_4q": -0.1000000000000002,
            "gross_profit": 42017,
            "gross_margin": 4.73,
            "gross_margin_4q_avg": 6.92,
            "net_income": -13683,
            "net_income_4q": null,
            "revenue": 888000,
            "revenue_4q": null,
            "common_shares": 4922802,
            "book_valuer_per_share": 10.72,
            "book_valuer_per_share_4q_avg": 11.09,
            "equity": 5277950,
            "current_ratio": 311.81,
            "debt_ratio": 30.5,
            "inventory_turnover_ratio": 2.03,
            "account_receivable_turnover_ratio": 31.85,
            "reinvestment_rate": -34.69,
            "research_to_sale_ratio": null,
            "price_fair": 7.89,
            "eps_avg_yearly": 0.24,
            "eps_latest_yearly": 0.2,
            "eps_growth_yearly": 22.86
        },
        "20222": {
            "year_quarter": 20222,
            "year": 2022,
            "quarter": 2,
            "eps": -0.04,
            "eps_growth_year": -157.14,
            "eps_4q": -0.11,
            "eps_4q_growth_year": null,
            "roe": -0.33,
            "roe_4q": -1.0100000000000002,
            "gross_profit": 41709,
            "gross_margin": 3.68,
            "gross_margin_4q_avg": 5.68,
            "net_income": -17601,
            "net_income_4q": null,
            "revenue": 1132963,
            "revenue_4q": null,
            "common_shares": 4922802,
            "book_valuer_per_share": 10.64,
            "book_valuer_per_share_4q_avg": 10.73,
            "equity": 5239362,
            "current_ratio": 325.37,
            "debt_ratio": 30.17,
            "inventory_turnover_ratio": 2.61,
            "account_receivable_turnover_ratio": 40.79,
            "reinvestment_rate": -32.19,
            "research_to_sale_ratio": null,
            "price_fair": 7.89,
            "eps_avg_yearly": 0.24,
            "eps_latest_yearly": 0.2,
            "eps_growth_yearly": 22.86
        },
        "20223": {
            "year_quarter": 20223,
            "year": 2022,
            "quarter": 3,
            "eps": 0,
            "eps_growth_year": -100,
            "eps_4q": -0.16,
            "eps_4q_growth_year": null,
            "roe": -0.02,
            "roe_4q": -1.4700000000000002,
            "gross_profit": 39824,
            "gross_margin": 2.63,
            "gross_margin_4q_avg": 4.49,
            "net_income": -816,
            "net_income_4q": null,
            "revenue": 1514332,
            "revenue_4q": null,
            "common_shares": 4922802,
            "book_valuer_per_share": 10.64,
            "book_valuer_per_share_4q_avg": 10.68,
            "equity": 5236258,
            "current_ratio": 303.74,
            "debt_ratio": 32.12,
            "inventory_turnover_ratio": 3.53,
            "account_receivable_turnover_ratio": 14021.59,
            "reinvestment_rate": -26.6,
            "research_to_sale_ratio": null,
            "price_fair": 7.89,
            "eps_avg_yearly": 0.24,
            "eps_latest_yearly": 0.2,
            "eps_growth_yearly": 22.86
        },
        "20224": {
            "year_quarter": 20224,
            "year": 2022,
            "quarter": 4,
            "eps": 0.09,
            "eps_growth_year": null,
            "eps_4q": 0.02,
            "eps_4q_growth_year": -69.41,
            "roe": 0.81,
            "roe_4q": 0.2,
            "gross_profit": 96375,
            "gross_margin": 8.84,
            "gross_margin_4q_avg": 4.97,
            "net_income": 42862,
            "net_income_4q": null,
            "revenue": 1090219,
            "revenue_4q": null,
            "common_shares": 4922802,
            "book_valuer_per_share": 10.73,
            "book_valuer_per_share_4q_avg": 10.68,
            "equity": 5284389,
            "current_ratio": 351.3,
            "debt_ratio": 27.86,
            "inventory_turnover_ratio": 2.38,
            "account_receivable_turnover_ratio": 12.62,
            "reinvestment_rate": -23.32,
            "research_to_sale_ratio": null,
            "price_fair": 7.89,
            "eps_avg_yearly": 0.24,
            "eps_latest_yearly": 0.2,
            "eps_growth_yearly": 22.86
        },
        "20231": {
            "year_quarter": 20231,
            "year": 2023,
            "quarter": 1,
            "eps": -0.17,
            "eps_growth_year": null,
            "eps_4q": -0.12,
            "eps_4q_growth_year": null,
            "roe": -1.57,
            "roe_4q": -1.11,
            "gross_profit": 42239,
            "gross_margin": 4.15,
            "gross_margin_4q_avg": 4.83,
            "net_income": -82474,
            "net_income_4q": null,
            "revenue": 1016774,
            "revenue_4q": null,
            "common_shares": 4922802,
            "book_valuer_per_share": 10.59,
            "book_valuer_per_share_4q_avg": 10.65,
            "equity": 5212994,
            "current_ratio": 371.65,
            "debt_ratio": 26.5,
            "inventory_turnover_ratio": 2.33,
            "account_receivable_turnover_ratio": 10.94,
            "reinvestment_rate": -24.23,
            "research_to_sale_ratio": null,
            "price_fair": 7.89,
            "eps_avg_yearly": 0.24,
            "eps_latest_yearly": 0.2,
            "eps_growth_yearly": 22.86
        },
        "20232": {
            "year_quarter": 20232,
            "year": 2023,
            "quarter": 2,
            "eps": 0.18,
            "eps_growth_year": null,
            "eps_4q": 0.1,
            "eps_4q_growth_year": null,
            "roe": 1.72,
            "roe_4q": 0.94,
            "gross_profit": 124581,
            "gross_margin": 9.19,
            "gross_margin_4q_avg": 6.2,
            "net_income": 90355,
            "net_income_4q": null,
            "revenue": 1356090,
            "revenue_4q": null,
            "common_shares": 4922802,
            "book_valuer_per_share": 10.8,
            "book_valuer_per_share_4q_avg": 10.69,
            "equity": 5318492,
            "current_ratio": 370.63,
            "debt_ratio": 28.44,
            "inventory_turnover_ratio": 2.95,
            "account_receivable_turnover_ratio": 50.86,
            "reinvestment_rate": -17.31,
            "research_to_sale_ratio": null,
            "price_fair": 7.89,
            "eps_avg_yearly": 0.24,
            "eps_latest_yearly": 0.2,
            "eps_growth_yearly": 22.86
        }
    },
    "months": {
        "2001-06": {
            "month": "2001-06",
            "price": "2.78",
            "revenue": 370169
        },
        "2001-07": {
            "month": "2001-07",
            "price": "2.50",
            "revenue": 397646
        },
        "2001-08": {
            "month": "2001-08",
            "price": "2.33",
            "revenue": 593023
        },
        "2001-09": {
            "month": "2001-09",
            "price": "2.10",
            "revenue": 439774
        },
        "2001-10": {
            "month": "2001-10",
            "price": "2.06",
            "revenue": 533443
        },
        "2001-11": {
            "month": "2001-11",
            "price": "1.96",
            "revenue": 698394
        },
        "2001-12": {
            "month": "2001-12",
            "price": "2.04",
            "revenue": 607283
        },
        "2002-01": {
            "month": "2002-01",
            "price": "1.87",
            "revenue": 558846
        },
        "2002-02": {
            "month": "2002-02",
            "price": "2.03",
            "revenue": 376528
        },
        "2002-03": {
            "month": "2002-03",
            "price": "2.42",
            "revenue": 337725
        },
        "2002-04": {
            "month": "2002-04",
            "price": "3.57",
            "revenue": 230889
        },
        "2002-05": {
            "month": "2002-05",
            "price": "3.46",
            "revenue": 444929
        },
        "2002-06": {
            "month": "2002-06",
            "price": "3.30",
            "revenue": 478081
        },
        "2002-07": {
            "month": "2002-07",
            "price": "3.27",
            "revenue": 491365
        },
        "2002-08": {
            "month": "2002-08",
            "price": "3.18",
            "revenue": 435738
        },
        "2002-09": {
            "month": "2002-09",
            "price": "2.67",
            "revenue": 356696
        },
        "2002-10": {
            "month": "2002-10",
            "price": "2.33",
            "revenue": 351375
        },
        "2002-11": {
            "month": "2002-11",
            "price": "2.33",
            "revenue": 330011
        },
        "2002-12": {
            "month": "2002-12",
            "price": "2.66",
            "revenue": 434665
        },
        "2003-01": {
            "month": "2003-01",
            "price": "3.23",
            "revenue": 333652
        },
        "2003-02": {
            "month": "2003-02",
            "price": "3.61",
            "revenue": 241669
        },
        "2003-03": {
            "month": "2003-03",
            "price": "3.26",
            "revenue": 201144
        },
        "2003-04": {
            "month": "2003-04",
            "price": "3.36",
            "revenue": 169106
        },
        "2003-05": {
            "month": "2003-05",
            "price": "5.43",
            "revenue": 283484
        },
        "2003-06": {
            "month": "2003-06",
            "price": "6.87",
            "revenue": 165058
        },
        "2003-07": {
            "month": "2003-07",
            "price": "6.64",
            "revenue": 187147
        },
        "2003-08": {
            "month": "2003-08",
            "price": "6.30",
            "revenue": 282909
        },
        "2003-09": {
            "month": "2003-09",
            "price": "6.15",
            "revenue": 195408
        },
        "2003-10": {
            "month": "2003-10",
            "price": "6.21",
            "revenue": 235228
        },
        "2003-11": {
            "month": "2003-11",
            "price": "6.05",
            "revenue": 381269
        },
        "2003-12": {
            "month": "2003-12",
            "price": "5.87",
            "revenue": 235068
        },
        "2004-01": {
            "month": "2004-01",
            "price": "6.66",
            "revenue": 253883
        },
        "2004-02": {
            "month": "2004-02",
            "price": "8.18",
            "revenue": 179118
        },
        "2004-03": {
            "month": "2004-03",
            "price": "7.89",
            "revenue": 280501
        },
        "2004-04": {
            "month": "2004-04",
            "price": "9.82",
            "revenue": 457575
        },
        "2004-05": {
            "month": "2004-05",
            "price": "12.11",
            "revenue": 305901
        },
        "2004-06": {
            "month": "2004-06",
            "price": "12.26",
            "revenue": 496497
        },
        "2004-07": {
            "month": "2004-07",
            "price": "14.30",
            "revenue": 330256
        },
        "2004-08": {
            "month": "2004-08",
            "price": "14.31",
            "revenue": 300022
        },
        "2004-09": {
            "month": "2004-09",
            "price": "16.61",
            "revenue": 282929
        },
        "2004-10": {
            "month": "2004-10",
            "price": "15.53",
            "revenue": 171938
        },
        "2004-11": {
            "month": "2004-11",
            "price": "14.85",
            "revenue": 218174
        },
        "2004-12": {
            "month": "2004-12",
            "price": "14.88",
            "revenue": 380954
        },
        "2005-01": {
            "month": "2005-01",
            "price": "16.40",
            "revenue": 429931
        },
        "2005-02": {
            "month": "2005-02",
            "price": "16.65",
            "revenue": 203018
        },
        "2005-03": {
            "month": "2005-03",
            "price": "15.96",
            "revenue": 337577
        },
        "2005-04": {
            "month": "2005-04",
            "price": "14.97",
            "revenue": 378577
        },
        "2005-05": {
            "month": "2005-05",
            "price": "15.04",
            "revenue": 178296
        },
        "2005-06": {
            "month": "2005-06",
            "price": "15.42",
            "revenue": 212607
        },
        "2005-07": {
            "month": "2005-07",
            "price": "13.30",
            "revenue": 236026
        },
        "2005-08": {
            "month": "2005-08",
            "price": "11.20",
            "revenue": 238057
        },
        "2005-09": {
            "month": "2005-09",
            "price": "9.65",
            "revenue": 221490
        },
        "2005-10": {
            "month": "2005-10",
            "price": "8.36",
            "revenue": 279353
        },
        "2005-11": {
            "month": "2005-11",
            "price": "7.75",
            "revenue": 885525
        },
        "2005-12": {
            "month": "2005-12",
            "price": "9.56",
            "revenue": 410561
        },
        "2006-01": {
            "month": "2006-01",
            "price": "10.25",
            "revenue": 408835
        },
        "2006-02": {
            "month": "2006-02",
            "price": "10.18",
            "revenue": 500776
        },
        "2006-03": {
            "month": "2006-03",
            "price": "8.95",
            "revenue": 288980
        },
        "2006-04": {
            "month": "2006-04",
            "price": "9.88",
            "revenue": 630353
        },
        "2006-05": {
            "month": "2006-05",
            "price": "12.31",
            "revenue": 710959
        },
        "2006-06": {
            "month": "2006-06",
            "price": "11.04",
            "revenue": 325995
        },
        "2006-07": {
            "month": "2006-07",
            "price": "10.95",
            "revenue": 528180
        },
        "2006-08": {
            "month": "2006-08",
            "price": "9.86",
            "revenue": 675043
        },
        "2006-09": {
            "month": "2006-09",
            "price": "9.60",
            "revenue": 481129
        },
        "2006-10": {
            "month": "2006-10",
            "price": "15.17",
            "revenue": 725778
        },
        "2006-11": {
            "month": "2006-11",
            "price": "20.91",
            "revenue": 691614
        },
        "2006-12": {
            "month": "2006-12",
            "price": "19.95",
            "revenue": 990641
        },
        "2007-01": {
            "month": "2007-01",
            "price": "16.86",
            "revenue": 807462
        },
        "2007-02": {
            "month": "2007-02",
            "price": "16.82",
            "revenue": 490769
        },
        "2007-03": {
            "month": "2007-03",
            "price": "17.53",
            "revenue": 459451
        },
        "2007-04": {
            "month": "2007-04",
            "price": "19.78",
            "revenue": 667574
        },
        "2007-05": {
            "month": "2007-05",
            "price": "20.51",
            "revenue": 997539
        },
        "2007-06": {
            "month": "2007-06",
            "price": "20.97",
            "revenue": 1025355
        },
        "2007-07": {
            "month": "2007-07",
            "price": "27.25",
            "revenue": 1222195
        },
        "2007-08": {
            "month": "2007-08",
            "price": "22.35",
            "revenue": 1082452
        },
        "2007-09": {
            "month": "2007-09",
            "price": "18.81",
            "revenue": 1319260
        },
        "2007-10": {
            "month": "2007-10",
            "price": "18.12",
            "revenue": 1359752
        },
        "2007-11": {
            "month": "2007-11",
            "price": "13.91",
            "revenue": 1360113
        },
        "2007-12": {
            "month": "2007-12",
            "price": "12.47",
            "revenue": 1766914
        },
        "2008-01": {
            "month": "2008-01",
            "price": "14.11",
            "revenue": 1207466
        },
        "2008-02": {
            "month": "2008-02",
            "price": "14.55",
            "revenue": 871545
        },
        "2008-03": {
            "month": "2008-03",
            "price": "16.24",
            "revenue": 1349985
        },
        "2008-04": {
            "month": "2008-04",
            "price": "18.71",
            "revenue": 1280660
        },
        "2008-05": {
            "month": "2008-05",
            "price": "17.10",
            "revenue": 1532403
        },
        "2008-06": {
            "month": "2008-06",
            "price": "13.79",
            "revenue": 803260
        },
        "2008-07": {
            "month": "2008-07",
            "price": "11.36",
            "revenue": 784229
        },
        "2008-08": {
            "month": "2008-08",
            "price": "9.82",
            "revenue": 725847
        },
        "2008-09": {
            "month": "2008-09",
            "price": "8.28",
            "revenue": 1350380
        },
        "2008-10": {
            "month": "2008-10",
            "price": "7.62",
            "revenue": 772877
        },
        "2008-11": {
            "month": "2008-11",
            "price": "8.06",
            "revenue": 873323
        },
        "2008-12": {
            "month": "2008-12",
            "price": "8.73",
            "revenue": 523367
        },
        "2009-01": {
            "month": "2009-01",
            "price": "8.30",
            "revenue": 395388
        },
        "2009-02": {
            "month": "2009-02",
            "price": "7.83",
            "revenue": 553322
        },
        "2009-03": {
            "month": "2009-03",
            "price": "7.78",
            "revenue": 1048747
        },
        "2009-04": {
            "month": "2009-04",
            "price": "9.35",
            "revenue": 786128
        },
        "2009-05": {
            "month": "2009-05",
            "price": "10.46",
            "revenue": 671468
        },
        "2009-06": {
            "month": "2009-06",
            "price": "12.56",
            "revenue": 1032242
        },
        "2009-07": {
            "month": "2009-07",
            "price": "12.38",
            "revenue": 441189
        },
        "2009-08": {
            "month": "2009-08",
            "price": "10.46",
            "revenue": 514742
        },
        "2009-09": {
            "month": "2009-09",
            "price": "10.66",
            "revenue": 637035
        },
        "2009-10": {
            "month": "2009-10",
            "price": "11.81",
            "revenue": 1052401
        },
        "2009-11": {
            "month": "2009-11",
            "price": "11.44",
            "revenue": 1071807
        },
        "2009-12": {
            "month": "2009-12",
            "price": "11.08",
            "revenue": 995980
        },
        "2010-01": {
            "month": "2010-01",
            "price": "12.28",
            "revenue": 934086
        },
        "2010-02": {
            "month": "2010-02",
            "price": "11.49",
            "revenue": 2068639
        },
        "2010-03": {
            "month": "2010-03",
            "price": "12.38",
            "revenue": 669330
        },
        "2010-04": {
            "month": "2010-04",
            "price": "13.50",
            "revenue": 855706
        },
        "2010-05": {
            "month": "2010-05",
            "price": "11.58",
            "revenue": 597656
        },
        "2010-06": {
            "month": "2010-06",
            "price": "11.53",
            "revenue": 564153
        },
        "2010-07": {
            "month": "2010-07",
            "price": "11.68",
            "revenue": 532926
        },
        "2010-08": {
            "month": "2010-08",
            "price": "12.05",
            "revenue": 391471
        },
        "2010-09": {
            "month": "2010-09",
            "price": "11.50",
            "revenue": 421336
        },
        "2010-10": {
            "month": "2010-10",
            "price": "11.33",
            "revenue": 371353
        },
        "2010-11": {
            "month": "2010-11",
            "price": "10.76",
            "revenue": 309373
        },
        "2010-12": {
            "month": "2010-12",
            "price": "12.20",
            "revenue": 413595
        },
        "2011-01": {
            "month": "2011-01",
            "price": "12.87",
            "revenue": 487546
        },
        "2011-02": {
            "month": "2011-02",
            "price": "12.40",
            "revenue": 383201
        },
        "2011-03": {
            "month": "2011-03",
            "price": "10.99",
            "revenue": 327866
        },
        "2011-04": {
            "month": "2011-04",
            "price": "11.71",
            "revenue": 332109
        },
        "2011-05": {
            "month": "2011-05",
            "price": "11.42",
            "revenue": 369308
        },
        "2011-06": {
            "month": "2011-06",
            "price": "10.93",
            "revenue": 438919
        },
        "2011-07": {
            "month": "2011-07",
            "price": "10.81",
            "revenue": 356471
        },
        "2011-08": {
            "month": "2011-08",
            "price": "9.64",
            "revenue": 273784
        },
        "2011-09": {
            "month": "2011-09",
            "price": "9.02",
            "revenue": 272182
        },
        "2011-10": {
            "month": "2011-10",
            "price": "9.27",
            "revenue": 303284
        },
        "2011-11": {
            "month": "2011-11",
            "price": "8.94",
            "revenue": 376442
        },
        "2011-12": {
            "month": "2011-12",
            "price": "7.92",
            "revenue": 440342
        },
        "2012-01": {
            "month": "2012-01",
            "price": "7.42",
            "revenue": 180804
        },
        "2012-02": {
            "month": "2012-02",
            "price": "8.42",
            "revenue": 196758
        },
        "2012-03": {
            "month": "2012-03",
            "price": "8.38",
            "revenue": 254110
        },
        "2012-04": {
            "month": "2012-04",
            "price": "7.75",
            "revenue": 217502
        },
        "2012-05": {
            "month": "2012-05",
            "price": "7.79",
            "revenue": 251242
        },
        "2012-06": {
            "month": "2012-06",
            "price": "7.69",
            "revenue": 1133388
        },
        "2012-07": {
            "month": "2012-07",
            "price": "7.91",
            "revenue": 179176
        },
        "2012-08": {
            "month": "2012-08",
            "price": "7.68",
            "revenue": 189912
        },
        "2012-09": {
            "month": "2012-09",
            "price": "9.01",
            "revenue": 382614
        },
        "2012-10": {
            "month": "2012-10",
            "price": "9.07",
            "revenue": 301030
        },
        "2012-11": {
            "month": "2012-11",
            "price": "8.65",
            "revenue": 294485
        },
        "2012-12": {
            "month": "2012-12",
            "price": "9.46",
            "revenue": 327376
        },
        "2013-01": {
            "month": "2013-01",
            "price": "10.54",
            "revenue": 247965
        },
        "2013-02": {
            "month": "2013-02",
            "price": "11.23",
            "revenue": 249722
        },
        "2013-03": {
            "month": "2013-03",
            "price": "12.03",
            "revenue": 324498
        },
        "2013-04": {
            "month": "2013-04",
            "price": "12.26",
            "revenue": 292865
        },
        "2013-05": {
            "month": "2013-05",
            "price": "13.04",
            "revenue": 187272
        },
        "2013-06": {
            "month": "2013-06",
            "price": "14.39",
            "revenue": 280421
        },
        "2013-07": {
            "month": "2013-07",
            "price": "14.02",
            "revenue": 262343
        },
        "2013-08": {
            "month": "2013-08",
            "price": "13.72",
            "revenue": 429286
        },
        "2013-09": {
            "month": "2013-09",
            "price": "13.60",
            "revenue": 450315
        },
        "2013-10": {
            "month": "2013-10",
            "price": "14.31",
            "revenue": 479778
        },
        "2013-11": {
            "month": "2013-11",
            "price": "14.12",
            "revenue": 549790
        },
        "2013-12": {
            "month": "2013-12",
            "price": "14.65",
            "revenue": 648494
        },
        "2014-01": {
            "month": "2014-01",
            "price": "14.21",
            "revenue": 431226
        },
        "2014-02": {
            "month": "2014-02",
            "price": "13.82",
            "revenue": 408188
        },
        "2014-03": {
            "month": "2014-03",
            "price": "12.99",
            "revenue": 535561
        },
        "2014-04": {
            "month": "2014-04",
            "price": "13.65",
            "revenue": 526283
        },
        "2014-05": {
            "month": "2014-05",
            "price": "13.84",
            "revenue": 421381
        },
        "2014-06": {
            "month": "2014-06",
            "price": "13.32",
            "revenue": 358372
        },
        "2014-07": {
            "month": "2014-07",
            "price": "13.20",
            "revenue": 451422
        },
        "2014-08": {
            "month": "2014-08",
            "price": "13.01",
            "revenue": 496036
        },
        "2014-09": {
            "month": "2014-09",
            "price": "13.17",
            "revenue": 480658
        },
        "2014-10": {
            "month": "2014-10",
            "price": "12.70",
            "revenue": 578812
        },
        "2014-11": {
            "month": "2014-11",
            "price": "11.99",
            "revenue": 550968
        },
        "2014-12": {
            "month": "2014-12",
            "price": "12.16",
            "revenue": 660347
        },
        "2015-01": {
            "month": "2015-01",
            "price": "12.33",
            "revenue": 413894
        },
        "2015-02": {
            "month": "2015-02",
            "price": "12.04",
            "revenue": 485429
        },
        "2015-03": {
            "month": "2015-03",
            "price": "12.01",
            "revenue": 833265
        },
        "2015-04": {
            "month": "2015-04",
            "price": "11.67",
            "revenue": 614143
        },
        "2015-05": {
            "month": "2015-05",
            "price": "11.15",
            "revenue": 638491
        },
        "2015-06": {
            "month": "2015-06",
            "price": "10.80",
            "revenue": 548415
        },
        "2015-07": {
            "month": "2015-07",
            "price": "10.69",
            "revenue": 541276
        },
        "2015-08": {
            "month": "2015-08",
            "price": "10.04",
            "revenue": 429814
        },
        "2015-09": {
            "month": "2015-09",
            "price": "10.28",
            "revenue": 503291
        },
        "2015-10": {
            "month": "2015-10",
            "price": "11.27",
            "revenue": 516258
        },
        "2015-11": {
            "month": "2015-11",
            "price": "11.41",
            "revenue": 479312
        },
        "2015-12": {
            "month": "2015-12",
            "price": "10.96",
            "revenue": 1137880
        },
        "2016-01": {
            "month": "2016-01",
            "price": "10.79",
            "revenue": 311942
        },
        "2016-02": {
            "month": "2016-02",
            "price": "11.31",
            "revenue": 277463
        },
        "2016-03": {
            "month": "2016-03",
            "price": "11.85",
            "revenue": 305252
        },
        "2016-04": {
            "month": "2016-04",
            "price": "11.93",
            "revenue": 425705
        },
        "2016-05": {
            "month": "2016-05",
            "price": "10.61",
            "revenue": 403703
        },
        "2016-06": {
            "month": "2016-06",
            "price": "10.26",
            "revenue": 404708
        },
        "2016-07": {
            "month": "2016-07",
            "price": "10.03",
            "revenue": 353794
        },
        "2016-08": {
            "month": "2016-08",
            "price": "10.08",
            "revenue": 385761
        },
        "2016-09": {
            "month": "2016-09",
            "price": "10.14",
            "revenue": 417264
        },
        "2016-10": {
            "month": "2016-10",
            "price": "10.01",
            "revenue": 286772
        },
        "2016-11": {
            "month": "2016-11",
            "price": "9.92",
            "revenue": 291378
        },
        "2016-12": {
            "month": "2016-12",
            "price": "9.86",
            "revenue": 425847
        },
        "2017-01": {
            "month": "2017-01",
            "price": "9.95",
            "revenue": 409795
        },
        "2017-02": {
            "month": "2017-02",
            "price": "11.58",
            "revenue": 324568
        },
        "2017-03": {
            "month": "2017-03",
            "price": "12.77",
            "revenue": 238331
        },
        "2017-04": {
            "month": "2017-04",
            "price": "13.22",
            "revenue": 313370
        },
        "2017-05": {
            "month": "2017-05",
            "price": "12.03",
            "revenue": 390298
        },
        "2017-06": {
            "month": "2017-06",
            "price": "11.85",
            "revenue": 382064
        },
        "2017-07": {
            "month": "2017-07",
            "price": "11.37",
            "revenue": 358019
        },
        "2017-08": {
            "month": "2017-08",
            "price": "10.63",
            "revenue": 271002
        },
        "2017-09": {
            "month": "2017-09",
            "price": "11.40",
            "revenue": 243169
        },
        "2017-10": {
            "month": "2017-10",
            "price": "11.98",
            "revenue": 253435
        },
        "2017-11": {
            "month": "2017-11",
            "price": "11.83",
            "revenue": 349666
        },
        "2017-12": {
            "month": "2017-12",
            "price": "14.02",
            "revenue": 225217
        },
        "2018-01": {
            "month": "2018-01",
            "price": "16.48",
            "revenue": 203253
        },
        "2018-02": {
            "month": "2018-02",
            "price": "17.04",
            "revenue": 172989
        },
        "2018-03": {
            "month": "2018-03",
            "price": "15.88",
            "revenue": 311218
        },
        "2018-04": {
            "month": "2018-04",
            "price": "14.92",
            "revenue": 274698
        },
        "2018-05": {
            "month": "2018-05",
            "price": "12.00",
            "revenue": 288417
        },
        "2018-06": {
            "month": "2018-06",
            "price": "10.70",
            "revenue": 331575
        },
        "2018-07": {
            "month": "2018-07",
            "price": "9.15",
            "revenue": 302800
        },
        "2018-08": {
            "month": "2018-08",
            "price": "9.74",
            "revenue": 256708
        },
        "2018-09": {
            "month": "2018-09",
            "price": "9.28",
            "revenue": 294205
        },
        "2018-10": {
            "month": "2018-10",
            "price": "7.59",
            "revenue": 435196
        },
        "2018-11": {
            "month": "2018-11",
            "price": "8.16",
            "revenue": 374317
        },
        "2018-12": {
            "month": "2018-12",
            "price": "8.38",
            "revenue": 585285
        },
        "2019-01": {
            "month": "2019-01",
            "price": "8.24",
            "revenue": 270508
        },
        "2019-02": {
            "month": "2019-02",
            "price": "8.15",
            "revenue": 179387
        },
        "2019-03": {
            "month": "2019-03",
            "price": "7.94",
            "revenue": 360727
        },
        "2019-04": {
            "month": "2019-04",
            "price": "7.53",
            "revenue": 391333
        },
        "2019-05": {
            "month": "2019-05",
            "price": "7.26",
            "revenue": 427226
        },
        "2019-06": {
            "month": "2019-06",
            "price": "7.25",
            "revenue": 291605
        },
        "2019-07": {
            "month": "2019-07",
            "price": "7.24",
            "revenue": 337729
        },
        "2019-08": {
            "month": "2019-08",
            "price": "7.02",
            "revenue": 375380
        },
        "2019-09": {
            "month": "2019-09",
            "price": "7.15",
            "revenue": 388056
        },
        "2019-10": {
            "month": "2019-10",
            "price": "7.82",
            "revenue": 276614
        },
        "2019-11": {
            "month": "2019-11",
            "price": "7.90",
            "revenue": 311386
        },
        "2019-12": {
            "month": "2019-12",
            "price": "9.37",
            "revenue": 457954
        },
        "2020-01": {
            "month": "2020-01",
            "price": "9.35",
            "revenue": 208164
        },
        "2020-02": {
            "month": "2020-02",
            "price": "8.33",
            "revenue": 340689
        },
        "2020-03": {
            "month": "2020-03",
            "price": "7.00",
            "revenue": 374538
        },
        "2020-04": {
            "month": "2020-04",
            "price": "8.21",
            "revenue": 324349
        },
        "2020-05": {
            "month": "2020-05",
            "price": "8.57",
            "revenue": 352255
        },
        "2020-06": {
            "month": "2020-06",
            "price": "9.09",
            "revenue": 4196043
        },
        "2020-07": {
            "month": "2020-07",
            "price": "9.97",
            "revenue": 125205
        },
        "2020-08": {
            "month": "2020-08",
            "price": "10.55",
            "revenue": 243208
        },
        "2020-09": {
            "month": "2020-09",
            "price": "11.25",
            "revenue": 188472
        },
        "2020-10": {
            "month": "2020-10",
            "price": "11.96",
            "revenue": 157659
        },
        "2020-11": {
            "month": "2020-11",
            "price": "11.96",
            "revenue": 163982
        },
        "2020-12": {
            "month": "2020-12",
            "price": "10.62",
            "revenue": 220585
        },
        "2021-01": {
            "month": "2021-01",
            "price": "9.72",
            "revenue": 289548
        },
        "2021-02": {
            "month": "2021-02",
            "price": "9.77",
            "revenue": 135231
        },
        "2021-03": {
            "month": "2021-03",
            "price": "10.61",
            "revenue": 101965
        },
        "2021-04": {
            "month": "2021-04",
            "price": "11.13",
            "revenue": 235577
        },
        "2021-05": {
            "month": "2021-05",
            "price": "9.97",
            "revenue": 287505
        },
        "2021-06": {
            "month": "2021-06",
            "price": "9.85",
            "revenue": 345084
        },
        "2021-07": {
            "month": "2021-07",
            "price": "9.89",
            "revenue": 258517
        },
        "2021-08": {
            "month": "2021-08",
            "price": "9.85",
            "revenue": 524692
        },
        "2021-09": {
            "month": "2021-09",
            "price": "8.96",
            "revenue": 363738
        },
        "2021-10": {
            "month": "2021-10",
            "price": "8.46",
            "revenue": 310232
        },
        "2021-11": {
            "month": "2021-11",
            "price": "8.66",
            "revenue": 337259
        },
        "2021-12": {
            "month": "2021-12",
            "price": "8.44",
            "revenue": 417723
        },
        "2022-01": {
            "month": "2022-01",
            "price": "8.41",
            "revenue": 300966
        },
        "2022-02": {
            "month": "2022-02",
            "price": "8.35",
            "revenue": 267535
        },
        "2022-03": {
            "month": "2022-03",
            "price": "8.23",
            "revenue": 319498
        },
        "2022-04": {
            "month": "2022-04",
            "price": "8.15",
            "revenue": 381909
        },
        "2022-05": {
            "month": "2022-05",
            "price": "7.43",
            "revenue": 422280
        },
        "2022-06": {
            "month": "2022-06",
            "price": "7.29",
            "revenue": 328774
        },
        "2022-07": {
            "month": "2022-07",
            "price": "6.91",
            "revenue": 526120
        },
        "2022-08": {
            "month": "2022-08",
            "price": "6.99",
            "revenue": 691127
        },
        "2022-09": {
            "month": "2022-09",
            "price": "6.89",
            "revenue": 297083
        },
        "2022-10": {
            "month": "2022-10",
            "price": "6.51",
            "revenue": 315038
        },
        "2022-11": {
            "month": "2022-11",
            "price": "6.46",
            "revenue": 462571
        },
        "2022-12": {
            "month": "2022-12",
            "price": "6.72",
            "revenue": 330542
        },
        "2023-01": {
            "month": "2023-01",
            "price": "6.69",
            "revenue": 287208
        },
        "2023-02": {
            "month": "2023-02",
            "price": "6.84",
            "revenue": 343161
        },
        "2023-03": {
            "month": "2023-03",
            "price": "7.11",
            "revenue": 386405
        },
        "2023-04": {
            "month": "2023-04",
            "price": "7.86",
            "revenue": 472568
        },
        "2023-05": {
            "month": "2023-05",
            "price": "7.69",
            "revenue": 450936
        },
        "2023-06": {
            "month": "2023-06",
            "price": "7.64",
            "revenue": 441372
        },
        "2023-07": {
            "month": "2023-07",
            "price": "7.42",
            "revenue": 564183
        },
        "2023-08": {
            "month": "2023-08",
            "price": "7.36",
            "revenue": 436606
        },
        "2023-09": {
            "month": "2023-09",
            "price": "7.67",
            "revenue": 478943
        }
    }
}
