{
    "summary": {
        "stock_name": "遠雄",
        "stock_id": "5522",
        "category": "建材營造",
        "main_business": "委託營造廠商興建商業大樓及國民住宅出租出售業務<br>室內裝潢設計施工承包業務",
        "website_url": "http://www.farglory-land.com.tw/",
        "ceo": "湯佳峰",
        "pe_ratio": 9,
        "report_year_from": 2001,
        "report_year_to": 2023,
        "age": 22,
        "eps_negative_percentage": 0,
        "eps_growth_avg": {
            "last_all": 12.18,
            "last_2y": 25.25,
            "last_4y": 27.35,
            "last_8y": 5.35,
            "last_12y": 3.96,
            "last_16y": 12.76,
            "last_20y": 12.18,
            "at_2006_last_3y": 47.45,
            "at_2007_last_3y": 62.59,
            "at_2008_last_3y": 54.08,
            "at_2009_last_3y": 41.35,
            "at_2010_last_3y": 17.57,
            "at_2011_last_3y": 7.51,
            "at_2012_last_3y": 4.1,
            "at_2013_last_3y": 0.84,
            "at_2014_last_3y": -7.74,
            "at_2015_last_3y": 4.3,
            "at_2016_last_3y": -2.51,
            "at_2017_last_3y": -22.14,
            "at_2018_last_3y": -14.78,
            "at_2019_last_3y": -6.84,
            "at_2020_last_3y": 11.14,
            "at_2021_last_3y": 36.53,
            "at_2022_last_3y": 34.19,
            "at_2023_last_3y": 34.19,
            "at_2006_last_all": 27.77,
            "at_2007_last_all": 26.7,
            "at_2008_last_all": 22.17,
            "at_2009_last_all": 25.53,
            "at_2010_last_all": 23.24,
            "at_2011_last_all": 19.02,
            "at_2012_last_all": 15.6,
            "at_2013_last_all": 17.3,
            "at_2014_last_all": 13.71,
            "at_2015_last_all": 14.81,
            "at_2016_last_all": 10.77,
            "at_2017_last_all": 7.44,
            "at_2018_last_all": 7,
            "at_2019_last_all": 10,
            "at_2020_last_all": 10.85,
            "at_2021_last_all": 13.26,
            "at_2022_last_all": 12.18,
            "at_2023_last_all": 12.18
        },
        "latest_eps": 6.58,
        "latest_price": 61,
        "latest_roe": 11.98,
        "latest_gross_margin": 30.21,
        "latest_equity": 43528440,
        "latest_revenue": 5802987,
        "latest_gross_profit": 1752945,
        "latest_net_income": 1101952,
        "latest_debt_ratio": 54.05,
        "latest_current_ratio": 168.96,
        "latest_account_receivable_turnover_ratio": 12.97,
        "latest_inventory_turnover_ratio": 0.06,
        "latest_reinvestment_rate": 12.57,
        "latest_research_to_sale_ratio": null
    },
    "eps_dividends": {
        "1997": {
            "cash": 0,
            "stock": 1,
            "eps": 0
        },
        "1998": {
            "cash": 0,
            "stock": 3,
            "eps": 0
        },
        "1999": {
            "cash": 0.3,
            "stock": 3.1,
            "eps": 0
        },
        "2000": {
            "cash": 1.5,
            "stock": 1.5,
            "eps": 0
        },
        "2001": {
            "cash": 2.5,
            "stock": 0,
            "eps": 2.08
        },
        "2002": {
            "cash": 1,
            "stock": 0,
            "eps": 1.02
        },
        "2003": {
            "cash": 0,
            "stock": 0,
            "eps": 0.62
        },
        "2004": {
            "cash": 0.6,
            "stock": 0.4,
            "eps": 0.8
        },
        "2005": {
            "cash": 1,
            "stock": 0,
            "eps": 2.02
        },
        "2006": {
            "cash": 0.94,
            "stock": 0,
            "eps": 5.25
        },
        "2007": {
            "cash": 3,
            "stock": 0,
            "eps": 6.37
        },
        "2008": {
            "cash": 4,
            "stock": 0,
            "eps": 6.05
        },
        "2009": {
            "cash": 2.5,
            "stock": 0,
            "eps": 9.02
        },
        "2010": {
            "cash": 6,
            "stock": 0,
            "eps": 9.46
        },
        "2011": {
            "cash": 10.8,
            "stock": 0,
            "eps": 7.67
        },
        "2012": {
            "cash": 0,
            "stock": 0,
            "eps": 6.24
        },
        "2013": {
            "cash": 3.5,
            "stock": 0,
            "eps": 8.49
        },
        "2014": {
            "cash": 1.5,
            "stock": 0,
            "eps": 5.99
        },
        "2015": {
            "cash": 3.8,
            "stock": 0,
            "eps": 7.74
        },
        "2016": {
            "cash": 3.5,
            "stock": 0,
            "eps": 4.19
        },
        "2017": {
            "cash": 3.8,
            "stock": 0,
            "eps": 2.41
        },
        "2018": {
            "cash": 2.5,
            "stock": 0,
            "eps": 2.41
        },
        "2019": {
            "cash": 3,
            "stock": 0,
            "eps": 3.88
        },
        "2020": {
            "cash": 4.5,
            "stock": 0,
            "eps": 4.89
        },
        "2021": {
            "cash": 4.5,
            "stock": 0,
            "eps": 7.78
        },
        "2022": {
            "cash": 6.5,
            "stock": 0,
            "eps": 7.05
        },
        "2023": {
            "cash": 3,
            "stock": 0,
            "eps": 1.41
        }
    },
    "dividends": {
        "1997-06-23": {
            "cash": 0,
            "stock": 1
        },
        "1998-06-09": {
            "cash": 0,
            "stock": 3
        },
        "1999-06-25": {
            "cash": 0.3,
            "stock": 3.1
        },
        "2000-05-24": {
            "cash": 1.5,
            "stock": 1.5
        },
        "2001-06-22": {
            "cash": 2.5,
            "stock": 0
        },
        "2002-06-25": {
            "cash": 1,
            "stock": 0
        },
        "2004-03-29": {
            "cash": 0.6,
            "stock": 0.4
        },
        "2005-05-06": {
            "cash": 1,
            "stock": 0
        },
        "2006-03-28": {
            "cash": 0.94,
            "stock": 0
        },
        "2007-03-30": {
            "cash": 3,
            "stock": 0
        },
        "2008-03-25": {
            "cash": 4,
            "stock": 0
        },
        "2009-04-01": {
            "cash": 2.5,
            "stock": 0
        },
        "2010-03-31": {
            "cash": 6,
            "stock": 0
        },
        "2011-01-01": {
            "cash": 4.8,
            "stock": 0
        },
        "2011-03-31": {
            "cash": 6,
            "stock": 0
        },
        "2013-03-29": {
            "cash": 3.5,
            "stock": 0
        },
        "2014-08-14": {
            "cash": 1.5,
            "stock": 0
        },
        "2015-08-14": {
            "cash": 3.8,
            "stock": 0
        },
        "2016-08-19": {
            "cash": 3.5,
            "stock": 0
        },
        "2017-08-25": {
            "cash": 3.8,
            "stock": 0
        },
        "2018-08-24": {
            "cash": 2.5,
            "stock": 0
        },
        "2019-08-15": {
            "cash": 3,
            "stock": 0
        },
        "2020-08-20": {
            "cash": 3.5,
            "stock": 0
        },
        "2020-11-19": {
            "cash": 1,
            "stock": 0
        },
        "2021-07-16": {
            "cash": 3.5,
            "stock": 0
        },
        "2021-11-18": {
            "cash": 1,
            "stock": 0
        },
        "2022-07-15": {
            "cash": 4.5,
            "stock": 0
        },
        "2022-11-17": {
            "cash": 2,
            "stock": 0
        },
        "2023-07-14": {
            "cash": 3,
            "stock": 0
        }
    },
    "prices": {
        "200101": "39.72",
        "200102": "38.76",
        "200103": "37.32",
        "200104": "35.61",
        "200105": "34.05",
        "200106": "29.60",
        "200107": "21.05",
        "200108": "15.76",
        "200109": "14.73",
        "200110": "13.64",
        "200111": "15.79",
        "200112": "17.38",
        "200201": "14.78",
        "200202": "14.36",
        "200203": "14.51",
        "200204": "17.97",
        "200205": "17.98",
        "200206": "17.50",
        "200207": "16.04",
        "200208": "15.19",
        "200209": "15.20",
        "200210": "11.31",
        "200211": "11.88",
        "200212": "13.34",
        "200301": "12.72",
        "200302": "12.44",
        "200303": "12.00",
        "200304": "11.83",
        "200305": "11.29",
        "200306": "11.04",
        "200307": "12.25",
        "200308": "12.59",
        "200309": "13.48",
        "200310": "16.27",
        "200311": "15.40",
        "200312": "16.82",
        "200401": "21.99",
        "200402": "26.74",
        "200403": "28.27",
        "200404": "28.33",
        "200405": "26.05",
        "200406": "25.11",
        "200407": "25.89",
        "200408": "25.20",
        "200409": "25.93",
        "200410": "26.00",
        "200411": "24.66",
        "200412": "26.03",
        "200501": "25.43",
        "200502": "24.71",
        "200503": "24.82",
        "200504": "24.87",
        "200505": "25.10",
        "200506": "25.90",
        "200507": "25.04",
        "200508": "23.20",
        "200509": "22.76",
        "200510": "21.27",
        "200511": "20.87",
        "200512": "21.38",
        "200601": "19.99",
        "200602": "19.40",
        "200603": "18.53",
        "200604": "19.14",
        "200605": "32.95",
        "200606": "34.95",
        "200607": "40.69",
        "200608": "37.11",
        "200609": "36.03",
        "200610": "42.58",
        "200611": "48.28",
        "200612": "56.08",
        "200701": "48.80",
        "200702": "52.62",
        "200703": "54.46",
        "200704": "56.25",
        "200705": "56.06",
        "200706": "56.84",
        "200707": "68.30",
        "200708": "64.85",
        "200709": "64.92",
        "200710": "72.06",
        "200711": "72.69",
        "200712": "71.95",
        "200801": "83.90",
        "200802": "99.84",
        "200803": "99.68",
        "200804": "109.47",
        "200805": "112.09",
        "200806": "102.44",
        "200807": "84.55",
        "200808": "62.23",
        "200809": "44.02",
        "200810": "23.81",
        "200811": "21.22",
        "200812": "21.10",
        "200901": "23.79",
        "200902": "21.60",
        "200903": "23.57",
        "200904": "38.75",
        "200905": "70.42",
        "200906": "78.63",
        "200907": "79.79",
        "200908": "65.82",
        "200909": "72.90",
        "200910": "75.96",
        "200911": "71.31",
        "200912": "70.44",
        "201001": "73.53",
        "201002": "64.24",
        "201003": "66.38",
        "201004": "71.60",
        "201005": "63.64",
        "201006": "63.05",
        "201007": "65.34",
        "201008": "66.55",
        "201009": "72.59",
        "201010": "75.25",
        "201011": "78.71",
        "201012": "78.44",
        "201101": "78.34",
        "201102": "69.54",
        "201103": "61.55",
        "201104": "65.22",
        "201105": "67.45",
        "201106": "70.09",
        "201107": "71.81",
        "201108": "60.25",
        "201109": "52.50",
        "201110": "49.34",
        "201111": "51.25",
        "201112": "49.29",
        "201201": "50.12",
        "201202": "59.12",
        "201203": "60.58",
        "201204": "55.36",
        "201205": "50.77",
        "201206": "48.91",
        "201207": "48.56",
        "201208": "50.77",
        "201209": "55.02",
        "201210": "53.32",
        "201211": "51.43",
        "201212": "52.45",
        "201301": "53.76",
        "201302": "57.13",
        "201303": "55.43",
        "201304": "55.26",
        "201305": "56.87",
        "201306": "53.64",
        "201307": "55.90",
        "201308": "53.85",
        "201309": "54.60",
        "201310": "54.01",
        "201311": "53.08",
        "201312": "51.17",
        "201401": "49.44",
        "201402": "48.62",
        "201403": "50.19",
        "201404": "51.58",
        "201405": "49.83",
        "201406": "42.15",
        "201407": "41.33",
        "201408": "41.06",
        "201409": "39.31",
        "201410": "32.24",
        "201411": "33.37",
        "201412": "37.43",
        "201501": "36.88",
        "201502": "37.66",
        "201503": "35.15",
        "201504": "36.42",
        "201505": "37.98",
        "201506": "33.50",
        "201507": "31.90",
        "201508": "30.01",
        "201509": "34.25",
        "201510": "36.19",
        "201511": "36.20",
        "201512": "34.69",
        "201601": "32.63",
        "201602": "33.58",
        "201603": "35.23",
        "201604": "39.30",
        "201605": "36.93",
        "201606": "36.63",
        "201607": "37.10",
        "201608": "35.58",
        "201609": "37.36",
        "201610": "36.46",
        "201611": "35.89",
        "201612": "36.82",
        "201701": "36.96",
        "201702": "38.23",
        "201703": "39.74",
        "201704": "40.34",
        "201705": "41.00",
        "201706": "42.18",
        "201707": "40.10",
        "201708": "36.71",
        "201709": "35.02",
        "201710": "33.32",
        "201711": "32.01",
        "201712": "31.16",
        "201801": "32.43",
        "201802": "31.98",
        "201803": "32.63",
        "201804": "32.80",
        "201805": "33.29",
        "201806": "33.22",
        "201807": "31.98",
        "201808": "31.10",
        "201809": "31.31",
        "201810": "34.69",
        "201811": "35.53",
        "201812": "34.51",
        "201901": "35.57",
        "201902": "37.82",
        "201903": "36.24",
        "201904": "37.44",
        "201905": "37.69",
        "201906": "40.26",
        "201907": "39.75",
        "201908": "37.60",
        "201909": "37.10",
        "201910": "37.78",
        "201911": "38.39",
        "201912": "39.54",
        "202001": "40.26",
        "202002": "39.07",
        "202003": "35.08",
        "202004": "41.07",
        "202005": "43.76",
        "202006": "45.04",
        "202007": "47.27",
        "202008": "44.38",
        "202009": "46.04",
        "202010": "45.77",
        "202011": "47.24",
        "202012": "55.11",
        "202101": "54.60",
        "202102": "51.90",
        "202103": "54.27",
        "202104": "57.08",
        "202105": "54.80",
        "202106": "55.28",
        "202107": "54.60",
        "202108": "58.47",
        "202109": "60.82",
        "202110": "62.94",
        "202111": "67.40",
        "202112": "63.57",
        "202201": "62.27",
        "202202": "63.24",
        "202203": "63.40",
        "202204": "67.80",
        "202205": "64.90",
        "202206": "63.85",
        "202207": "61.63",
        "202208": "63.13",
        "202209": "60.10",
        "202210": "55.64",
        "202211": "52.48",
        "202212": "55.38",
        "202301": "57.10",
        "202302": "58.53",
        "202303": "58.10",
        "202304": "58.61",
        "202305": "61.39",
        "202306": "62.19"
    },
    "quarters": {
        "20011": {
            "year_quarter": 20011,
            "year": 2001,
            "quarter": 1,
            "eps": 0.06,
            "eps_growth_year": -96.3,
            "eps_4q": 1.89,
            "eps_4q_growth_year": -53.52,
            "roe": 0.37,
            "roe_4q": 0.37,
            "gross_profit": 195335,
            "gross_margin": 38.66,
            "gross_margin_4q_avg": 38.66,
            "net_income": 34046,
            "revenue": 505327,
            "common_shares": 6176650,
            "book_valuer_per_share": 14.82,
            "book_valuer_per_share_4q_avg": 14.82,
            "equity": 9155560,
            "current_ratio": 138.98,
            "debt_ratio": 67.17,
            "inventory_turnover_ratio": 0.01,
            "account_receivable_turnover_ratio": null,
            "reinvestment_rate": null,
            "research_to_sale_ratio": null,
            "price_fair": 0,
            "eps_avg_yearly": 0,
            "eps_latest_yearly": 0,
            "eps_growth_yearly": 0
        },
        "20012": {
            "year_quarter": 20012,
            "year": 2001,
            "quarter": 2,
            "eps": 0.7,
            "eps_growth_year": -5.41,
            "eps_4q": 1.8,
            "eps_4q_growth_year": -58.42,
            "roe": 5.02,
            "roe_4q": 5.39,
            "gross_profit": 771149,
            "gross_margin": 38,
            "gross_margin_4q_avg": 38.33,
            "net_income": 431075,
            "revenue": 2029138,
            "common_shares": 6176650,
            "book_valuer_per_share": 12.98,
            "book_valuer_per_share_4q_avg": 13.9,
            "equity": 8018716,
            "current_ratio": 128.33,
            "debt_ratio": 73.36,
            "inventory_turnover_ratio": 0.05,
            "account_receivable_turnover_ratio": null,
            "reinvestment_rate": null,
            "research_to_sale_ratio": null,
            "price_fair": 0,
            "eps_avg_yearly": 0,
            "eps_latest_yearly": 0,
            "eps_growth_yearly": 0
        },
        "20013": {
            "year_quarter": 20013,
            "year": 2001,
            "quarter": 3,
            "eps": 0.78,
            "eps_growth_year": 18.18,
            "eps_4q": 1.92,
            "eps_4q_growth_year": -50.54,
            "roe": 5.84,
            "roe_4q": 11.229999999999999,
            "gross_profit": 734763,
            "gross_margin": 36.62,
            "gross_margin_4q_avg": 37.76,
            "net_income": 482010,
            "revenue": 2006610,
            "common_shares": 6176650,
            "book_valuer_per_share": 13.76,
            "book_valuer_per_share_4q_avg": 13.85,
            "equity": 8500726,
            "current_ratio": 129.53,
            "debt_ratio": 72.99,
            "inventory_turnover_ratio": 0.05,
            "account_receivable_turnover_ratio": null,
            "reinvestment_rate": null,
            "research_to_sale_ratio": null,
            "price_fair": 0,
            "eps_avg_yearly": 0,
            "eps_latest_yearly": 0,
            "eps_growth_yearly": 0
        },
        "20014": {
            "year_quarter": 20014,
            "year": 2001,
            "quarter": 4,
            "eps": 0.54,
            "eps_growth_year": 42.11,
            "eps_4q": 2.06,
            "eps_4q_growth_year": -32.86,
            "roe": 3.88,
            "roe_4q": 15.109999999999998,
            "gross_profit": 596052,
            "gross_margin": 28.54,
            "gross_margin_4q_avg": 35.46,
            "net_income": 336370,
            "revenue": 2088231,
            "common_shares": 6176650,
            "book_valuer_per_share": 14.31,
            "book_valuer_per_share_4q_avg": 13.97,
            "equity": 8843510,
            "current_ratio": 132.19,
            "debt_ratio": 73.52,
            "inventory_turnover_ratio": 0.05,
            "account_receivable_turnover_ratio": null,
            "reinvestment_rate": null,
            "research_to_sale_ratio": null,
            "price_fair": 0,
            "eps_avg_yearly": 0,
            "eps_latest_yearly": 0,
            "eps_growth_yearly": 0
        },
        "20021": {
            "year_quarter": 20021,
            "year": 2002,
            "quarter": 1,
            "eps": -0.09,
            "eps_growth_year": -250,
            "eps_4q": 1.88,
            "eps_4q_growth_year": -0.69,
            "roe": -0.65,
            "roe_4q": 14.09,
            "gross_profit": 165147,
            "gross_margin": 22.39,
            "gross_margin_4q_avg": 31.39,
            "net_income": -57033,
            "revenue": 737741,
            "common_shares": 6176650,
            "book_valuer_per_share": 14.21,
            "book_valuer_per_share_4q_avg": 13.82,
            "equity": 8780064,
            "current_ratio": 129.58,
            "debt_ratio": 71.87,
            "inventory_turnover_ratio": 0.02,
            "account_receivable_turnover_ratio": null,
            "reinvestment_rate": null,
            "research_to_sale_ratio": null,
            "price_fair": 0,
            "eps_avg_yearly": 0,
            "eps_latest_yearly": 0,
            "eps_growth_yearly": 0
        },
        "20022": {
            "year_quarter": 20022,
            "year": 2002,
            "quarter": 2,
            "eps": 0.2,
            "eps_growth_year": -71.43,
            "eps_4q": 1.43,
            "eps_4q_growth_year": -20.49,
            "roe": 1.46,
            "roe_4q": 10.53,
            "gross_profit": 256258,
            "gross_margin": 15.74,
            "gross_margin_4q_avg": 25.82,
            "net_income": 123856,
            "revenue": 1628172,
            "common_shares": 6176650,
            "book_valuer_per_share": 13.34,
            "book_valuer_per_share_4q_avg": 13.91,
            "equity": 8241816,
            "current_ratio": 123.85,
            "debt_ratio": 74.3,
            "inventory_turnover_ratio": 0.05,
            "account_receivable_turnover_ratio": null,
            "reinvestment_rate": null,
            "research_to_sale_ratio": null,
            "price_fair": 0,
            "eps_avg_yearly": 0,
            "eps_latest_yearly": 0,
            "eps_growth_yearly": 0
        },
        "20023": {
            "year_quarter": 20023,
            "year": 2002,
            "quarter": 3,
            "eps": 0.64,
            "eps_growth_year": -17.95,
            "eps_4q": 1.29,
            "eps_4q_growth_year": -32.63,
            "roe": 4.7,
            "roe_4q": 9.39,
            "gross_profit": 565767,
            "gross_margin": 21.89,
            "gross_margin_4q_avg": 22.14,
            "net_income": 396724,
            "revenue": 2584677,
            "common_shares": 6176650,
            "book_valuer_per_share": 13.97,
            "book_valuer_per_share_4q_avg": 13.96,
            "equity": 8629428,
            "current_ratio": 125.85,
            "debt_ratio": 72.39,
            "inventory_turnover_ratio": 0.07,
            "account_receivable_turnover_ratio": null,
            "reinvestment_rate": null,
            "research_to_sale_ratio": null,
            "price_fair": 89.6,
            "eps_avg_yearly": 2.56,
            "eps_latest_yearly": 2.56,
            "eps_growth_yearly": 880
        },
        "20024": {
            "year_quarter": 20024,
            "year": 2002,
            "quarter": 4,
            "eps": 0.27,
            "eps_growth_year": -50,
            "eps_4q": 1.03,
            "eps_4q_growth_year": -50.08,
            "roe": 1.89,
            "roe_4q": 7.4,
            "gross_profit": 606485,
            "gross_margin": 16.04,
            "gross_margin_4q_avg": 19.02,
            "net_income": 164989,
            "revenue": 3780693,
            "common_shares": 6176650,
            "book_valuer_per_share": 14.24,
            "book_valuer_per_share_4q_avg": 13.94,
            "equity": 8807506,
            "current_ratio": 126.89,
            "debt_ratio": 71.91,
            "inventory_turnover_ratio": 0.12,
            "account_receivable_turnover_ratio": null,
            "reinvestment_rate": 25.46,
            "research_to_sale_ratio": null,
            "price_fair": 63.7,
            "eps_avg_yearly": 1.82,
            "eps_latest_yearly": 1.08,
            "eps_growth_yearly": 324.38
        },
        "20031": {
            "year_quarter": 20031,
            "year": 2003,
            "quarter": 1,
            "eps": -0.16,
            "eps_growth_year": null,
            "eps_4q": 0.96,
            "eps_4q_growth_year": -49.1,
            "roe": -1.12,
            "roe_4q": 6.93,
            "gross_profit": 180431,
            "gross_margin": 16.92,
            "gross_margin_4q_avg": 17.65,
            "net_income": -98127,
            "revenue": 1066423,
            "common_shares": 6176650,
            "book_valuer_per_share": 14.07,
            "book_valuer_per_share_4q_avg": 13.91,
            "equity": 8692463,
            "current_ratio": 121.97,
            "debt_ratio": 70.69,
            "inventory_turnover_ratio": 0.04,
            "account_receivable_turnover_ratio": null,
            "reinvestment_rate": 38.27,
            "research_to_sale_ratio": null,
            "price_fair": 63.7,
            "eps_avg_yearly": 1.82,
            "eps_latest_yearly": 1.08,
            "eps_growth_yearly": 324.38
        },
        "20032": {
            "year_quarter": 20032,
            "year": 2003,
            "quarter": 2,
            "eps": 0.02,
            "eps_growth_year": -90,
            "eps_4q": 0.97,
            "eps_4q_growth_year": -31.83,
            "roe": 0.11,
            "roe_4q": 5.58,
            "gross_profit": 156334,
            "gross_margin": 10.61,
            "gross_margin_4q_avg": 16.37,
            "net_income": 9714,
            "revenue": 1473733,
            "common_shares": 6176650,
            "book_valuer_per_share": 14.07,
            "book_valuer_per_share_4q_avg": 14.09,
            "equity": 8688825,
            "current_ratio": 121.28,
            "debt_ratio": 69.84,
            "inventory_turnover_ratio": 0.06,
            "account_receivable_turnover_ratio": null,
            "reinvestment_rate": 47.33,
            "research_to_sale_ratio": null,
            "price_fair": 63.7,
            "eps_avg_yearly": 1.82,
            "eps_latest_yearly": 1.08,
            "eps_growth_yearly": 324.38
        },
        "20033": {
            "year_quarter": 20033,
            "year": 2003,
            "quarter": 3,
            "eps": 0.16,
            "eps_growth_year": -75,
            "eps_4q": 0.28,
            "eps_4q_growth_year": -78.2,
            "roe": 1.16,
            "roe_4q": 2.04,
            "gross_profit": 173802,
            "gross_margin": 6.95,
            "gross_margin_4q_avg": 12.63,
            "net_income": 101049,
            "revenue": 2501337,
            "common_shares": 6176650,
            "book_valuer_per_share": 14.23,
            "book_valuer_per_share_4q_avg": 14.15,
            "equity": 8787361,
            "current_ratio": 123.26,
            "debt_ratio": 69.04,
            "inventory_turnover_ratio": 0.1,
            "account_receivable_turnover_ratio": null,
            "reinvestment_rate": 46.3,
            "research_to_sale_ratio": null,
            "price_fair": 49.93,
            "eps_avg_yearly": 1.43,
            "eps_latest_yearly": 0.64,
            "eps_growth_yearly": 1149.58
        },
        "20034": {
            "year_quarter": 20034,
            "year": 2003,
            "quarter": 4,
            "eps": 0.6,
            "eps_growth_year": 122.22,
            "eps_4q": 0.62,
            "eps_4q_growth_year": -39.67,
            "roe": 4.11,
            "roe_4q": 4.260000000000001,
            "gross_profit": 389325,
            "gross_margin": 12.41,
            "gross_margin_4q_avg": 11.72,
            "net_income": 369128,
            "revenue": 3136782,
            "common_shares": 6176650,
            "book_valuer_per_share": 14.84,
            "book_valuer_per_share_4q_avg": 14.3,
            "equity": 9180141,
            "current_ratio": 130.56,
            "debt_ratio": 65.75,
            "inventory_turnover_ratio": 0.13,
            "account_receivable_turnover_ratio": null,
            "reinvestment_rate": 48.62,
            "research_to_sale_ratio": null,
            "price_fair": 58.45,
            "eps_avg_yearly": 1.67,
            "eps_latest_yearly": 2.4,
            "eps_growth_yearly": 1137.19
        },
        "20041": {
            "year_quarter": 20041,
            "year": 2004,
            "quarter": 1,
            "eps": 0.43,
            "eps_growth_year": null,
            "eps_4q": 1.21,
            "eps_4q_growth_year": 26.14,
            "roe": 2.85,
            "roe_4q": 8.23,
            "gross_profit": 387727,
            "gross_margin": 17.84,
            "gross_margin_4q_avg": 11.95,
            "net_income": 265164,
            "revenue": 2173350,
            "common_shares": 6176650,
            "book_valuer_per_share": 15.28,
            "book_valuer_per_share_4q_avg": 14.61,
            "equity": 9436371,
            "current_ratio": 128.92,
            "debt_ratio": 65.92,
            "inventory_turnover_ratio": 0.09,
            "account_receivable_turnover_ratio": null,
            "reinvestment_rate": 53.12,
            "research_to_sale_ratio": null,
            "price_fair": 58.8,
            "eps_avg_yearly": 1.68,
            "eps_latest_yearly": 1.72,
            "eps_growth_yearly": 887.08
        },
        "20042": {
            "year_quarter": 20042,
            "year": 2004,
            "quarter": 2,
            "eps": 0.04,
            "eps_growth_year": 100,
            "eps_4q": 1.19,
            "eps_4q_growth_year": 22.53,
            "roe": 0.28,
            "roe_4q": 8.4,
            "gross_profit": 127936,
            "gross_margin": 10.63,
            "gross_margin_4q_avg": 11.96,
            "net_income": 25489,
            "revenue": 1203168,
            "common_shares": 6179300,
            "book_valuer_per_share": 14.69,
            "book_valuer_per_share_4q_avg": 14.76,
            "equity": 9076641,
            "current_ratio": 129.07,
            "debt_ratio": 68.2,
            "inventory_turnover_ratio": 0.05,
            "account_receivable_turnover_ratio": null,
            "reinvestment_rate": 42.33,
            "research_to_sale_ratio": null,
            "price_fair": 49.93,
            "eps_avg_yearly": 1.43,
            "eps_latest_yearly": 0.16,
            "eps_growth_yearly": 678.77
        },
        "20043": {
            "year_quarter": 20043,
            "year": 2004,
            "quarter": 3,
            "eps": 0.13,
            "eps_growth_year": -18.75,
            "eps_4q": 1.16,
            "eps_4q_growth_year": 311.36,
            "roe": 0.91,
            "roe_4q": 8.15,
            "gross_profit": 225683,
            "gross_margin": 19.08,
            "gross_margin_4q_avg": 14.99,
            "net_income": 83521,
            "revenue": 1182968,
            "common_shares": 6497447,
            "book_valuer_per_share": 14.39,
            "book_valuer_per_share_4q_avg": 14.8,
            "equity": 9350692,
            "current_ratio": 134.46,
            "debt_ratio": 66.07,
            "inventory_turnover_ratio": 0.05,
            "account_receivable_turnover_ratio": null,
            "reinvestment_rate": 41.43,
            "research_to_sale_ratio": null,
            "price_fair": 45.4,
            "eps_avg_yearly": 1.3,
            "eps_latest_yearly": 0.52,
            "eps_growth_yearly": 710.38
        },
        "20044": {
            "year_quarter": 20044,
            "year": 2004,
            "quarter": 4,
            "eps": 0.2,
            "eps_growth_year": -66.67,
            "eps_4q": 0.78,
            "eps_4q_growth_year": 25.72,
            "roe": 1.37,
            "roe_4q": 5.41,
            "gross_profit": 2073121,
            "gross_margin": 24.01,
            "gross_margin_4q_avg": 17.89,
            "net_income": 128997,
            "revenue": 8634460,
            "common_shares": 6521482,
            "book_valuer_per_share": 14.63,
            "book_valuer_per_share_4q_avg": 14.75,
            "equity": 9548646,
            "current_ratio": 122.1,
            "debt_ratio": 68.81,
            "inventory_turnover_ratio": 0.34,
            "account_receivable_turnover_ratio": null,
            "reinvestment_rate": 148.13,
            "research_to_sale_ratio": null,
            "price_fair": 43.23,
            "eps_avg_yearly": 1.24,
            "eps_latest_yearly": 0.8,
            "eps_growth_yearly": 648.5
        },
        "20051": {
            "year_quarter": 20051,
            "year": 2005,
            "quarter": 1,
            "eps": 0.17,
            "eps_growth_year": -60.47,
            "eps_4q": 0.54,
            "eps_4q_growth_year": -54.95,
            "roe": 1.12,
            "roe_4q": 3.6800000000000006,
            "gross_profit": 247413,
            "gross_margin": 21.9,
            "gross_margin_4q_avg": 18.91,
            "net_income": 108100,
            "revenue": 1129634,
            "common_shares": 6522401,
            "book_valuer_per_share": 14.9,
            "book_valuer_per_share_4q_avg": 14.65,
            "equity": 9718856,
            "current_ratio": 133.19,
            "debt_ratio": 62.52,
            "inventory_turnover_ratio": 0.05,
            "account_receivable_turnover_ratio": null,
            "reinvestment_rate": 142.53,
            "research_to_sale_ratio": null,
            "price_fair": 41.07,
            "eps_avg_yearly": 1.17,
            "eps_latest_yearly": 0.68,
            "eps_growth_yearly": 569.78
        },
        "20052": {
            "year_quarter": 20052,
            "year": 2005,
            "quarter": 2,
            "eps": 0.05,
            "eps_growth_year": 25,
            "eps_4q": 0.54,
            "eps_4q_growth_year": -55.06,
            "roe": 0.35,
            "roe_4q": 3.7500000000000004,
            "gross_profit": 245780,
            "gross_margin": 13.18,
            "gross_margin_4q_avg": 19.54,
            "net_income": 32947,
            "revenue": 1865121,
            "common_shares": 6522401,
            "book_valuer_per_share": 13.92,
            "book_valuer_per_share_4q_avg": 14.46,
            "equity": 9077772,
            "current_ratio": 137.6,
            "debt_ratio": 61.02,
            "inventory_turnover_ratio": 0.1,
            "account_receivable_turnover_ratio": null,
            "reinvestment_rate": 162.75,
            "research_to_sale_ratio": null,
            "price_fair": 37.66,
            "eps_avg_yearly": 1.08,
            "eps_latest_yearly": 0.2,
            "eps_growth_yearly": 484.57
        },
        "20053": {
            "year_quarter": 20053,
            "year": 2005,
            "quarter": 3,
            "eps": 0.42,
            "eps_growth_year": 223.08,
            "eps_4q": 0.84,
            "eps_4q_growth_year": -27.63,
            "roe": 2.95,
            "roe_4q": 5.79,
            "gross_profit": 369851,
            "gross_margin": 24.78,
            "gross_margin_4q_avg": 20.97,
            "net_income": 271815,
            "revenue": 1492349,
            "common_shares": 6522401,
            "book_valuer_per_share": 14.33,
            "book_valuer_per_share_4q_avg": 14.45,
            "equity": 9349587,
            "current_ratio": 146.32,
            "debt_ratio": 62.14,
            "inventory_turnover_ratio": 0.07,
            "account_receivable_turnover_ratio": null,
            "reinvestment_rate": 180.4,
            "research_to_sale_ratio": null,
            "price_fair": 39.58,
            "eps_avg_yearly": 1.13,
            "eps_latest_yearly": 1.68,
            "eps_growth_yearly": 709.61
        },
        "20054": {
            "year_quarter": 20054,
            "year": 2005,
            "quarter": 4,
            "eps": 1.38,
            "eps_growth_year": 590,
            "eps_4q": 2.01,
            "eps_4q_growth_year": 157.77,
            "roe": 9.21,
            "roe_4q": 13.629999999999999,
            "gross_profit": 1450460,
            "gross_margin": 28.75,
            "gross_margin_4q_avg": 22.15,
            "net_income": 903041,
            "revenue": 5044989,
            "common_shares": 6522401,
            "book_valuer_per_share": 15.73,
            "book_valuer_per_share_4q_avg": 14.72,
            "equity": 10267361,
            "current_ratio": 160.67,
            "debt_ratio": 63.66,
            "inventory_turnover_ratio": 0.19,
            "account_receivable_turnover_ratio": null,
            "reinvestment_rate": 61.71,
            "research_to_sale_ratio": null,
            "price_fair": 52.38,
            "eps_avg_yearly": 1.5,
            "eps_latest_yearly": 5.52,
            "eps_growth_yearly": 726.66
        },
        "20061": {
            "year_quarter": 20061,
            "year": 2006,
            "quarter": 1,
            "eps": 0.87,
            "eps_growth_year": 411.76,
            "eps_4q": 2.72,
            "eps_4q_growth_year": 399.94,
            "roe": 5.38,
            "roe_4q": 17.89,
            "gross_profit": 711497,
            "gross_margin": 25.56,
            "gross_margin_4q_avg": 23.07,
            "net_income": 567645,
            "revenue": 2784160,
            "common_shares": 6522401,
            "book_valuer_per_share": 16.6,
            "book_valuer_per_share_4q_avg": 15.15,
            "equity": 10825611,
            "current_ratio": 168.15,
            "debt_ratio": 60.78,
            "inventory_turnover_ratio": 0.1,
            "account_receivable_turnover_ratio": null,
            "reinvestment_rate": 34.39,
            "research_to_sale_ratio": null,
            "price_fair": 57.72,
            "eps_avg_yearly": 1.65,
            "eps_latest_yearly": 3.48,
            "eps_growth_yearly": 659.39
        },
        "20062": {
            "year_quarter": 20062,
            "year": 2006,
            "quarter": 2,
            "eps": 0.88,
            "eps_growth_year": 1660,
            "eps_4q": 3.56,
            "eps_4q_growth_year": 563.51,
            "roe": 5.12,
            "roe_4q": 22.66,
            "gross_profit": 872759,
            "gross_margin": 22.57,
            "gross_margin_4q_avg": 25.42,
            "net_income": 572124,
            "revenue": 3867378,
            "common_shares": 6824750,
            "book_valuer_per_share": 16.87,
            "book_valuer_per_share_4q_avg": 15.88,
            "equity": 11510323,
            "current_ratio": 165.93,
            "debt_ratio": 61.87,
            "inventory_turnover_ratio": 0.13,
            "account_receivable_turnover_ratio": null,
            "reinvestment_rate": -0.22,
            "research_to_sale_ratio": null,
            "price_fair": 62.4,
            "eps_avg_yearly": 1.78,
            "eps_latest_yearly": 3.52,
            "eps_growth_yearly": 612.62
        },
        "20063": {
            "year_quarter": 20063,
            "year": 2006,
            "quarter": 3,
            "eps": 0.94,
            "eps_growth_year": 123.81,
            "eps_4q": 4.02,
            "eps_4q_growth_year": 379.59,
            "roe": 5.23,
            "roe_4q": 24.94,
            "gross_profit": 1048081,
            "gross_margin": 28.81,
            "gross_margin_4q_avg": 26.42,
            "net_income": 624376,
            "revenue": 3637442,
            "common_shares": 6918149,
            "book_valuer_per_share": 17.87,
            "book_valuer_per_share_4q_avg": 16.77,
            "equity": 12365263,
            "current_ratio": 175.49,
            "debt_ratio": 57.78,
            "inventory_turnover_ratio": 0.11,
            "account_receivable_turnover_ratio": null,
            "reinvestment_rate": 4.44,
            "research_to_sale_ratio": null,
            "price_fair": 65.4,
            "eps_avg_yearly": 1.87,
            "eps_latest_yearly": 3.76,
            "eps_growth_yearly": 551.71
        },
        "20064": {
            "year_quarter": 20064,
            "year": 2006,
            "quarter": 4,
            "eps": 2.56,
            "eps_growth_year": 85.51,
            "eps_4q": 5.19,
            "eps_4q_growth_year": 158.17,
            "roe": 12.92,
            "roe_4q": 28.65,
            "gross_profit": 1892243,
            "gross_margin": 25.75,
            "gross_margin_4q_avg": 25.67,
            "net_income": 1716204,
            "revenue": 7349029,
            "common_shares": 6944964,
            "book_valuer_per_share": 20.43,
            "book_valuer_per_share_4q_avg": 17.94,
            "equity": 14203585,
            "current_ratio": 175.42,
            "debt_ratio": 56.06,
            "inventory_turnover_ratio": 0.24,
            "account_receivable_turnover_ratio": null,
            "reinvestment_rate": 7.13,
            "research_to_sale_ratio": null,
            "price_fair": 88.3,
            "eps_avg_yearly": 2.52,
            "eps_latest_yearly": 10.24,
            "eps_growth_yearly": 617.47
        },
        "20071": {
            "year_quarter": 20071,
            "year": 2007,
            "quarter": 1,
            "eps": 0.68,
            "eps_growth_year": -21.84,
            "eps_4q": 4.89,
            "eps_4q_growth_year": 79.67,
            "roe": 3.26,
            "roe_4q": 26.53,
            "gross_profit": 706252,
            "gross_margin": 26.84,
            "gross_margin_4q_avg": 25.99,
            "net_income": 470572,
            "revenue": 2631195,
            "common_shares": 6953833,
            "book_valuer_per_share": 21.12,
            "book_valuer_per_share_4q_avg": 19.07,
            "equity": 14684394,
            "current_ratio": 200.84,
            "debt_ratio": 47.98,
            "inventory_turnover_ratio": 0.09,
            "account_receivable_turnover_ratio": null,
            "reinvestment_rate": 4.24,
            "research_to_sale_ratio": null,
            "price_fair": 88.76,
            "eps_avg_yearly": 2.54,
            "eps_latest_yearly": 2.72,
            "eps_growth_yearly": 556.72
        },
        "20072": {
            "year_quarter": 20072,
            "year": 2007,
            "quarter": 2,
            "eps": 0.69,
            "eps_growth_year": -21.59,
            "eps_4q": 4.7,
            "eps_4q_growth_year": 32.15,
            "roe": 3.49,
            "roe_4q": 24.900000000000002,
            "gross_profit": 749740,
            "gross_margin": 30.58,
            "gross_margin_4q_avg": 28,
            "net_income": 483129,
            "revenue": 2452027,
            "common_shares": 6953833,
            "book_valuer_per_share": 18.7,
            "book_valuer_per_share_4q_avg": 19.53,
            "equity": 13002853,
            "current_ratio": 155.28,
            "debt_ratio": 59.16,
            "inventory_turnover_ratio": 0.07,
            "account_receivable_turnover_ratio": null,
            "reinvestment_rate": -1.73,
            "research_to_sale_ratio": null,
            "price_fair": 89.25,
            "eps_avg_yearly": 2.55,
            "eps_latest_yearly": 2.76,
            "eps_growth_yearly": 522.3
        },
        "20073": {
            "year_quarter": 20073,
            "year": 2007,
            "quarter": 3,
            "eps": 0.92,
            "eps_growth_year": -2.13,
            "eps_4q": 4.75,
            "eps_4q_growth_year": 18.2,
            "roe": 4.82,
            "roe_4q": 24.490000000000002,
            "gross_profit": 978640,
            "gross_margin": 38.15,
            "gross_margin_4q_avg": 30.33,
            "net_income": 641935,
            "revenue": 2565152,
            "common_shares": 6953833,
            "book_valuer_per_share": 19.62,
            "book_valuer_per_share_4q_avg": 19.97,
            "equity": 13644788,
            "current_ratio": 153.23,
            "debt_ratio": 60.13,
            "inventory_turnover_ratio": 0.06,
            "account_receivable_turnover_ratio": null,
            "reinvestment_rate": 1.03,
            "research_to_sale_ratio": null,
            "price_fair": 95.9,
            "eps_avg_yearly": 2.74,
            "eps_latest_yearly": 3.68,
            "eps_growth_yearly": 355.63
        },
        "20074": {
            "year_quarter": 20074,
            "year": 2007,
            "quarter": 4,
            "eps": 4.08,
            "eps_growth_year": 59.38,
            "eps_4q": 6.38,
            "eps_4q_growth_year": 22.81,
            "roe": 18.79,
            "roe_4q": 30.36,
            "gross_profit": 3214598,
            "gross_margin": 47.88,
            "gross_margin_4q_avg": 35.86,
            "net_income": 2836126,
            "revenue": 6713823,
            "common_shares": 6953833,
            "book_valuer_per_share": 23.76,
            "book_valuer_per_share_4q_avg": 20.8,
            "equity": 16538366,
            "current_ratio": 169.84,
            "debt_ratio": 54.5,
            "inventory_turnover_ratio": 0.13,
            "account_receivable_turnover_ratio": null,
            "reinvestment_rate": -0.81,
            "research_to_sale_ratio": null,
            "price_fair": 126.35,
            "eps_avg_yearly": 3.61,
            "eps_latest_yearly": 16.32,
            "eps_growth_yearly": 372.75
        },
        "20081": {
            "year_quarter": 20081,
            "year": 2008,
            "quarter": 1,
            "eps": 1.05,
            "eps_growth_year": 54.41,
            "eps_4q": 6.75,
            "eps_4q_growth_year": 38.05,
            "roe": 4.32,
            "roe_4q": 31.42,
            "gross_profit": 938440,
            "gross_margin": 41.78,
            "gross_margin_4q_avg": 39.6,
            "net_income": 729403,
            "revenue": 2246226,
            "common_shares": 6953833,
            "book_valuer_per_share": 24.81,
            "book_valuer_per_share_4q_avg": 21.72,
            "equity": 17267769,
            "current_ratio": 171.6,
            "debt_ratio": 54.22,
            "inventory_turnover_ratio": 0.05,
            "account_receivable_turnover_ratio": null,
            "reinvestment_rate": 0.94,
            "research_to_sale_ratio": null,
            "price_fair": 131.78,
            "eps_avg_yearly": 3.77,
            "eps_latest_yearly": 4.2,
            "eps_growth_yearly": 361.27
        },
        "20082": {
            "year_quarter": 20082,
            "year": 2008,
            "quarter": 2,
            "eps": 1.41,
            "eps_growth_year": 104.35,
            "eps_4q": 7.47,
            "eps_4q_growth_year": 58.76,
            "roe": 6,
            "roe_4q": 33.93,
            "gross_profit": 1658829,
            "gross_margin": 34.8,
            "gross_margin_4q_avg": 40.65,
            "net_income": 978755,
            "revenue": 4766528,
            "common_shares": 6953833,
            "book_valuer_per_share": 22.03,
            "book_valuer_per_share_4q_avg": 22.56,
            "equity": 15334144,
            "current_ratio": 158.34,
            "debt_ratio": 62.69,
            "inventory_turnover_ratio": 0.1,
            "account_receivable_turnover_ratio": null,
            "reinvestment_rate": 3.82,
            "research_to_sale_ratio": null,
            "price_fair": 143.76,
            "eps_avg_yearly": 4.11,
            "eps_latest_yearly": 5.64,
            "eps_growth_yearly": 392.51
        },
        "20083": {
            "year_quarter": 20083,
            "year": 2008,
            "quarter": 3,
            "eps": 2.24,
            "eps_growth_year": 143.48,
            "eps_4q": 8.75,
            "eps_4q_growth_year": 84.41,
            "roe": 9.44,
            "roe_4q": 38.55,
            "gross_profit": 1863010,
            "gross_margin": 36.2,
            "gross_margin_4q_avg": 40.17,
            "net_income": 1562674,
            "revenue": 5147125,
            "common_shares": 7063833,
            "book_valuer_per_share": 25.15,
            "book_valuer_per_share_4q_avg": 23.94,
            "equity": 17776818,
            "current_ratio": 161.46,
            "debt_ratio": 61.9,
            "inventory_turnover_ratio": 0.09,
            "account_receivable_turnover_ratio": null,
            "reinvestment_rate": 5.44,
            "research_to_sale_ratio": null,
            "price_fair": 162.23,
            "eps_avg_yearly": 4.64,
            "eps_latest_yearly": 8.96,
            "eps_growth_yearly": 350.98
        },
        "20084": {
            "year_quarter": 20084,
            "year": 2008,
            "quarter": 4,
            "eps": 1.35,
            "eps_growth_year": -66.91,
            "eps_4q": 6.03,
            "eps_4q_growth_year": -5.5,
            "roe": 5.17,
            "roe_4q": 24.93,
            "gross_profit": 2232851,
            "gross_margin": 38.57,
            "gross_margin_4q_avg": 37.84,
            "net_income": 944051,
            "revenue": 5789047,
            "common_shares": 7063833,
            "book_valuer_per_share": 26.56,
            "book_valuer_per_share_4q_avg": 24.64,
            "equity": 18778070,
            "current_ratio": 158.2,
            "debt_ratio": 62.01,
            "inventory_turnover_ratio": 0.09,
            "account_receivable_turnover_ratio": 14.16,
            "reinvestment_rate": -15.98,
            "research_to_sale_ratio": null,
            "price_fair": 172.29,
            "eps_avg_yearly": 4.92,
            "eps_latest_yearly": 5.4,
            "eps_growth_yearly": 327.58
        },
        "20091": {
            "year_quarter": 20091,
            "year": 2009,
            "quarter": 1,
            "eps": 1.4,
            "eps_growth_year": 33.33,
            "eps_4q": 6.33,
            "eps_4q_growth_year": -6.21,
            "roe": 5.14,
            "roe_4q": 25.75,
            "gross_profit": 1312763,
            "gross_margin": 40.67,
            "gross_margin_4q_avg": 37.56,
            "net_income": 989719,
            "revenue": 3228162,
            "common_shares": 7063833,
            "book_valuer_per_share": 27.96,
            "book_valuer_per_share_4q_avg": 25.43,
            "equity": 19767789,
            "current_ratio": 172.71,
            "debt_ratio": 57.19,
            "inventory_turnover_ratio": 0.05,
            "account_receivable_turnover_ratio": 4.16,
            "reinvestment_rate": -15.76,
            "research_to_sale_ratio": null,
            "price_fair": 183.05,
            "eps_avg_yearly": 5.23,
            "eps_latest_yearly": 5.6,
            "eps_growth_yearly": 332.26
        },
        "20092": {
            "year_quarter": 20092,
            "year": 2009,
            "quarter": 2,
            "eps": 0.61,
            "eps_growth_year": -56.74,
            "eps_4q": 5.57,
            "eps_4q_growth_year": -25.45,
            "roe": 2.25,
            "roe_4q": 22,
            "gross_profit": 1135600,
            "gross_margin": 39.29,
            "gross_margin_4q_avg": 38.68,
            "net_income": 429904,
            "revenue": 2890264,
            "common_shares": 7063833,
            "book_valuer_per_share": 26.07,
            "book_valuer_per_share_4q_avg": 26.44,
            "equity": 18429337,
            "current_ratio": 159.84,
            "debt_ratio": 60.76,
            "inventory_turnover_ratio": 0.04,
            "account_receivable_turnover_ratio": 3.74,
            "reinvestment_rate": -15.65,
            "research_to_sale_ratio": null,
            "price_fair": 187.95,
            "eps_avg_yearly": 5.37,
            "eps_latest_yearly": 2.44,
            "eps_growth_yearly": 335.8
        },
        "20093": {
            "year_quarter": 20093,
            "year": 2009,
            "quarter": 3,
            "eps": 2.69,
            "eps_growth_year": 20.09,
            "eps_4q": 6.03,
            "eps_4q_growth_year": -31.06,
            "roe": 9.8,
            "roe_4q": 22.36,
            "gross_profit": 2283490,
            "gross_margin": 41.97,
            "gross_margin_4q_avg": 40.13,
            "net_income": 1899350,
            "revenue": 5440189,
            "common_shares": 7063833,
            "book_valuer_per_share": 28.76,
            "book_valuer_per_share_4q_avg": 27.34,
            "equity": 20328687,
            "current_ratio": 162.79,
            "debt_ratio": 59.51,
            "inventory_turnover_ratio": 0.08,
            "account_receivable_turnover_ratio": 6.86,
            "reinvestment_rate": -14.19,
            "research_to_sale_ratio": null,
            "price_fair": 207.81,
            "eps_avg_yearly": 5.94,
            "eps_latest_yearly": 10.76,
            "eps_growth_yearly": 236.05
        },
        "20094": {
            "year_quarter": 20094,
            "year": 2009,
            "quarter": 4,
            "eps": 4.32,
            "eps_growth_year": 220,
            "eps_4q": 9.02,
            "eps_4q_growth_year": 49.68,
            "roe": 13.98,
            "roe_4q": 31.17,
            "gross_profit": 4063810,
            "gross_margin": 46.62,
            "gross_margin_4q_avg": 42.14,
            "net_income": 3054957,
            "revenue": 8716111,
            "common_shares": 7063833,
            "book_valuer_per_share": 33.08,
            "book_valuer_per_share_4q_avg": 28.97,
            "equity": 23383644,
            "current_ratio": 182.69,
            "debt_ratio": 53.15,
            "inventory_turnover_ratio": 0.11,
            "account_receivable_turnover_ratio": 25.59,
            "reinvestment_rate": 0.67,
            "research_to_sale_ratio": null,
            "price_fair": 233.54,
            "eps_avg_yearly": 6.67,
            "eps_latest_yearly": 17.28,
            "eps_growth_yearly": 194.05
        },
        "20101": {
            "year_quarter": 20101,
            "year": 2010,
            "quarter": 1,
            "eps": 3.5,
            "eps_growth_year": 150,
            "eps_4q": 11.12,
            "eps_4q_growth_year": 75.71,
            "roe": 10.06,
            "roe_4q": 36.09,
            "gross_profit": 3183096,
            "gross_margin": 44.96,
            "gross_margin_4q_avg": 43.21,
            "net_income": 2476059,
            "revenue": 7079140,
            "common_shares": 7063833,
            "book_valuer_per_share": 36.59,
            "book_valuer_per_share_4q_avg": 31.13,
            "equity": 25859703,
            "current_ratio": 205.94,
            "debt_ratio": 47.47,
            "inventory_turnover_ratio": 0.1,
            "account_receivable_turnover_ratio": 9.7,
            "reinvestment_rate": 0.69,
            "research_to_sale_ratio": null,
            "price_fair": 256.55,
            "eps_avg_yearly": 7.33,
            "eps_latest_yearly": 14,
            "eps_growth_yearly": 198.54
        },
        "20102": {
            "year_quarter": 20102,
            "year": 2010,
            "quarter": 2,
            "eps": 3.49,
            "eps_growth_year": 472.64,
            "eps_4q": 14.01,
            "eps_4q_growth_year": 151.57,
            "roe": 9.88,
            "roe_4q": 43.72,
            "gross_profit": 3369805,
            "gross_margin": 45.98,
            "gross_margin_4q_avg": 44.88,
            "net_income": 2467827,
            "revenue": 7329530,
            "common_shares": 7063833,
            "book_valuer_per_share": 34.08,
            "book_valuer_per_share_4q_avg": 33.13,
            "equity": 24086831,
            "current_ratio": 211.2,
            "debt_ratio": 45.22,
            "inventory_turnover_ratio": 0.11,
            "account_receivable_turnover_ratio": 10.29,
            "reinvestment_rate": 4.04,
            "research_to_sale_ratio": null,
            "price_fair": 279.39,
            "eps_avg_yearly": 7.98,
            "eps_latest_yearly": 13.96,
            "eps_growth_yearly": 198.19
        },
        "20103": {
            "year_quarter": 20103,
            "year": 2010,
            "quarter": 3,
            "eps": 1.44,
            "eps_growth_year": -46.32,
            "eps_4q": 12.76,
            "eps_4q_growth_year": 111.54,
            "roe": 4.15,
            "roe_4q": 38.07000000000001,
            "gross_profit": 776953,
            "gross_margin": 35.87,
            "gross_margin_4q_avg": 43.36,
            "net_income": 1020325,
            "revenue": 2166029,
            "common_shares": 7063833,
            "book_valuer_per_share": 35.45,
            "book_valuer_per_share_4q_avg": 34.8,
            "equity": 25048808,
            "current_ratio": 248.45,
            "debt_ratio": 38.06,
            "inventory_turnover_ratio": 0.05,
            "account_receivable_turnover_ratio": 3.63,
            "reinvestment_rate": 4.68,
            "research_to_sale_ratio": null,
            "price_fair": 283.76,
            "eps_avg_yearly": 8.11,
            "eps_latest_yearly": 5.76,
            "eps_growth_yearly": 181.8
        },
        "20104": {
            "year_quarter": 20104,
            "year": 2010,
            "quarter": 4,
            "eps": 1.03,
            "eps_growth_year": -76.04,
            "eps_4q": 9.48,
            "eps_4q_growth_year": 5.09,
            "roe": 2.88,
            "roe_4q": 26.97,
            "gross_profit": 1209641,
            "gross_margin": 34.7,
            "gross_margin_4q_avg": 40.38,
            "net_income": 731279,
            "revenue": 3485888,
            "common_shares": 7063833,
            "book_valuer_per_share": 36.4,
            "book_valuer_per_share_4q_avg": 35.63,
            "equity": 25723793,
            "current_ratio": 230.23,
            "debt_ratio": 41.04,
            "inventory_turnover_ratio": 0.07,
            "account_receivable_turnover_ratio": 5.96,
            "reinvestment_rate": 6.79,
            "research_to_sale_ratio": null,
            "price_fair": 270.38,
            "eps_avg_yearly": 7.73,
            "eps_latest_yearly": 4.12,
            "eps_growth_yearly": 131.59
        },
        "20111": {
            "year_quarter": 20111,
            "year": 2011,
            "quarter": 1,
            "eps": 2,
            "eps_growth_year": -42.86,
            "eps_4q": 7.43,
            "eps_4q_growth_year": -33.16,
            "roe": 5.27,
            "roe_4q": 22.18,
            "gross_profit": 1918858,
            "gross_margin": 40.96,
            "gross_margin_4q_avg": 39.38,
            "net_income": 1516450,
            "revenue": 4684809,
            "common_shares": 7713833,
            "book_valuer_per_share": 41.24,
            "book_valuer_per_share_4q_avg": 36.79,
            "equity": 31823729,
            "current_ratio": 263.16,
            "debt_ratio": 35.46,
            "inventory_turnover_ratio": 0.08,
            "account_receivable_turnover_ratio": 10.04,
            "reinvestment_rate": 5.84,
            "research_to_sale_ratio": null,
            "price_fair": 281.93,
            "eps_avg_yearly": 8.06,
            "eps_latest_yearly": 8,
            "eps_growth_yearly": 173.5
        },
        "20112": {
            "year_quarter": 20112,
            "year": 2011,
            "quarter": 2,
            "eps": 1.78,
            "eps_growth_year": -49.01,
            "eps_4q": 6.02,
            "eps_4q_growth_year": -57.05,
            "roe": 5.08,
            "roe_4q": 17.380000000000003,
            "gross_profit": 2060061,
            "gross_margin": 38.47,
            "gross_margin_4q_avg": 37.5,
            "net_income": 1549574,
            "revenue": 5355163,
            "common_shares": 7713833,
            "book_valuer_per_share": 37.03,
            "book_valuer_per_share_4q_avg": 37.53,
            "equity": 29153691,
            "current_ratio": 187.38,
            "debt_ratio": 48.94,
            "inventory_turnover_ratio": 0.09,
            "account_receivable_turnover_ratio": 20.43,
            "reinvestment_rate": 13.27,
            "research_to_sale_ratio": null,
            "price_fair": 291.46,
            "eps_avg_yearly": 8.33,
            "eps_latest_yearly": 7.12,
            "eps_growth_yearly": 170.38
        },
        "20113": {
            "year_quarter": 20113,
            "year": 2011,
            "quarter": 3,
            "eps": 1.8,
            "eps_growth_year": 24.73,
            "eps_4q": 6.5,
            "eps_4q_growth_year": -49.12,
            "roe": 4.64,
            "roe_4q": 17.869999999999997,
            "gross_profit": 1738019,
            "gross_margin": 42.72,
            "gross_margin_4q_avg": 39.21,
            "net_income": 1387757,
            "revenue": 4068216,
            "common_shares": 7714332,
            "book_valuer_per_share": 39.06,
            "book_valuer_per_share_4q_avg": 38.43,
            "equity": 30718242,
            "current_ratio": 176.16,
            "debt_ratio": 51.4,
            "inventory_turnover_ratio": 0.05,
            "account_receivable_turnover_ratio": 16.87,
            "reinvestment_rate": 13.79,
            "research_to_sale_ratio": null,
            "price_fair": 299.16,
            "eps_avg_yearly": 8.55,
            "eps_latest_yearly": 7.2,
            "eps_growth_yearly": 162.33
        },
        "20114": {
            "year_quarter": 20114,
            "year": 2011,
            "quarter": 4,
            "eps": 2.09,
            "eps_growth_year": 102.31,
            "eps_4q": 7.64,
            "eps_4q_growth_year": -19.37,
            "roe": 5.06,
            "roe_4q": 20.049999999999997,
            "gross_profit": 2561542,
            "gross_margin": 41.92,
            "gross_margin_4q_avg": 41.02,
            "net_income": 1594868,
            "revenue": 6110854,
            "common_shares": 7714332,
            "book_valuer_per_share": 41.14,
            "book_valuer_per_share_4q_avg": 39.62,
            "equity": 32317780,
            "current_ratio": 188.05,
            "debt_ratio": 48,
            "inventory_turnover_ratio": 0.08,
            "account_receivable_turnover_ratio": 25.1,
            "reinvestment_rate": 18.33,
            "research_to_sale_ratio": null,
            "price_fair": 281.75,
            "eps_avg_yearly": 8.05,
            "eps_latest_yearly": 8.36,
            "eps_growth_yearly": 80.48
        },
        "20121": {
            "year_quarter": 20121,
            "year": 2012,
            "quarter": 1,
            "eps": 1.17,
            "eps_growth_year": -41.5,
            "eps_4q": 6.85,
            "eps_4q_growth_year": -7.89,
            "roe": 2.75,
            "roe_4q": 17.53,
            "gross_profit": 1385624,
            "gross_margin": 41.65,
            "gross_margin_4q_avg": 41.19,
            "net_income": 902283,
            "revenue": 3327035,
            "common_shares": 7714332,
            "book_valuer_per_share": 42.57,
            "book_valuer_per_share_4q_avg": 39.95,
            "equity": 33419677,
            "current_ratio": 200.25,
            "debt_ratio": 47.96,
            "inventory_turnover_ratio": 0.04,
            "account_receivable_turnover_ratio": 12.11,
            "reinvestment_rate": 17.64,
            "research_to_sale_ratio": null,
            "price_fair": 282.8,
            "eps_avg_yearly": 8.08,
            "eps_latest_yearly": 4.68,
            "eps_growth_yearly": 88.05
        },
        "20122": {
            "year_quarter": 20122,
            "year": 2012,
            "quarter": 2,
            "eps": 2.16,
            "eps_growth_year": 21.21,
            "eps_4q": 7.23,
            "eps_4q_growth_year": 20.09,
            "roe": 5.13,
            "roe_4q": 17.58,
            "gross_profit": 2592603,
            "gross_margin": 43.17,
            "gross_margin_4q_avg": 42.37,
            "net_income": 1663600,
            "revenue": 6005783,
            "common_shares": 7714332,
            "book_valuer_per_share": 39.95,
            "book_valuer_per_share_4q_avg": 40.68,
            "equity": 31396448,
            "current_ratio": 173.43,
            "debt_ratio": 55.34,
            "inventory_turnover_ratio": 0.07,
            "account_receivable_turnover_ratio": 17.05,
            "reinvestment_rate": 19.81,
            "research_to_sale_ratio": null,
            "price_fair": 289.36,
            "eps_avg_yearly": 8.27,
            "eps_latest_yearly": 8.64,
            "eps_growth_yearly": 100.63
        },
        "20123": {
            "year_quarter": 20123,
            "year": 2012,
            "quarter": 3,
            "eps": 1.73,
            "eps_growth_year": -4.18,
            "eps_4q": 7.15,
            "eps_4q_growth_year": 10.08,
            "roe": 4.15,
            "roe_4q": 17.09,
            "gross_profit": 1848446,
            "gross_margin": 42.68,
            "gross_margin_4q_avg": 42.36,
            "net_income": 1330498,
            "revenue": 4330554,
            "common_shares": 7714332,
            "book_valuer_per_share": 41.64,
            "book_valuer_per_share_4q_avg": 41.33,
            "equity": 32703131,
            "current_ratio": 167.05,
            "debt_ratio": 57.03,
            "inventory_turnover_ratio": 0.05,
            "account_receivable_turnover_ratio": 9.7,
            "reinvestment_rate": 24.8,
            "research_to_sale_ratio": null,
            "price_fair": 284.9,
            "eps_avg_yearly": 8.14,
            "eps_latest_yearly": 6.92,
            "eps_growth_yearly": 80.94
        },
        "20124": {
            "year_quarter": 20124,
            "year": 2012,
            "quarter": 4,
            "eps": 1.18,
            "eps_growth_year": -43.73,
            "eps_4q": 6.23,
            "eps_4q_growth_year": -18.41,
            "roe": 2.74,
            "roe_4q": 14.77,
            "gross_profit": 1780380,
            "gross_margin": 38.08,
            "gross_margin_4q_avg": 41.4,
            "net_income": 908127,
            "revenue": 4675053,
            "common_shares": 7714332,
            "book_valuer_per_share": 42.81,
            "book_valuer_per_share_4q_avg": 41.74,
            "equity": 33611429,
            "current_ratio": 172.33,
            "debt_ratio": 55.09,
            "inventory_turnover_ratio": 0.05,
            "account_receivable_turnover_ratio": 7.14,
            "reinvestment_rate": 34.15,
            "research_to_sale_ratio": null,
            "price_fair": 283.41,
            "eps_avg_yearly": 8.1,
            "eps_latest_yearly": 4.72,
            "eps_growth_yearly": 82.92
        },
        "20131": {
            "year_quarter": 20131,
            "year": 2013,
            "quarter": 1,
            "eps": 1.92,
            "eps_growth_year": 64.1,
            "eps_4q": 6.98,
            "eps_4q_growth_year": 2,
            "roe": 4.62,
            "roe_4q": 16.64,
            "gross_profit": 2055795,
            "gross_margin": 41.76,
            "gross_margin_4q_avg": 41.42,
            "net_income": 1477200,
            "revenue": 4923362,
            "common_shares": 7714332,
            "book_valuer_per_share": 38.63,
            "book_valuer_per_share_4q_avg": 40.76,
            "equity": 30403142,
            "current_ratio": 170.86,
            "debt_ratio": 58.35,
            "inventory_turnover_ratio": 0.06,
            "account_receivable_turnover_ratio": 7.51,
            "reinvestment_rate": 11.22,
            "research_to_sale_ratio": null,
            "price_fair": 287.96,
            "eps_avg_yearly": 8.23,
            "eps_latest_yearly": 7.68,
            "eps_growth_yearly": 97.67
        },
        "20132": {
            "year_quarter": 20132,
            "year": 2013,
            "quarter": 2,
            "eps": 2.98,
            "eps_growth_year": 38.03,
            "eps_4q": 7.8,
            "eps_4q_growth_year": 8,
            "roe": 7.58,
            "roe_4q": 19.09,
            "gross_profit": 3378982,
            "gross_margin": 43.23,
            "gross_margin_4q_avg": 41.44,
            "net_income": 2293645,
            "revenue": 7817063,
            "common_shares": 7714332,
            "book_valuer_per_share": 38.18,
            "book_valuer_per_share_4q_avg": 40.32,
            "equity": 30128369,
            "current_ratio": 169.66,
            "debt_ratio": 58.67,
            "inventory_turnover_ratio": 0.09,
            "account_receivable_turnover_ratio": 16.8,
            "reinvestment_rate": 10.92,
            "research_to_sale_ratio": null,
            "price_fair": 308.7,
            "eps_avg_yearly": 8.82,
            "eps_latest_yearly": 11.92,
            "eps_growth_yearly": 125.58
        },
        "20133": {
            "year_quarter": 20133,
            "year": 2013,
            "quarter": 3,
            "eps": 1.3,
            "eps_growth_year": -24.67,
            "eps_4q": 7.38,
            "eps_4q_growth_year": 3.15,
            "roe": 3.25,
            "roe_4q": 18.189999999999998,
            "gross_profit": 1499798,
            "gross_margin": 40.48,
            "gross_margin_4q_avg": 40.89,
            "net_income": 995760,
            "revenue": 3704585,
            "common_shares": 7714332,
            "book_valuer_per_share": 39.43,
            "book_valuer_per_share_4q_avg": 39.76,
            "equity": 31223812,
            "current_ratio": 167.57,
            "debt_ratio": 59.22,
            "inventory_turnover_ratio": 0.04,
            "account_receivable_turnover_ratio": 7.17,
            "reinvestment_rate": 11.85,
            "research_to_sale_ratio": null,
            "price_fair": 296.54,
            "eps_avg_yearly": 8.47,
            "eps_latest_yearly": 5.2,
            "eps_growth_yearly": 26.24
        },
        "20134": {
            "year_quarter": 20134,
            "year": 2013,
            "quarter": 4,
            "eps": 2.29,
            "eps_growth_year": 94.43,
            "eps_4q": 8.01,
            "eps_4q_growth_year": 28.54,
            "roe": 5.63,
            "roe_4q": 21.080000000000002,
            "gross_profit": 2927200,
            "gross_margin": 33.75,
            "gross_margin_4q_avg": 39.81,
            "net_income": 1909024,
            "revenue": 8672612,
            "common_shares": 8354332,
            "book_valuer_per_share": 42.61,
            "book_valuer_per_share_4q_avg": 39.71,
            "equity": 36620067,
            "current_ratio": 172.14,
            "debt_ratio": 56.93,
            "inventory_turnover_ratio": 0.11,
            "account_receivable_turnover_ratio": 12.53,
            "reinvestment_rate": 14.32,
            "research_to_sale_ratio": null,
            "price_fair": 278.78,
            "eps_avg_yearly": 7.97,
            "eps_latest_yearly": 9.16,
            "eps_growth_yearly": 30.13
        },
        "20141": {
            "year_quarter": 20141,
            "year": 2014,
            "quarter": 1,
            "eps": 1.42,
            "eps_growth_year": -26.04,
            "eps_4q": 7.66,
            "eps_4q_growth_year": 9.65,
            "roe": 3.18,
            "roe_4q": 19.64,
            "gross_profit": 1895205,
            "gross_margin": 40.99,
            "gross_margin_4q_avg": 39.61,
            "net_income": 1181539,
            "revenue": 4623567,
            "common_shares": 8354332,
            "book_valuer_per_share": 43.99,
            "book_valuer_per_share_4q_avg": 41.05,
            "equity": 37768572,
            "current_ratio": 171.87,
            "debt_ratio": 57.29,
            "inventory_turnover_ratio": 0.05,
            "account_receivable_turnover_ratio": 6.27,
            "reinvestment_rate": 15.32,
            "research_to_sale_ratio": null,
            "price_fair": 260.58,
            "eps_avg_yearly": 7.45,
            "eps_latest_yearly": 5.68,
            "eps_growth_yearly": 25.38
        },
        "20142": {
            "year_quarter": 20142,
            "year": 2014,
            "quarter": 2,
            "eps": 0.19,
            "eps_growth_year": -93.62,
            "eps_4q": 5.1,
            "eps_4q_growth_year": -34.64,
            "roe": 0.41,
            "roe_4q": 12.47,
            "gross_profit": 1360013,
            "gross_margin": 38.11,
            "gross_margin_4q_avg": 38.33,
            "net_income": 155181,
            "revenue": 3568653,
            "common_shares": 8354332,
            "book_valuer_per_share": 42.58,
            "book_valuer_per_share_4q_avg": 42.15,
            "equity": 37135859,
            "current_ratio": 159.01,
            "debt_ratio": 60.12,
            "inventory_turnover_ratio": 0.04,
            "account_receivable_turnover_ratio": 5.05,
            "reinvestment_rate": 25.51,
            "research_to_sale_ratio": null,
            "price_fair": 91.33,
            "eps_avg_yearly": 6.62,
            "eps_latest_yearly": 0.76,
            "eps_growth_yearly": 3.8
        },
        "20143": {
            "year_quarter": 20143,
            "year": 2014,
            "quarter": 3,
            "eps": 0.97,
            "eps_growth_year": -25.38,
            "eps_4q": 4.87,
            "eps_4q_growth_year": -33.98,
            "roe": 2.08,
            "roe_4q": 11.3,
            "gross_profit": 907870,
            "gross_margin": 36.1,
            "gross_margin_4q_avg": 37.24,
            "net_income": 797907,
            "revenue": 2514936,
            "common_shares": 8354332,
            "book_valuer_per_share": 43.75,
            "book_valuer_per_share_4q_avg": 43.23,
            "equity": 39637299,
            "current_ratio": 161.52,
            "debt_ratio": 59.4,
            "inventory_turnover_ratio": 0.02,
            "account_receivable_turnover_ratio": 4.56,
            "reinvestment_rate": 26.25,
            "research_to_sale_ratio": null,
            "price_fair": 227.59,
            "eps_avg_yearly": 6.5,
            "eps_latest_yearly": 3.88,
            "eps_growth_yearly": 121.11
        },
        "20144": {
            "year_quarter": 20144,
            "year": 2014,
            "quarter": 4,
            "eps": 3.41,
            "eps_growth_year": 49.06,
            "eps_4q": 5.99,
            "eps_4q_growth_year": -25.21,
            "roe": 7.17,
            "roe_4q": 12.84,
            "gross_profit": 2692402,
            "gross_margin": 37.83,
            "gross_margin_4q_avg": 38.26,
            "net_income": 2842456,
            "revenue": 7117045,
            "common_shares": 8354332,
            "book_valuer_per_share": 47.42,
            "book_valuer_per_share_4q_avg": 44.44,
            "equity": 39623742,
            "current_ratio": 157.95,
            "debt_ratio": 58.67,
            "inventory_turnover_ratio": 0.06,
            "account_receivable_turnover_ratio": 7.89,
            "reinvestment_rate": 22.55,
            "research_to_sale_ratio": null,
            "price_fair": 248.41,
            "eps_avg_yearly": 7.1,
            "eps_latest_yearly": 13.64,
            "eps_growth_yearly": 191.12
        },
        "20151": {
            "year_quarter": 20151,
            "year": 2015,
            "quarter": 1,
            "eps": 1.74,
            "eps_growth_year": 22.54,
            "eps_4q": 6.32,
            "eps_4q_growth_year": -17.54,
            "roe": 3.61,
            "roe_4q": 13.27,
            "gross_profit": 2246971,
            "gross_margin": 34.1,
            "gross_margin_4q_avg": 36.54,
            "net_income": 1455646,
            "revenue": 6590083,
            "common_shares": 8354332,
            "book_valuer_per_share": 49.09,
            "book_valuer_per_share_4q_avg": 45.71,
            "equity": 41024173,
            "current_ratio": 162.46,
            "debt_ratio": 57.07,
            "inventory_turnover_ratio": 0.06,
            "account_receivable_turnover_ratio": 4.03,
            "reinvestment_rate": 22.19,
            "research_to_sale_ratio": null,
            "price_fair": 246.14,
            "eps_avg_yearly": 7.03,
            "eps_latest_yearly": 6.96,
            "eps_growth_yearly": 155.33
        },
        "20152": {
            "year_quarter": 20152,
            "year": 2015,
            "quarter": 2,
            "eps": 2.46,
            "eps_growth_year": 1194.74,
            "eps_4q": 8.58,
            "eps_4q_growth_year": 68.23,
            "roe": 5.08,
            "roe_4q": 17.939999999999998,
            "gross_profit": 2939327,
            "gross_margin": 34.82,
            "gross_margin_4q_avg": 35.71,
            "net_income": 2051914,
            "revenue": 8442274,
            "common_shares": 8354332,
            "book_valuer_per_share": 47.66,
            "book_valuer_per_share_4q_avg": 46.98,
            "equity": 39827939,
            "current_ratio": 155.28,
            "debt_ratio": 59.38,
            "inventory_turnover_ratio": 0.08,
            "account_receivable_turnover_ratio": 5.01,
            "reinvestment_rate": 15.71,
            "research_to_sale_ratio": null,
            "price_fair": 252.09,
            "eps_avg_yearly": 7.2,
            "eps_latest_yearly": 9.84,
            "eps_growth_yearly": 168.42
        },
        "20153": {
            "year_quarter": 20153,
            "year": 2015,
            "quarter": 3,
            "eps": 1.4,
            "eps_growth_year": 44.33,
            "eps_4q": 9.02,
            "eps_4q_growth_year": 85.18,
            "roe": 2.87,
            "roe_4q": 18.73,
            "gross_profit": 1675312,
            "gross_margin": 33.16,
            "gross_margin_4q_avg": 34.98,
            "net_income": 1174247,
            "revenue": 5052791,
            "common_shares": 8354332,
            "book_valuer_per_share": 50.19,
            "book_valuer_per_share_4q_avg": 48.59,
            "equity": 41939671,
            "current_ratio": 160.26,
            "debt_ratio": 57.05,
            "inventory_turnover_ratio": 0.05,
            "account_receivable_turnover_ratio": 3.1,
            "reinvestment_rate": 18.5,
            "research_to_sale_ratio": null,
            "price_fair": 248.59,
            "eps_avg_yearly": 7.1,
            "eps_latest_yearly": 5.6,
            "eps_growth_yearly": 157.37
        },
        "20154": {
            "year_quarter": 20154,
            "year": 2015,
            "quarter": 4,
            "eps": 2.14,
            "eps_growth_year": -37.35,
            "eps_4q": 7.74,
            "eps_4q_growth_year": 29.18,
            "roe": 4.18,
            "roe_4q": 15.739999999999998,
            "gross_profit": 2361510,
            "gross_margin": 33.21,
            "gross_margin_4q_avg": 33.82,
            "net_income": 1787517,
            "revenue": 7110434,
            "common_shares": 8354332,
            "book_valuer_per_share": 52.18,
            "book_valuer_per_share_4q_avg": 49.78,
            "equity": 43599314,
            "current_ratio": 164.63,
            "debt_ratio": 55.42,
            "inventory_turnover_ratio": 0.07,
            "account_receivable_turnover_ratio": 4.18,
            "reinvestment_rate": 16.78,
            "research_to_sale_ratio": null,
            "price_fair": 249.03,
            "eps_avg_yearly": 7.12,
            "eps_latest_yearly": 8.56,
            "eps_growth_yearly": 166.56
        },
        "20161": {
            "year_quarter": 20161,
            "year": 2016,
            "quarter": 1,
            "eps": 0.44,
            "eps_growth_year": -74.71,
            "eps_4q": 6.44,
            "eps_4q_growth_year": 1.98,
            "roe": 0.84,
            "roe_4q": 12.969999999999999,
            "gross_profit": 710924,
            "gross_margin": 27.9,
            "gross_margin_4q_avg": 32.27,
            "net_income": 368914,
            "revenue": 2547816,
            "common_shares": 8354332,
            "book_valuer_per_share": 52.47,
            "book_valuer_per_share_4q_avg": 50.63,
            "equity": 43842105,
            "current_ratio": 163.76,
            "debt_ratio": 55.75,
            "inventory_turnover_ratio": 0.03,
            "account_receivable_turnover_ratio": 1.47,
            "reinvestment_rate": 17.08,
            "research_to_sale_ratio": null,
            "price_fair": 242.64,
            "eps_avg_yearly": 6.93,
            "eps_latest_yearly": 1.76,
            "eps_growth_yearly": 157.7
        },
        "20162": {
            "year_quarter": 20162,
            "year": 2016,
            "quarter": 2,
            "eps": 3.28,
            "eps_growth_year": 33.33,
            "eps_4q": 7.27,
            "eps_4q_growth_year": -15.3,
            "roe": 6.29,
            "roe_4q": 14.18,
            "gross_profit": 3218609,
            "gross_margin": 27.44,
            "gross_margin_4q_avg": 30.43,
            "net_income": 2743976,
            "revenue": 11728304,
            "common_shares": 8354332,
            "book_valuer_per_share": 51.89,
            "book_valuer_per_share_4q_avg": 51.68,
            "equity": 43364488,
            "current_ratio": 164.41,
            "debt_ratio": 55.09,
            "inventory_turnover_ratio": 0.12,
            "account_receivable_turnover_ratio": 6.67,
            "reinvestment_rate": 18.14,
            "research_to_sale_ratio": null,
            "price_fair": 252.44,
            "eps_avg_yearly": 7.21,
            "eps_latest_yearly": 13.12,
            "eps_growth_yearly": 297.91
        },
        "20163": {
            "year_quarter": 20163,
            "year": 2016,
            "quarter": 3,
            "eps": 1.56,
            "eps_growth_year": 11.43,
            "eps_4q": 7.43,
            "eps_4q_growth_year": -17.63,
            "roe": 2.98,
            "roe_4q": 14.29,
            "gross_profit": 2346606,
            "gross_margin": 28.8,
            "gross_margin_4q_avg": 29.34,
            "net_income": 1307286,
            "revenue": 8147524,
            "common_shares": 8354332,
            "book_valuer_per_share": 53.1,
            "book_valuer_per_share_4q_avg": 52.41,
            "equity": 44373183,
            "current_ratio": 177.2,
            "debt_ratio": 51.18,
            "inventory_turnover_ratio": 0.08,
            "account_receivable_turnover_ratio": 4.72,
            "reinvestment_rate": 11.56,
            "research_to_sale_ratio": null,
            "price_fair": 250.95,
            "eps_avg_yearly": 7.17,
            "eps_latest_yearly": 6.24,
            "eps_growth_yearly": 289.78
        },
        "20164": {
            "year_quarter": 20164,
            "year": 2016,
            "quarter": 4,
            "eps": -1.09,
            "eps_growth_year": -151.18,
            "eps_4q": 4.19,
            "eps_4q_growth_year": -45.84,
            "roe": -2.08,
            "roe_4q": 8.03,
            "gross_profit": 1522891,
            "gross_margin": 28.77,
            "gross_margin_4q_avg": 28.23,
            "net_income": -914308,
            "revenue": 5292982,
            "common_shares": 8354332,
            "book_valuer_per_share": 52.14,
            "book_valuer_per_share_4q_avg": 52.4,
            "equity": 43568154,
            "current_ratio": 191.09,
            "debt_ratio": 50.93,
            "inventory_turnover_ratio": 0.06,
            "account_receivable_turnover_ratio": 3.19,
            "reinvestment_rate": -27.92,
            "research_to_sale_ratio": null,
            "price_fair": 256.67,
            "eps_avg_yearly": 7.33,
            "eps_latest_yearly": 6.24,
            "eps_growth_yearly": 317.58
        },
        "20171": {
            "year_quarter": 20171,
            "year": 2017,
            "quarter": 1,
            "eps": 0.22,
            "eps_growth_year": -50,
            "eps_4q": 3.97,
            "eps_4q_growth_year": -38.4,
            "roe": 0.41,
            "roe_4q": 7.6,
            "gross_profit": 754087,
            "gross_margin": 24.54,
            "gross_margin_4q_avg": 27.39,
            "net_income": 180260,
            "revenue": 3072828,
            "common_shares": 8354332,
            "book_valuer_per_share": 52.38,
            "book_valuer_per_share_4q_avg": 52.38,
            "equity": 43773710,
            "current_ratio": 193.1,
            "debt_ratio": 49.98,
            "inventory_turnover_ratio": 0.04,
            "account_receivable_turnover_ratio": 1.76,
            "reinvestment_rate": -0.9,
            "research_to_sale_ratio": null,
            "price_fair": 255.8,
            "eps_avg_yearly": 7.31,
            "eps_latest_yearly": 6.24,
            "eps_growth_yearly": 322.34
        },
        "20172": {
            "year_quarter": 20172,
            "year": 2017,
            "quarter": 2,
            "eps": 0.69,
            "eps_growth_year": -78.96,
            "eps_4q": 1.37,
            "eps_4q_growth_year": -81.11,
            "roe": 1.35,
            "roe_4q": 2.66,
            "gross_profit": 978059,
            "gross_margin": 23.59,
            "gross_margin_4q_avg": 26.43,
            "net_income": 574700,
            "revenue": 4145987,
            "common_shares": 8354332,
            "book_valuer_per_share": 49.15,
            "book_valuer_per_share_4q_avg": 51.69,
            "equity": 41069464,
            "current_ratio": 177.68,
            "debt_ratio": 54.24,
            "inventory_turnover_ratio": 0.05,
            "account_receivable_turnover_ratio": 2.47,
            "reinvestment_rate": -2.2,
            "research_to_sale_ratio": null,
            "price_fair": 232.9,
            "eps_avg_yearly": 6.65,
            "eps_latest_yearly": 2.76,
            "eps_growth_yearly": 367.61
        },
        "20173": {
            "year_quarter": 20173,
            "year": 2017,
            "quarter": 3,
            "eps": 1.05,
            "eps_growth_year": -32.69,
            "eps_4q": 0.86,
            "eps_4q_growth_year": -88.46,
            "roe": 2.11,
            "roe_4q": 1.79,
            "gross_profit": 1424781,
            "gross_margin": 23.6,
            "gross_margin_4q_avg": 25.13,
            "net_income": 876412,
            "revenue": 6037518,
            "common_shares": 8354332,
            "book_valuer_per_share": 50.18,
            "book_valuer_per_share_4q_avg": 50.96,
            "equity": 41930454,
            "current_ratio": 187.26,
            "debt_ratio": 51.31,
            "inventory_turnover_ratio": 0.07,
            "account_receivable_turnover_ratio": 4.74,
            "reinvestment_rate": -1.7,
            "research_to_sale_ratio": null,
            "price_fair": 230.4,
            "eps_avg_yearly": 6.58,
            "eps_latest_yearly": 4.2,
            "eps_growth_yearly": 398.62
        },
        "20174": {
            "year_quarter": 20174,
            "year": 2017,
            "quarter": 4,
            "eps": 0.45,
            "eps_growth_year": null,
            "eps_4q": 2.4,
            "eps_4q_growth_year": -42.65,
            "roe": 0.9,
            "roe_4q": 4.77,
            "gross_profit": 1068712,
            "gross_margin": 19.87,
            "gross_margin_4q_avg": 22.9,
            "net_income": 378451,
            "revenue": 5377547,
            "common_shares": 8354332,
            "book_valuer_per_share": 50.71,
            "book_valuer_per_share_4q_avg": 50.61,
            "equity": 42374614,
            "current_ratio": 194.35,
            "debt_ratio": 51.09,
            "inventory_turnover_ratio": 0.07,
            "account_receivable_turnover_ratio": 5.63,
            "reinvestment_rate": -4.65,
            "research_to_sale_ratio": null,
            "price_fair": 212,
            "eps_avg_yearly": 6.06,
            "eps_latest_yearly": 1.8,
            "eps_growth_yearly": 360.54
        },
        "20181": {
            "year_quarter": 20181,
            "year": 2018,
            "quarter": 1,
            "eps": 0.67,
            "eps_growth_year": 204.55,
            "eps_4q": 2.86,
            "eps_4q_growth_year": -27.95,
            "roe": 1.31,
            "roe_4q": 5.67,
            "gross_profit": 972274,
            "gross_margin": 22.3,
            "gross_margin_4q_avg": 22.34,
            "net_income": 559476,
            "revenue": 4360910,
            "common_shares": 8354332,
            "book_valuer_per_share": 51.32,
            "book_valuer_per_share_4q_avg": 50.34,
            "equity": 42888129,
            "current_ratio": 203.67,
            "debt_ratio": 48.81,
            "inventory_turnover_ratio": 0.05,
            "account_receivable_turnover_ratio": 4.27,
            "reinvestment_rate": -9.4,
            "research_to_sale_ratio": null,
            "price_fair": 204.5,
            "eps_avg_yearly": 5.84,
            "eps_latest_yearly": 2.68,
            "eps_growth_yearly": 385.36
        },
        "20182": {
            "year_quarter": 20182,
            "year": 2018,
            "quarter": 2,
            "eps": 0.62,
            "eps_growth_year": -10.14,
            "eps_4q": 2.79,
            "eps_4q_growth_year": 103.43,
            "roe": 1.24,
            "roe_4q": 5.56,
            "gross_profit": 1209445,
            "gross_margin": 26.66,
            "gross_margin_4q_avg": 23.11,
            "net_income": 520213,
            "revenue": 4535722,
            "common_shares": 8354332,
            "book_valuer_per_share": 49.42,
            "book_valuer_per_share_4q_avg": 50.41,
            "equity": 41299067,
            "current_ratio": 191.87,
            "debt_ratio": 50.97,
            "inventory_turnover_ratio": 0.05,
            "account_receivable_turnover_ratio": 3.2,
            "reinvestment_rate": -18.54,
            "research_to_sale_ratio": null,
            "price_fair": 208.8,
            "eps_avg_yearly": 5.97,
            "eps_latest_yearly": 2.48,
            "eps_growth_yearly": 407.98
        },
        "20183": {
            "year_quarter": 20183,
            "year": 2018,
            "quarter": 3,
            "eps": 0.76,
            "eps_growth_year": -27.62,
            "eps_4q": 2.5,
            "eps_4q_growth_year": 192.06,
            "roe": 1.52,
            "roe_4q": 4.970000000000001,
            "gross_profit": 1598741,
            "gross_margin": 21.82,
            "gross_margin_4q_avg": 22.66,
            "net_income": 632564,
            "revenue": 7327955,
            "common_shares": 8354332,
            "book_valuer_per_share": 50.15,
            "book_valuer_per_share_4q_avg": 50.4,
            "equity": 41863617,
            "current_ratio": 204.28,
            "debt_ratio": 47.89,
            "inventory_turnover_ratio": 0.09,
            "account_receivable_turnover_ratio": 4.56,
            "reinvestment_rate": -22.43,
            "research_to_sale_ratio": null,
            "price_fair": 206.7,
            "eps_avg_yearly": 5.91,
            "eps_latest_yearly": 3.04,
            "eps_growth_yearly": 297.13
        },
        "20184": {
            "year_quarter": 20184,
            "year": 2018,
            "quarter": 4,
            "eps": 0.36,
            "eps_growth_year": -20,
            "eps_4q": 2.48,
            "eps_4q_growth_year": 3.34,
            "roe": 0.7,
            "roe_4q": 4.77,
            "gross_profit": 1261941,
            "gross_margin": 15.74,
            "gross_margin_4q_avg": 21.63,
            "net_income": 291920,
            "revenue": 8017032,
            "common_shares": 8062592,
            "book_valuer_per_share": 50.88,
            "book_valuer_per_share_4q_avg": 50.44,
            "equity": 41033430,
            "current_ratio": 199.53,
            "debt_ratio": 46.94,
            "inventory_turnover_ratio": 0.11,
            "account_receivable_turnover_ratio": 5.18,
            "reinvestment_rate": -23.47,
            "research_to_sale_ratio": null,
            "price_fair": 176.2,
            "eps_avg_yearly": 5.03,
            "eps_latest_yearly": 1.44,
            "eps_growth_yearly": 210.23
        },
        "20191": {
            "year_quarter": 20191,
            "year": 2019,
            "quarter": 1,
            "eps": 0.97,
            "eps_growth_year": 44.78,
            "eps_4q": 2.77,
            "eps_4q_growth_year": -3.26,
            "roe": 1.9,
            "roe_4q": 5.359999999999999,
            "gross_profit": 1440099,
            "gross_margin": 23.44,
            "gross_margin_4q_avg": 21.92,
            "net_income": 785158,
            "revenue": 6143448,
            "common_shares": 8062592,
            "book_valuer_per_share": 51.83,
            "book_valuer_per_share_4q_avg": 50.57,
            "equity": 41794417,
            "current_ratio": 214.57,
            "debt_ratio": 45.55,
            "inventory_turnover_ratio": 0.08,
            "account_receivable_turnover_ratio": 4.54,
            "reinvestment_rate": -25.33,
            "research_to_sale_ratio": null,
            "price_fair": 168.5,
            "eps_avg_yearly": 4.81,
            "eps_latest_yearly": 3.88,
            "eps_growth_yearly": 272.63
        },
        "20192": {
            "year_quarter": 20192,
            "year": 2019,
            "quarter": 2,
            "eps": 0.38,
            "eps_growth_year": -38.71,
            "eps_4q": 2.5,
            "eps_4q_growth_year": -10.39,
            "roe": 0.76,
            "roe_4q": 4.880000000000001,
            "gross_profit": 756538,
            "gross_margin": 26.84,
            "gross_margin_4q_avg": 21.96,
            "net_income": 308777,
            "revenue": 2819060,
            "common_shares": 8062592,
            "book_valuer_per_share": 49.17,
            "book_valuer_per_share_4q_avg": 50.51,
            "equity": 39652269,
            "current_ratio": 201.29,
            "debt_ratio": 52.2,
            "inventory_turnover_ratio": 0.04,
            "account_receivable_turnover_ratio": 2.32,
            "reinvestment_rate": -31.11,
            "research_to_sale_ratio": null,
            "price_fair": 147.7,
            "eps_avg_yearly": 4.22,
            "eps_latest_yearly": 1.52,
            "eps_growth_yearly": 243.43
        },
        "20193": {
            "year_quarter": 20193,
            "year": 2019,
            "quarter": 3,
            "eps": 1.23,
            "eps_growth_year": 61.84,
            "eps_4q": 2.95,
            "eps_4q_growth_year": 17.86,
            "roe": 2.48,
            "roe_4q": 5.840000000000001,
            "gross_profit": 1813802,
            "gross_margin": 31.82,
            "gross_margin_4q_avg": 24.46,
            "net_income": 993946,
            "revenue": 5700380,
            "common_shares": 8062592,
            "book_valuer_per_share": 50.33,
            "book_valuer_per_share_4q_avg": 50.55,
            "equity": 40591917,
            "current_ratio": 205.47,
            "debt_ratio": 50.93,
            "inventory_turnover_ratio": 0.07,
            "account_receivable_turnover_ratio": 5.36,
            "reinvestment_rate": -39.24,
            "research_to_sale_ratio": null,
            "price_fair": 146,
            "eps_avg_yearly": 4.17,
            "eps_latest_yearly": 4.92,
            "eps_growth_yearly": 319.65
        },
        "20194": {
            "year_quarter": 20194,
            "year": 2019,
            "quarter": 4,
            "eps": 1.3,
            "eps_growth_year": 260.26,
            "eps_4q": 3.89,
            "eps_4q_growth_year": 56.67,
            "roe": 2.56,
            "roe_4q": 7.699999999999999,
            "gross_profit": 1923180,
            "gross_margin": 32,
            "gross_margin_4q_avg": 28.53,
            "net_income": 1051451,
            "revenue": 6010070,
            "common_shares": 8062592,
            "book_valuer_per_share": 51.63,
            "book_valuer_per_share_4q_avg": 50.74,
            "equity": 41633050,
            "current_ratio": 199.37,
            "debt_ratio": 52.12,
            "inventory_turnover_ratio": 0.07,
            "account_receivable_turnover_ratio": 5.61,
            "reinvestment_rate": -40.16,
            "research_to_sale_ratio": null,
            "price_fair": 137.6,
            "eps_avg_yearly": 3.93,
            "eps_latest_yearly": 5.2,
            "eps_growth_yearly": 306.18
        },
        "20201": {
            "year_quarter": 20201,
            "year": 2020,
            "quarter": 1,
            "eps": 0.27,
            "eps_growth_year": -72.16,
            "eps_4q": 3.19,
            "eps_4q_growth_year": 15.44,
            "roe": 0.54,
            "roe_4q": 6.34,
            "gross_profit": 742943,
            "gross_margin": 13.36,
            "gross_margin_4q_avg": 26.01,
            "net_income": 218000,
            "revenue": 5559052,
            "common_shares": 8062592,
            "book_valuer_per_share": 48.27,
            "book_valuer_per_share_4q_avg": 49.85,
            "equity": 38900362,
            "current_ratio": 189.09,
            "debt_ratio": 54.6,
            "inventory_turnover_ratio": 0.08,
            "account_receivable_turnover_ratio": 4.85,
            "reinvestment_rate": -39.82,
            "research_to_sale_ratio": null,
            "price_fair": 135.9,
            "eps_avg_yearly": 3.88,
            "eps_latest_yearly": 1.08,
            "eps_growth_yearly": 306.23
        },
        "20202": {
            "year_quarter": 20202,
            "year": 2020,
            "quarter": 2,
            "eps": 0.86,
            "eps_growth_year": 126.32,
            "eps_4q": 3.77,
            "eps_4q_growth_year": 50.54,
            "roe": 1.76,
            "roe_4q": 7.34,
            "gross_profit": 1349499,
            "gross_margin": 29.05,
            "gross_margin_4q_avg": 26.56,
            "net_income": 682067,
            "revenue": 4645947,
            "common_shares": 7815962,
            "book_valuer_per_share": 49.41,
            "book_valuer_per_share_4q_avg": 49.91,
            "equity": 38625608,
            "current_ratio": 170.86,
            "debt_ratio": 57.14,
            "inventory_turnover_ratio": 0.06,
            "account_receivable_turnover_ratio": 3.63,
            "reinvestment_rate": -58.19,
            "research_to_sale_ratio": null,
            "price_fair": 111.7,
            "eps_avg_yearly": 3.19,
            "eps_latest_yearly": 3.44,
            "eps_growth_yearly": 184.25
        },
        "20203": {
            "year_quarter": 20203,
            "year": 2020,
            "quarter": 3,
            "eps": 1.59,
            "eps_growth_year": 29.27,
            "eps_4q": 4.08,
            "eps_4q_growth_year": 38.32,
            "roe": 3.17,
            "roe_4q": 8.03,
            "gross_profit": 2076645,
            "gross_margin": 30.34,
            "gross_margin_4q_avg": 26.19,
            "net_income": 1241834,
            "revenue": 6844047,
            "common_shares": 7815962,
            "book_valuer_per_share": 50.73,
            "book_valuer_per_share_4q_avg": 50.01,
            "equity": 39652531,
            "current_ratio": 167.82,
            "debt_ratio": 56.95,
            "inventory_turnover_ratio": 0.08,
            "account_receivable_turnover_ratio": 5.83,
            "reinvestment_rate": -54.57,
            "research_to_sale_ratio": null,
            "price_fair": 112,
            "eps_avg_yearly": 3.2,
            "eps_latest_yearly": 6.36,
            "eps_growth_yearly": 223.49
        },
        "20204": {
            "year_quarter": 20204,
            "year": 2020,
            "quarter": 4,
            "eps": 2.17,
            "eps_growth_year": 66.43,
            "eps_4q": 4.91,
            "eps_4q_growth_year": 26.04,
            "roe": 4.17,
            "roe_4q": 9.64,
            "gross_profit": 3006799,
            "gross_margin": 30.69,
            "gross_margin_4q_avg": 25.86,
            "net_income": 1696354,
            "revenue": 9796900,
            "common_shares": 7815962,
            "book_valuer_per_share": 53.38,
            "book_valuer_per_share_4q_avg": 50.45,
            "equity": 41725205,
            "current_ratio": 169.32,
            "debt_ratio": 54.48,
            "inventory_turnover_ratio": 0.11,
            "account_receivable_turnover_ratio": 11.4,
            "reinvestment_rate": 17.93,
            "research_to_sale_ratio": null,
            "price_fair": 124.79,
            "eps_avg_yearly": 3.57,
            "eps_latest_yearly": 8.68,
            "eps_growth_yearly": 218.32
        },
        "20211": {
            "year_quarter": 20211,
            "year": 2021,
            "quarter": 1,
            "eps": 0.97,
            "eps_growth_year": 259.26,
            "eps_4q": 5.61,
            "eps_4q_growth_year": 75.61,
            "roe": 1.86,
            "roe_4q": 10.959999999999999,
            "gross_profit": 1461471,
            "gross_margin": 36.78,
            "gross_margin_4q_avg": 31.72,
            "net_income": 760805,
            "revenue": 3973033,
            "common_shares": 7815962,
            "book_valuer_per_share": 51.13,
            "book_valuer_per_share_4q_avg": 51.16,
            "equity": 39932680,
            "current_ratio": 157.93,
            "debt_ratio": 57.54,
            "inventory_turnover_ratio": 0.04,
            "account_receivable_turnover_ratio": 4.95,
            "reinvestment_rate": 14.93,
            "research_to_sale_ratio": null,
            "price_fair": 125.48,
            "eps_avg_yearly": 3.59,
            "eps_latest_yearly": 3.88,
            "eps_growth_yearly": 190.85
        },
        "20212": {
            "year_quarter": 20212,
            "year": 2021,
            "quarter": 2,
            "eps": 1.19,
            "eps_growth_year": 38.37,
            "eps_4q": 5.91,
            "eps_4q_growth_year": 56.91,
            "roe": 2.3,
            "roe_4q": 11.5,
            "gross_profit": 1742996,
            "gross_margin": 34.52,
            "gross_margin_4q_avg": 33.08,
            "net_income": 924325,
            "revenue": 5049891,
            "common_shares": 7815962,
            "book_valuer_per_share": 51.97,
            "book_valuer_per_share_4q_avg": 51.8,
            "equity": 40616380,
            "current_ratio": 161.47,
            "debt_ratio": 57.15,
            "inventory_turnover_ratio": 0.05,
            "account_receivable_turnover_ratio": 6.7,
            "reinvestment_rate": 14.9,
            "research_to_sale_ratio": null,
            "price_fair": 129.85,
            "eps_avg_yearly": 3.71,
            "eps_latest_yearly": 4.76,
            "eps_growth_yearly": 143.11
        },
        "20213": {
            "year_quarter": 20213,
            "year": 2021,
            "quarter": 3,
            "eps": 1.82,
            "eps_growth_year": 14.47,
            "eps_4q": 6.15,
            "eps_4q_growth_year": 50.58,
            "roe": 3.47,
            "roe_4q": 11.8,
            "gross_profit": 2925876,
            "gross_margin": 32.01,
            "gross_margin_4q_avg": 33.5,
            "net_income": 1422742,
            "revenue": 9141570,
            "common_shares": 7815962,
            "book_valuer_per_share": 52.87,
            "book_valuer_per_share_4q_avg": 52.34,
            "equity": 41320892,
            "current_ratio": 162.91,
            "debt_ratio": 56.71,
            "inventory_turnover_ratio": 0.09,
            "account_receivable_turnover_ratio": 12.3,
            "reinvestment_rate": 12.27,
            "research_to_sale_ratio": null,
            "price_fair": 136.59,
            "eps_avg_yearly": 3.9,
            "eps_latest_yearly": 7.28,
            "eps_growth_yearly": 143.3
        },
        "20214": {
            "year_quarter": 20214,
            "year": 2021,
            "quarter": 4,
            "eps": 3.8,
            "eps_growth_year": 75.24,
            "eps_4q": 7.78,
            "eps_4q_growth_year": 58.54,
            "roe": 6.94,
            "roe_4q": 14.57,
            "gross_profit": 5032900,
            "gross_margin": 33.61,
            "gross_margin_4q_avg": 34.23,
            "net_income": 2972786,
            "revenue": 14973831,
            "common_shares": 7815962,
            "book_valuer_per_share": 56.76,
            "book_valuer_per_share_4q_avg": 53.18,
            "equity": 44364394,
            "current_ratio": 172.98,
            "debt_ratio": 53.36,
            "inventory_turnover_ratio": 0.15,
            "account_receivable_turnover_ratio": 19.48,
            "reinvestment_rate": 9.81,
            "research_to_sale_ratio": null,
            "price_fair": 165.9,
            "eps_avg_yearly": 4.74,
            "eps_latest_yearly": 15.2,
            "eps_growth_yearly": 184.78
        },
        "20221": {
            "year_quarter": 20221,
            "year": 2022,
            "quarter": 1,
            "eps": 1.88,
            "eps_growth_year": 93.81,
            "eps_4q": 8.68,
            "eps_4q_growth_year": 54.92,
            "roe": 3.39,
            "roe_4q": 16.1,
            "gross_profit": 2473836,
            "gross_margin": 35.91,
            "gross_margin_4q_avg": 34.01,
            "net_income": 1467724,
            "revenue": 6888671,
            "common_shares": 7815962,
            "book_valuer_per_share": 54.13,
            "book_valuer_per_share_4q_avg": 53.93,
            "equity": 42307493,
            "current_ratio": 165.74,
            "debt_ratio": 56.05,
            "inventory_turnover_ratio": 0.07,
            "account_receivable_turnover_ratio": 9.43,
            "reinvestment_rate": 13.75,
            "research_to_sale_ratio": null,
            "price_fair": 176.49,
            "eps_avg_yearly": 5.04,
            "eps_latest_yearly": 7.52,
            "eps_growth_yearly": 159.93
        },
        "20222": {
            "year_quarter": 20222,
            "year": 2022,
            "quarter": 2,
            "eps": 1.3,
            "eps_growth_year": 9.24,
            "eps_4q": 8.8,
            "eps_4q_growth_year": 48.9,
            "roe": 2.37,
            "roe_4q": 16.169999999999998,
            "gross_profit": 1740467,
            "gross_margin": 35.6,
            "gross_margin_4q_avg": 34.28,
            "net_income": 1017121,
            "revenue": 4888987,
            "common_shares": 7815962,
            "book_valuer_per_share": 55.47,
            "book_valuer_per_share_4q_avg": 54.81,
            "equity": 43352181,
            "current_ratio": 165.67,
            "debt_ratio": 55.97,
            "inventory_turnover_ratio": 0.05,
            "account_receivable_turnover_ratio": 8.03,
            "reinvestment_rate": 18.34,
            "research_to_sale_ratio": null,
            "price_fair": 182.44,
            "eps_avg_yearly": 5.21,
            "eps_latest_yearly": 5.2,
            "eps_growth_yearly": 154.08
        },
        "20223": {
            "year_quarter": 20223,
            "year": 2022,
            "quarter": 3,
            "eps": 1.84,
            "eps_growth_year": 1.1,
            "eps_4q": 8.82,
            "eps_4q_growth_year": 43.47,
            "roe": 3.32,
            "roe_4q": 16.02,
            "gross_profit": 2402862,
            "gross_margin": 35.87,
            "gross_margin_4q_avg": 35.25,
            "net_income": 1435186,
            "revenue": 6699429,
            "common_shares": 7815962,
            "book_valuer_per_share": 55.3,
            "book_valuer_per_share_4q_avg": 55.42,
            "equity": 43222233,
            "current_ratio": 168.31,
            "debt_ratio": 54.76,
            "inventory_turnover_ratio": 0.06,
            "account_receivable_turnover_ratio": 13.11,
            "reinvestment_rate": 17.78,
            "research_to_sale_ratio": null,
            "price_fair": 191.89,
            "eps_avg_yearly": 5.48,
            "eps_latest_yearly": 7.36,
            "eps_growth_yearly": 158.82
        },
        "20224": {
            "year_quarter": 20224,
            "year": 2022,
            "quarter": 4,
            "eps": 2.03,
            "eps_growth_year": -46.65,
            "eps_4q": 7.04,
            "eps_4q_growth_year": -9.45,
            "roe": 3.6,
            "roe_4q": 12.68,
            "gross_profit": 2621944,
            "gross_margin": 32.35,
            "gross_margin_4q_avg": 34.93,
            "net_income": 1586077,
            "revenue": 8104853,
            "common_shares": 7815962,
            "book_valuer_per_share": 57.33,
            "book_valuer_per_share_4q_avg": 55.56,
            "equity": 44807515,
            "current_ratio": 172.44,
            "debt_ratio": 53.12,
            "inventory_turnover_ratio": 0.08,
            "account_receivable_turnover_ratio": 17.09,
            "reinvestment_rate": 12.63,
            "research_to_sale_ratio": null,
            "price_fair": 206.5,
            "eps_avg_yearly": 5.9,
            "eps_latest_yearly": 8.12,
            "eps_growth_yearly": 174.56
        },
        "20231": {
            "year_quarter": 20231,
            "year": 2023,
            "quarter": 1,
            "eps": 1.41,
            "eps_growth_year": -25,
            "eps_4q": 6.58,
            "eps_4q_growth_year": -24.27,
            "roe": 2.49,
            "roe_4q": 11.780000000000001,
            "gross_profit": 1752945,
            "gross_margin": 30.21,
            "gross_margin_4q_avg": 33.51,
            "net_income": 1101952,
            "revenue": 5802987,
            "common_shares": 7815962,
            "book_valuer_per_share": 55.69,
            "book_valuer_per_share_4q_avg": 55.95,
            "equity": 43528440,
            "current_ratio": 168.96,
            "debt_ratio": 54.05,
            "inventory_turnover_ratio": 0.06,
            "account_receivable_turnover_ratio": 12.97,
            "reinvestment_rate": 12.57,
            "research_to_sale_ratio": null,
            "price_fair": 210.35,
            "eps_avg_yearly": 6.01,
            "eps_latest_yearly": 5.64,
            "eps_growth_yearly": 124.56
        }
    },
    "months": {
        "2001-06": {
            "month": "2001-06",
            "price": "29.60",
            "revenue": 1140804
        },
        "2001-07": {
            "month": "2001-07",
            "price": "21.05",
            "revenue": 618716
        },
        "2001-08": {
            "month": "2001-08",
            "price": "15.76",
            "revenue": 595889
        },
        "2001-09": {
            "month": "2001-09",
            "price": "14.73",
            "revenue": 792006
        },
        "2001-10": {
            "month": "2001-10",
            "price": "13.64",
            "revenue": 578283
        },
        "2001-11": {
            "month": "2001-11",
            "price": "15.79",
            "revenue": 501895
        },
        "2001-12": {
            "month": "2001-12",
            "price": "17.38",
            "revenue": 1008052
        },
        "2002-01": {
            "month": "2002-01",
            "price": "14.78",
            "revenue": 250322
        },
        "2002-02": {
            "month": "2002-02",
            "price": "14.36",
            "revenue": 202263
        },
        "2002-03": {
            "month": "2002-03",
            "price": "14.51",
            "revenue": 335238
        },
        "2002-04": {
            "month": "2002-04",
            "price": "17.97",
            "revenue": 106482
        },
        "2002-05": {
            "month": "2002-05",
            "price": "17.98",
            "revenue": 289952
        },
        "2002-06": {
            "month": "2002-06",
            "price": "17.50",
            "revenue": 1181656
        },
        "2002-07": {
            "month": "2002-07",
            "price": "16.04",
            "revenue": 1252110
        },
        "2002-08": {
            "month": "2002-08",
            "price": "15.19",
            "revenue": 740756
        },
        "2002-09": {
            "month": "2002-09",
            "price": "15.20",
            "revenue": 591879
        },
        "2002-10": {
            "month": "2002-10",
            "price": "11.31",
            "revenue": 976328
        },
        "2002-11": {
            "month": "2002-11",
            "price": "11.88",
            "revenue": 708739
        },
        "2002-12": {
            "month": "2002-12",
            "price": "13.34",
            "revenue": 2104523
        },
        "2003-01": {
            "month": "2003-01",
            "price": "12.72",
            "revenue": 367918
        },
        "2003-02": {
            "month": "2003-02",
            "price": "12.44",
            "revenue": 108661
        },
        "2003-03": {
            "month": "2003-03",
            "price": "12.00",
            "revenue": 589843
        },
        "2003-04": {
            "month": "2003-04",
            "price": "11.83",
            "revenue": 350019
        },
        "2003-05": {
            "month": "2003-05",
            "price": "11.29",
            "revenue": 660360
        },
        "2003-06": {
            "month": "2003-06",
            "price": "11.04",
            "revenue": 463355
        },
        "2003-07": {
            "month": "2003-07",
            "price": "12.25",
            "revenue": 621592
        },
        "2003-08": {
            "month": "2003-08",
            "price": "12.59",
            "revenue": 523144
        },
        "2003-09": {
            "month": "2003-09",
            "price": "13.48",
            "revenue": 1356600
        },
        "2003-10": {
            "month": "2003-10",
            "price": "16.27",
            "revenue": 1144337
        },
        "2003-11": {
            "month": "2003-11",
            "price": "15.40",
            "revenue": 995943
        },
        "2003-12": {
            "month": "2003-12",
            "price": "16.82",
            "revenue": 982569
        },
        "2004-01": {
            "month": "2004-01",
            "price": "21.99",
            "revenue": 679749
        },
        "2004-02": {
            "month": "2004-02",
            "price": "26.74",
            "revenue": 460962
        },
        "2004-03": {
            "month": "2004-03",
            "price": "28.27",
            "revenue": 1032639
        },
        "2004-04": {
            "month": "2004-04",
            "price": "28.33",
            "revenue": 545135
        },
        "2004-05": {
            "month": "2004-05",
            "price": "26.05",
            "revenue": 422232
        },
        "2004-06": {
            "month": "2004-06",
            "price": "25.11",
            "revenue": 369278
        },
        "2004-07": {
            "month": "2004-07",
            "price": "25.89",
            "revenue": 274470
        },
        "2004-08": {
            "month": "2004-08",
            "price": "25.20",
            "revenue": 301902
        },
        "2004-09": {
            "month": "2004-09",
            "price": "25.93",
            "revenue": 606596
        },
        "2004-10": {
            "month": "2004-10",
            "price": "26.00",
            "revenue": 574813
        },
        "2004-11": {
            "month": "2004-11",
            "price": "24.66",
            "revenue": 6074288
        },
        "2004-12": {
            "month": "2004-12",
            "price": "26.03",
            "revenue": 2084184
        },
        "2005-01": {
            "month": "2005-01",
            "price": "25.43",
            "revenue": 717036
        },
        "2005-02": {
            "month": "2005-02",
            "price": "24.71",
            "revenue": 336086
        },
        "2005-03": {
            "month": "2005-03",
            "price": "24.82",
            "revenue": 163796
        },
        "2005-04": {
            "month": "2005-04",
            "price": "24.87",
            "revenue": 483282
        },
        "2005-05": {
            "month": "2005-05",
            "price": "25.10",
            "revenue": 566400
        },
        "2005-06": {
            "month": "2005-06",
            "price": "25.90",
            "revenue": 856020
        },
        "2005-07": {
            "month": "2005-07",
            "price": "25.04",
            "revenue": 198318
        },
        "2005-08": {
            "month": "2005-08",
            "price": "23.20",
            "revenue": 782316
        },
        "2005-09": {
            "month": "2005-09",
            "price": "22.76",
            "revenue": 605619
        },
        "2005-10": {
            "month": "2005-10",
            "price": "21.27",
            "revenue": 270827
        },
        "2005-11": {
            "month": "2005-11",
            "price": "20.87",
            "revenue": 2095121
        },
        "2005-12": {
            "month": "2005-12",
            "price": "21.38",
            "revenue": 3024083
        },
        "2006-01": {
            "month": "2006-01",
            "price": "19.99",
            "revenue": 467186
        },
        "2006-02": {
            "month": "2006-02",
            "price": "19.40",
            "revenue": 580572
        },
        "2006-03": {
            "month": "2006-03",
            "price": "18.53",
            "revenue": 1675237
        },
        "2006-04": {
            "month": "2006-04",
            "price": "19.14",
            "revenue": 769152
        },
        "2006-05": {
            "month": "2006-05",
            "price": "32.95",
            "revenue": 1804464
        },
        "2006-06": {
            "month": "2006-06",
            "price": "34.95",
            "revenue": 1354927
        },
        "2006-07": {
            "month": "2006-07",
            "price": "40.69",
            "revenue": 1498242
        },
        "2006-08": {
            "month": "2006-08",
            "price": "37.11",
            "revenue": 1611088
        },
        "2006-09": {
            "month": "2006-09",
            "price": "36.03",
            "revenue": 528113
        },
        "2006-10": {
            "month": "2006-10",
            "price": "42.58",
            "revenue": 1462510
        },
        "2006-11": {
            "month": "2006-11",
            "price": "48.28",
            "revenue": 629221
        },
        "2006-12": {
            "month": "2006-12",
            "price": "56.08",
            "revenue": 5257297
        },
        "2007-01": {
            "month": "2007-01",
            "price": "48.80",
            "revenue": 827914
        },
        "2007-02": {
            "month": "2007-02",
            "price": "52.62",
            "revenue": 439556
        },
        "2007-03": {
            "month": "2007-03",
            "price": "54.46",
            "revenue": 1363725
        },
        "2007-04": {
            "month": "2007-04",
            "price": "56.25",
            "revenue": 1148857
        },
        "2007-05": {
            "month": "2007-05",
            "price": "56.06",
            "revenue": 730232
        },
        "2007-06": {
            "month": "2007-06",
            "price": "56.84",
            "revenue": 572938
        },
        "2007-07": {
            "month": "2007-07",
            "price": "68.30",
            "revenue": 735005
        },
        "2007-08": {
            "month": "2007-08",
            "price": "64.85",
            "revenue": 796927
        },
        "2007-09": {
            "month": "2007-09",
            "price": "64.92",
            "revenue": 1033219
        },
        "2007-10": {
            "month": "2007-10",
            "price": "72.06",
            "revenue": 1791722
        },
        "2007-11": {
            "month": "2007-11",
            "price": "72.69",
            "revenue": 1192225
        },
        "2007-12": {
            "month": "2007-12",
            "price": "71.95",
            "revenue": 3727518
        },
        "2008-01": {
            "month": "2008-01",
            "price": "83.90",
            "revenue": 709132
        },
        "2008-02": {
            "month": "2008-02",
            "price": "99.84",
            "revenue": 792204
        },
        "2008-03": {
            "month": "2008-03",
            "price": "99.68",
            "revenue": 637802
        },
        "2008-04": {
            "month": "2008-04",
            "price": "109.47",
            "revenue": 1514301
        },
        "2008-05": {
            "month": "2008-05",
            "price": "112.09",
            "revenue": 1230947
        },
        "2008-06": {
            "month": "2008-06",
            "price": "102.44",
            "revenue": 1719252
        },
        "2008-07": {
            "month": "2008-07",
            "price": "84.55",
            "revenue": 1438764
        },
        "2008-08": {
            "month": "2008-08",
            "price": "62.23",
            "revenue": 1710005
        },
        "2008-09": {
            "month": "2008-09",
            "price": "44.02",
            "revenue": 1697018
        },
        "2008-10": {
            "month": "2008-10",
            "price": "23.81",
            "revenue": 1909455
        },
        "2008-11": {
            "month": "2008-11",
            "price": "21.22",
            "revenue": 1003565
        },
        "2008-12": {
            "month": "2008-12",
            "price": "21.10",
            "revenue": 2750804
        },
        "2009-01": {
            "month": "2009-01",
            "price": "23.79",
            "revenue": 708595
        },
        "2009-02": {
            "month": "2009-02",
            "price": "21.60",
            "revenue": 1162747
        },
        "2009-03": {
            "month": "2009-03",
            "price": "23.57",
            "revenue": 1323705
        },
        "2009-04": {
            "month": "2009-04",
            "price": "38.75",
            "revenue": 904965
        },
        "2009-05": {
            "month": "2009-05",
            "price": "70.42",
            "revenue": 867227
        },
        "2009-06": {
            "month": "2009-06",
            "price": "78.63",
            "revenue": 1062226
        },
        "2009-07": {
            "month": "2009-07",
            "price": "79.79",
            "revenue": 1269396
        },
        "2009-08": {
            "month": "2009-08",
            "price": "65.82",
            "revenue": 1700865
        },
        "2009-09": {
            "month": "2009-09",
            "price": "72.90",
            "revenue": 2418211
        },
        "2009-10": {
            "month": "2009-10",
            "price": "75.96",
            "revenue": 5134207
        },
        "2009-11": {
            "month": "2009-11",
            "price": "71.31",
            "revenue": 1501691
        },
        "2009-12": {
            "month": "2009-12",
            "price": "70.44",
            "revenue": 1993037
        },
        "2010-01": {
            "month": "2010-01",
            "price": "73.53",
            "revenue": 3186317
        },
        "2010-02": {
            "month": "2010-02",
            "price": "64.24",
            "revenue": 621153
        },
        "2010-03": {
            "month": "2010-03",
            "price": "66.38",
            "revenue": 3147277
        },
        "2010-04": {
            "month": "2010-04",
            "price": "71.60",
            "revenue": 3674677
        },
        "2010-05": {
            "month": "2010-05",
            "price": "63.64",
            "revenue": 1320754
        },
        "2010-06": {
            "month": "2010-06",
            "price": "63.05",
            "revenue": 2203631
        },
        "2010-07": {
            "month": "2010-07",
            "price": "65.34",
            "revenue": 300308
        },
        "2010-08": {
            "month": "2010-08",
            "price": "66.55",
            "revenue": 509442
        },
        "2010-09": {
            "month": "2010-09",
            "price": "72.59",
            "revenue": 1347183
        },
        "2010-10": {
            "month": "2010-10",
            "price": "75.25",
            "revenue": 804033
        },
        "2010-11": {
            "month": "2010-11",
            "price": "78.71",
            "revenue": 807921
        },
        "2010-12": {
            "month": "2010-12",
            "price": "78.44",
            "revenue": 1646385
        },
        "2011-01": {
            "month": "2011-01",
            "price": "78.34",
            "revenue": 1817757
        },
        "2011-02": {
            "month": "2011-02",
            "price": "69.54",
            "revenue": 1926148
        },
        "2011-03": {
            "month": "2011-03",
            "price": "61.55",
            "revenue": 869181
        },
        "2011-04": {
            "month": "2011-04",
            "price": "65.22",
            "revenue": 1857827
        },
        "2011-05": {
            "month": "2011-05",
            "price": "67.45",
            "revenue": 1598849
        },
        "2011-06": {
            "month": "2011-06",
            "price": "70.09",
            "revenue": 1472338
        },
        "2011-07": {
            "month": "2011-07",
            "price": "71.81",
            "revenue": 1480861
        },
        "2011-08": {
            "month": "2011-08",
            "price": "60.25",
            "revenue": 1177302
        },
        "2011-09": {
            "month": "2011-09",
            "price": "52.50",
            "revenue": 1092490
        },
        "2011-10": {
            "month": "2011-10",
            "price": "49.34",
            "revenue": 2247129
        },
        "2011-11": {
            "month": "2011-11",
            "price": "51.25",
            "revenue": 1479053
        },
        "2011-12": {
            "month": "2011-12",
            "price": "49.29",
            "revenue": 1797995
        },
        "2012-01": {
            "month": "2012-01",
            "price": "50.12",
            "revenue": 1037296
        },
        "2012-02": {
            "month": "2012-02",
            "price": "59.12",
            "revenue": 943921
        },
        "2012-03": {
            "month": "2012-03",
            "price": "60.58",
            "revenue": 1111457
        },
        "2012-04": {
            "month": "2012-04",
            "price": "55.36",
            "revenue": 1390936
        },
        "2012-05": {
            "month": "2012-05",
            "price": "50.77",
            "revenue": 1932255
        },
        "2012-06": {
            "month": "2012-06",
            "price": "48.91",
            "revenue": 2372664
        },
        "2012-07": {
            "month": "2012-07",
            "price": "48.56",
            "revenue": 1210429
        },
        "2012-08": {
            "month": "2012-08",
            "price": "50.77",
            "revenue": 1236309
        },
        "2012-09": {
            "month": "2012-09",
            "price": "55.02",
            "revenue": 1440101
        },
        "2012-10": {
            "month": "2012-10",
            "price": "53.32",
            "revenue": 1331189
        },
        "2012-11": {
            "month": "2012-11",
            "price": "51.43",
            "revenue": 1244971
        },
        "2012-12": {
            "month": "2012-12",
            "price": "52.45",
            "revenue": 1246686
        },
        "2013-01": {
            "month": "2013-01",
            "price": "53.76",
            "revenue": 1117883
        },
        "2013-02": {
            "month": "2013-02",
            "price": "57.13",
            "revenue": 1251864
        },
        "2013-03": {
            "month": "2013-03",
            "price": "55.43",
            "revenue": 2552309
        },
        "2013-04": {
            "month": "2013-04",
            "price": "55.26",
            "revenue": 2741872
        },
        "2013-05": {
            "month": "2013-05",
            "price": "56.87",
            "revenue": 2332872
        },
        "2013-06": {
            "month": "2013-06",
            "price": "53.64",
            "revenue": 2743625
        },
        "2013-07": {
            "month": "2013-07",
            "price": "55.90",
            "revenue": 1297954
        },
        "2013-08": {
            "month": "2013-08",
            "price": "53.85",
            "revenue": 337739
        },
        "2013-09": {
            "month": "2013-09",
            "price": "54.60",
            "revenue": 2068892
        },
        "2013-10": {
            "month": "2013-10",
            "price": "54.01",
            "revenue": 3354059
        },
        "2013-11": {
            "month": "2013-11",
            "price": "53.08",
            "revenue": 2863170
        },
        "2013-12": {
            "month": "2013-12",
            "price": "51.17",
            "revenue": 2470041
        },
        "2014-01": {
            "month": "2014-01",
            "price": "49.44",
            "revenue": 1850918
        },
        "2014-02": {
            "month": "2014-02",
            "price": "48.62",
            "revenue": 1134549
        },
        "2014-03": {
            "month": "2014-03",
            "price": "50.19",
            "revenue": 1640749
        },
        "2014-04": {
            "month": "2014-04",
            "price": "51.58",
            "revenue": 1244332
        },
        "2014-05": {
            "month": "2014-05",
            "price": "49.83",
            "revenue": 1029159
        },
        "2014-06": {
            "month": "2014-06",
            "price": "42.15",
            "revenue": 1292513
        },
        "2014-07": {
            "month": "2014-07",
            "price": "41.33",
            "revenue": 1173438
        },
        "2014-08": {
            "month": "2014-08",
            "price": "41.06",
            "revenue": 306708
        },
        "2014-09": {
            "month": "2014-09",
            "price": "39.31",
            "revenue": 1034790
        },
        "2014-10": {
            "month": "2014-10",
            "price": "32.24",
            "revenue": 304720
        },
        "2014-11": {
            "month": "2014-11",
            "price": "33.37",
            "revenue": 337310
        },
        "2014-12": {
            "month": "2014-12",
            "price": "37.43",
            "revenue": 6475015
        },
        "2015-01": {
            "month": "2015-01",
            "price": "36.88",
            "revenue": 1604215
        },
        "2015-02": {
            "month": "2015-02",
            "price": "37.66",
            "revenue": 2164218
        },
        "2015-03": {
            "month": "2015-03",
            "price": "35.15",
            "revenue": 2821650
        },
        "2015-04": {
            "month": "2015-04",
            "price": "36.42",
            "revenue": 2726759
        },
        "2015-05": {
            "month": "2015-05",
            "price": "37.98",
            "revenue": 3016483
        },
        "2015-06": {
            "month": "2015-06",
            "price": "33.50",
            "revenue": 2699032
        },
        "2015-07": {
            "month": "2015-07",
            "price": "31.90",
            "revenue": 1758015
        },
        "2015-08": {
            "month": "2015-08",
            "price": "30.01",
            "revenue": 1114971
        },
        "2015-09": {
            "month": "2015-09",
            "price": "34.25",
            "revenue": 2179805
        },
        "2015-10": {
            "month": "2015-10",
            "price": "36.19",
            "revenue": 2001518
        },
        "2015-11": {
            "month": "2015-11",
            "price": "36.20",
            "revenue": 1435249
        },
        "2015-12": {
            "month": "2015-12",
            "price": "34.69",
            "revenue": 3593963
        },
        "2016-01": {
            "month": "2016-01",
            "price": "32.63",
            "revenue": 1052779
        },
        "2016-02": {
            "month": "2016-02",
            "price": "33.58",
            "revenue": 344979
        },
        "2016-03": {
            "month": "2016-03",
            "price": "35.23",
            "revenue": 1150058
        },
        "2016-04": {
            "month": "2016-04",
            "price": "39.30",
            "revenue": 1475676
        },
        "2016-05": {
            "month": "2016-05",
            "price": "36.93",
            "revenue": 3684712
        },
        "2016-06": {
            "month": "2016-06",
            "price": "36.63",
            "revenue": 6567915
        },
        "2016-07": {
            "month": "2016-07",
            "price": "37.10",
            "revenue": 4301879
        },
        "2016-08": {
            "month": "2016-08",
            "price": "35.58",
            "revenue": 1555354
        },
        "2016-09": {
            "month": "2016-09",
            "price": "37.36",
            "revenue": 2290290
        },
        "2016-10": {
            "month": "2016-10",
            "price": "36.46",
            "revenue": 1579753
        },
        "2016-11": {
            "month": "2016-11",
            "price": "35.89",
            "revenue": 1257833
        },
        "2016-12": {
            "month": "2016-12",
            "price": "36.82",
            "revenue": 2455396
        },
        "2017-01": {
            "month": "2017-01",
            "price": "36.96",
            "revenue": 891005
        },
        "2017-02": {
            "month": "2017-02",
            "price": "38.23",
            "revenue": 983806
        },
        "2017-03": {
            "month": "2017-03",
            "price": "39.74",
            "revenue": 1198017
        },
        "2017-04": {
            "month": "2017-04",
            "price": "40.34",
            "revenue": 762106
        },
        "2017-05": {
            "month": "2017-05",
            "price": "41.00",
            "revenue": 1184429
        },
        "2017-06": {
            "month": "2017-06",
            "price": "42.18",
            "revenue": 2199452
        },
        "2017-07": {
            "month": "2017-07",
            "price": "40.10",
            "revenue": 2441043
        },
        "2017-08": {
            "month": "2017-08",
            "price": "36.71",
            "revenue": 2083413
        },
        "2017-09": {
            "month": "2017-09",
            "price": "35.02",
            "revenue": 1513062
        },
        "2017-10": {
            "month": "2017-10",
            "price": "33.32",
            "revenue": 1779424
        },
        "2017-11": {
            "month": "2017-11",
            "price": "32.01",
            "revenue": 1749364
        },
        "2017-12": {
            "month": "2017-12",
            "price": "31.16",
            "revenue": 1848759
        },
        "2018-01": {
            "month": "2018-01",
            "price": "32.43",
            "revenue": 1221242
        },
        "2018-02": {
            "month": "2018-02",
            "price": "31.98",
            "revenue": 862783
        },
        "2018-03": {
            "month": "2018-03",
            "price": "32.63",
            "revenue": 2303645
        },
        "2018-04": {
            "month": "2018-04",
            "price": "32.80",
            "revenue": 1558140
        },
        "2018-05": {
            "month": "2018-05",
            "price": "33.29",
            "revenue": 882403
        },
        "2018-06": {
            "month": "2018-06",
            "price": "33.22",
            "revenue": 2068418
        },
        "2018-07": {
            "month": "2018-07",
            "price": "31.98",
            "revenue": 1199922
        },
        "2018-08": {
            "month": "2018-08",
            "price": "31.10",
            "revenue": 2889231
        },
        "2018-09": {
            "month": "2018-09",
            "price": "31.31",
            "revenue": 3238802
        },
        "2018-10": {
            "month": "2018-10",
            "price": "34.69",
            "revenue": 2461164
        },
        "2018-11": {
            "month": "2018-11",
            "price": "35.53",
            "revenue": 1558188
        },
        "2018-12": {
            "month": "2018-12",
            "price": "34.51",
            "revenue": 4005299
        },
        "2019-01": {
            "month": "2019-01",
            "price": "35.57",
            "revenue": 1198192
        },
        "2019-02": {
            "month": "2019-02",
            "price": "37.82",
            "revenue": 798587
        },
        "2019-03": {
            "month": "2019-03",
            "price": "36.24",
            "revenue": 4146668
        },
        "2019-04": {
            "month": "2019-04",
            "price": "37.44",
            "revenue": 780448
        },
        "2019-05": {
            "month": "2019-05",
            "price": "37.69",
            "revenue": 629965
        },
        "2019-06": {
            "month": "2019-06",
            "price": "40.26",
            "revenue": 1408647
        },
        "2019-07": {
            "month": "2019-07",
            "price": "39.75",
            "revenue": 2274161
        },
        "2019-08": {
            "month": "2019-08",
            "price": "37.60",
            "revenue": 2008292
        },
        "2019-09": {
            "month": "2019-09",
            "price": "37.10",
            "revenue": 1417926
        },
        "2019-10": {
            "month": "2019-10",
            "price": "37.78",
            "revenue": 1650684
        },
        "2019-11": {
            "month": "2019-11",
            "price": "38.39",
            "revenue": 1775461
        },
        "2019-12": {
            "month": "2019-12",
            "price": "39.54",
            "revenue": 2583925
        },
        "2020-01": {
            "month": "2020-01",
            "price": "40.26",
            "revenue": 3594956
        },
        "2020-02": {
            "month": "2020-02",
            "price": "39.07",
            "revenue": 1065206
        },
        "2020-03": {
            "month": "2020-03",
            "price": "35.08",
            "revenue": 898890
        },
        "2020-04": {
            "month": "2020-04",
            "price": "41.07",
            "revenue": 2099845
        },
        "2020-05": {
            "month": "2020-05",
            "price": "43.76",
            "revenue": 1206228
        },
        "2020-06": {
            "month": "2020-06",
            "price": "45.04",
            "revenue": 1339874
        },
        "2020-07": {
            "month": "2020-07",
            "price": "47.27",
            "revenue": 2235271
        },
        "2020-08": {
            "month": "2020-08",
            "price": "44.38",
            "revenue": 2595696
        },
        "2020-09": {
            "month": "2020-09",
            "price": "46.04",
            "revenue": 2013079
        },
        "2020-10": {
            "month": "2020-10",
            "price": "45.77",
            "revenue": 2377061
        },
        "2020-11": {
            "month": "2020-11",
            "price": "47.24",
            "revenue": 4383776
        },
        "2020-12": {
            "month": "2020-12",
            "price": "55.11",
            "revenue": 3036064
        },
        "2021-01": {
            "month": "2021-01",
            "price": "54.60",
            "revenue": 976729
        },
        "2021-02": {
            "month": "2021-02",
            "price": "51.90",
            "revenue": 1065230
        },
        "2021-03": {
            "month": "2021-03",
            "price": "54.27",
            "revenue": 1931075
        },
        "2021-04": {
            "month": "2021-04",
            "price": "57.08",
            "revenue": 1609581
        },
        "2021-05": {
            "month": "2021-05",
            "price": "54.80",
            "revenue": 1668953
        },
        "2021-06": {
            "month": "2021-06",
            "price": "55.28",
            "revenue": 1771356
        },
        "2021-07": {
            "month": "2021-07",
            "price": "54.60",
            "revenue": 2334201
        },
        "2021-08": {
            "month": "2021-08",
            "price": "58.47",
            "revenue": 2901807
        },
        "2021-09": {
            "month": "2021-09",
            "price": "60.82",
            "revenue": 3905562
        },
        "2021-10": {
            "month": "2021-10",
            "price": "62.94",
            "revenue": 5624418
        },
        "2021-11": {
            "month": "2021-11",
            "price": "67.40",
            "revenue": 4677192
        },
        "2021-12": {
            "month": "2021-12",
            "price": "63.57",
            "revenue": 4672221
        },
        "2022-01": {
            "month": "2022-01",
            "price": "62.27",
            "revenue": 2720218
        },
        "2022-02": {
            "month": "2022-02",
            "price": "63.24",
            "revenue": 2063386
        },
        "2022-03": {
            "month": "2022-03",
            "price": "63.40",
            "revenue": 2015852
        },
        "2022-04": {
            "month": "2022-04",
            "price": "67.80",
            "revenue": 1795915
        },
        "2022-05": {
            "month": "2022-05",
            "price": "64.90",
            "revenue": 1465114
        },
        "2022-06": {
            "month": "2022-06",
            "price": "63.85",
            "revenue": 1700629
        },
        "2022-07": {
            "month": "2022-07",
            "price": "61.63",
            "revenue": 1638958
        },
        "2022-08": {
            "month": "2022-08",
            "price": "63.13",
            "revenue": 1797686
        },
        "2022-09": {
            "month": "2022-09",
            "price": "60.10",
            "revenue": 3304198
        },
        "2022-10": {
            "month": "2022-10",
            "price": "55.64",
            "revenue": 3324297
        },
        "2022-11": {
            "month": "2022-11",
            "price": "52.48",
            "revenue": 2375971
        },
        "2022-12": {
            "month": "2022-12",
            "price": "55.38",
            "revenue": 2379714
        },
        "2023-01": {
            "month": "2023-01",
            "price": "57.10",
            "revenue": 2198879
        },
        "2023-02": {
            "month": "2023-02",
            "price": "58.53",
            "revenue": 1694687
        },
        "2023-03": {
            "month": "2023-03",
            "price": "58.10",
            "revenue": 1909421
        },
        "2023-04": {
            "month": "2023-04",
            "price": "58.61",
            "revenue": 279321
        },
        "2023-05": {
            "month": "2023-05",
            "price": "61.39",
            "revenue": 85963
        }
    }
}
