{
    "summary": {
        "stock_name": "豐謙",
        "stock_id": "5523",
        "category": "建材營造",
        "main_business": "住宅及大樓開發租售業。",
        "website_url": "http://www.fong-chien.com.tw",
        "ceo": "劉瑞麟",
        "pe_ratio": 21,
        "report_year_from": 2001,
        "report_year_to": 2023,
        "age": 22,
        "eps_negative_percentage": 35,
        "eps_growth_avg": {
            "last_all": -12.26,
            "last_2y": 42.99,
            "last_4y": 2.13,
            "last_8y": -14.89,
            "last_12y": -27.05,
            "last_16y": -27.6,
            "last_20y": -12.26,
            "at_2006_last_3y": 39.6,
            "at_2007_last_3y": 7.49,
            "at_2008_last_3y": -7.8,
            "at_2009_last_3y": -28.9,
            "at_2010_last_3y": -64.24,
            "at_2011_last_3y": -100,
            "at_2012_last_3y": -100,
            "at_2013_last_3y": -100,
            "at_2014_last_3y": -100,
            "at_2015_last_3y": -100,
            "at_2016_last_3y": -100,
            "at_2017_last_3y": -100,
            "at_2018_last_3y": -70.99,
            "at_2019_last_3y": -59.15,
            "at_2020_last_3y": -13.51,
            "at_2021_last_3y": 14.87,
            "at_2022_last_3y": 13.16,
            "at_2023_last_3y": 13.16,
            "at_2006_last_all": 39.6,
            "at_2007_last_all": 25.99,
            "at_2008_last_all": 4.99,
            "at_2009_last_all": 4.99,
            "at_2010_last_all": 4.99,
            "at_2011_last_all": -10.01,
            "at_2012_last_all": -10.01,
            "at_2013_last_all": -10.01,
            "at_2014_last_all": -10.01,
            "at_2015_last_all": -21.26,
            "at_2016_last_all": -21.26,
            "at_2017_last_all": -21.26,
            "at_2018_last_all": -23.56,
            "at_2019_last_all": -28.84,
            "at_2020_last_all": -19.14,
            "at_2021_last_all": -9.22,
            "at_2022_last_all": -12.26,
            "at_2023_last_all": -12.26
        },
        "latest_eps": 1.24,
        "latest_price": 26.25,
        "latest_roe": 6.54,
        "latest_gross_margin": 20.82,
        "latest_equity": 2772906,
        "latest_revenue": 935122,
        "latest_gross_profit": 194717,
        "latest_net_income": 175591,
        "latest_debt_ratio": 52.74,
        "latest_current_ratio": 288.8,
        "latest_account_receivable_turnover_ratio": 114.7,
        "latest_inventory_turnover_ratio": 0.15,
        "latest_reinvestment_rate": 2.49,
        "latest_research_to_sale_ratio": null
    },
    "eps_dividends": {
        "1998": {
            "cash": 0,
            "stock": 100,
            "eps": 0
        },
        "1999": {
            "cash": 0,
            "stock": 100,
            "eps": 0
        },
        "2001": {
            "cash": 0,
            "stock": 0,
            "eps": -1.55
        },
        "2002": {
            "cash": 0,
            "stock": 0,
            "eps": 1.02
        },
        "2003": {
            "cash": 0,
            "stock": 0,
            "eps": 2.24
        },
        "2004": {
            "cash": 1,
            "stock": 1,
            "eps": 1.37
        },
        "2005": {
            "cash": 0,
            "stock": 1,
            "eps": 2.13
        },
        "2006": {
            "cash": 1,
            "stock": 1,
            "eps": 3.02
        },
        "2007": {
            "cash": 1,
            "stock": 1,
            "eps": 2.16
        },
        "2008": {
            "cash": 0,
            "stock": 1,
            "eps": -0.33
        },
        "2009": {
            "cash": 0,
            "stock": 0,
            "eps": -0.75
        },
        "2010": {
            "cash": 0,
            "stock": 0,
            "eps": 0.12
        },
        "2011": {
            "cash": 0,
            "stock": 0,
            "eps": -1.13
        },
        "2012": {
            "cash": 0,
            "stock": 0,
            "eps": -2.04
        },
        "2013": {
            "cash": 0,
            "stock": 0,
            "eps": -1.99
        },
        "2014": {
            "cash": 0,
            "stock": 0,
            "eps": 3.18
        },
        "2015": {
            "cash": 0,
            "stock": 0,
            "eps": -0.67
        },
        "2016": {
            "cash": 0,
            "stock": 0,
            "eps": -0.21
        },
        "2017": {
            "cash": 0,
            "stock": 0,
            "eps": 1.31
        },
        "2018": {
            "cash": 0,
            "stock": 0,
            "eps": 0.76
        },
        "2019": {
            "cash": 0,
            "stock": 0,
            "eps": 0.18
        },
        "2020": {
            "cash": 0,
            "stock": 0,
            "eps": 0.32
        },
        "2021": {
            "cash": 1,
            "stock": 0,
            "eps": 5.92
        },
        "2022": {
            "cash": 2,
            "stock": 0,
            "eps": 3.03
        },
        "2023": {
            "cash": 2,
            "stock": 0,
            "eps": 1.13
        }
    },
    "dividends": {
        "1998-05-04": {
            "cash": 0,
            "stock": 100
        },
        "1999-05-31": {
            "cash": 0,
            "stock": 100
        },
        "2004-05-04": {
            "cash": 0.5,
            "stock": 1
        },
        "2005-03-22": {
            "cash": 0.4,
            "stock": 0.7
        },
        "2006-06-13": {
            "cash": 0.5,
            "stock": 1.1
        },
        "2007-06-05": {
            "cash": 1,
            "stock": 1.3
        },
        "2008-03-25": {
            "cash": 0.48,
            "stock": 1.05
        },
        "2018-09-14": {
            "cash": 0.2,
            "stock": 0
        },
        "2019-09-20": {
            "cash": 0.2,
            "stock": 0
        },
        "2020-07-16": {
            "cash": 0.3,
            "stock": 0
        },
        "2021-08-10": {
            "cash": 0.5,
            "stock": 0
        },
        "2022-08-18": {
            "cash": 1.8,
            "stock": 0
        },
        "2023-07-05": {
            "cash": 1.5,
            "stock": 0
        }
    },
    "prices": {
        "200101": "2.24",
        "200102": "2.53",
        "200103": "2.52",
        "200104": "1.91",
        "200105": "2.23",
        "200106": "2.41",
        "200107": "2.44",
        "200108": "2.45",
        "200109": "2.22",
        "200110": "1.84",
        "200111": "1.75",
        "200112": "2.03",
        "200201": "2.25",
        "200202": "4.05",
        "200203": "4.74",
        "200204": "5.97",
        "200205": "5.89",
        "200206": "5.12",
        "200207": "4.84",
        "200208": "4.80",
        "200209": "4.34",
        "200210": "4.44",
        "200211": "4.55",
        "200212": "4.86",
        "200301": "6.29",
        "200302": "7.55",
        "200303": "7.43",
        "200304": "7.14",
        "200305": "6.18",
        "200306": "6.70",
        "200307": "6.74",
        "200308": "6.54",
        "200309": "6.56",
        "200310": "6.70",
        "200311": "6.98",
        "200312": "8.62",
        "200401": "17.12",
        "200402": "21.54",
        "200403": "21.07",
        "200404": "19.51",
        "200405": "16.52",
        "200406": "15.80",
        "200407": "14.64",
        "200408": "13.40",
        "200409": "13.31",
        "200410": "11.96",
        "200411": "9.99",
        "200412": "11.92",
        "200501": "13.39",
        "200502": "12.05",
        "200503": "11.19",
        "200504": "10.79",
        "200505": "9.83",
        "200506": "11.86",
        "200507": "14.64",
        "200508": "15.25",
        "200509": "15.66",
        "200510": "15.74",
        "200511": "16.04",
        "200512": "15.11",
        "200601": "18.86",
        "200602": "21.01",
        "200603": "24.63",
        "200604": "23.57",
        "200605": "22.15",
        "200606": "22.90",
        "200607": "20.50",
        "200608": "19.24",
        "200609": "18.38",
        "200610": "21.03",
        "200611": "21.19",
        "200612": "26.24",
        "200701": "26.46",
        "200702": "26.62",
        "200703": "26.86",
        "200704": "27.54",
        "200705": "26.85",
        "200706": "28.11",
        "200707": "28.88",
        "200708": "25.94",
        "200709": "23.13",
        "200710": "19.68",
        "200711": "19.12",
        "200712": "20.14",
        "200801": "20.86",
        "200802": "21.23",
        "200803": "25.27",
        "200804": "27.82",
        "200805": "30.80",
        "200806": "30.36",
        "200807": "20.86",
        "200808": "16.80",
        "200809": "11.33",
        "200810": "6.85",
        "200811": "6.61",
        "200812": "6.79",
        "200901": "5.94",
        "200902": "5.68",
        "200903": "7.61",
        "200904": "15.34",
        "200905": "16.65",
        "200906": "14.18",
        "200907": "16.02",
        "200908": "13.75",
        "200909": "13.05",
        "200910": "12.45",
        "200911": "10.93",
        "200912": "11.92",
        "201001": "12.62",
        "201002": "11.08",
        "201003": "11.83",
        "201004": "10.78",
        "201005": "9.43",
        "201006": "9.95",
        "201007": "10.46",
        "201008": "10.39",
        "201009": "9.91",
        "201010": "10.00",
        "201011": "9.22",
        "201012": "10.19",
        "201101": "12.37",
        "201102": "12.03",
        "201103": "11.47",
        "201104": "11.56",
        "201105": "11.46",
        "201106": "13.48",
        "201107": "14.33",
        "201108": "11.99",
        "201109": "11.43",
        "201110": "11.36",
        "201111": "10.62",
        "201112": "9.50",
        "201201": "8.75",
        "201202": "10.18",
        "201203": "10.04",
        "201204": "9.12",
        "201205": "8.72",
        "201206": "7.79",
        "201207": "7.47",
        "201208": "7.92",
        "201209": "8.85",
        "201210": "8.44",
        "201211": "8.44",
        "201212": "8.08",
        "201301": "8.20",
        "201302": "8.39",
        "201303": "9.02",
        "201304": "9.89",
        "201305": "9.02",
        "201306": "8.97",
        "201307": "7.58",
        "201308": "9.74",
        "201309": "12.46",
        "201310": "19.69",
        "201311": "18.24",
        "201312": "17.71",
        "201401": "17.69",
        "201402": "17.24",
        "201403": "18.08",
        "201404": "18.15",
        "201405": "18.06",
        "201406": "17.34",
        "201407": "17.68",
        "201408": "17.65",
        "201409": "17.77",
        "201410": "16.98",
        "201411": "16.94",
        "201412": "16.97",
        "201501": "16.93",
        "201502": "16.47",
        "201503": "15.85",
        "201504": "14.80",
        "201505": "14.06",
        "201506": "13.27",
        "201507": "12.14",
        "201508": "10.56",
        "201509": "9.27",
        "201510": "8.24",
        "201511": "8.11",
        "201512": "7.90",
        "201601": "7.66",
        "201602": "7.76",
        "201603": "8.66",
        "201604": "7.82",
        "201605": "7.86",
        "201606": "7.51",
        "201607": "8.34",
        "201608": "8.70",
        "201609": "7.58",
        "201610": "7.20",
        "201611": "7.18",
        "201612": "7.13",
        "201701": "7.30",
        "201702": "7.41",
        "201703": "10.74",
        "201704": "14.86",
        "201705": "15.40",
        "201706": "14.01",
        "201707": "13.27",
        "201708": "11.81",
        "201709": "12.03",
        "201710": "11.14",
        "201711": "12.23",
        "201712": "11.93",
        "201801": "11.90",
        "201802": "11.53",
        "201803": "11.33",
        "201804": "10.78",
        "201805": "10.44",
        "201806": "10.11",
        "201807": "9.55",
        "201808": "9.43",
        "201809": "9.66",
        "201810": "9.39",
        "201811": "9.75",
        "201812": "9.85",
        "201901": "9.58",
        "201902": "9.40",
        "201903": "9.47",
        "201904": "9.63",
        "201905": "9.51",
        "201906": "9.43",
        "201907": "10.45",
        "201908": "10.46",
        "201909": "10.45",
        "201910": "10.27",
        "201911": "12.19",
        "201912": "11.77",
        "202001": "11.78",
        "202002": "11.34",
        "202003": "9.84",
        "202004": "9.71",
        "202005": "10.70",
        "202006": "10.95",
        "202007": "11.82",
        "202008": "12.94",
        "202009": "13.08",
        "202010": "14.58",
        "202011": "16.04",
        "202012": "16.91",
        "202101": "17.81",
        "202102": "18.17",
        "202103": "19.08",
        "202104": "26.64",
        "202105": "30.04",
        "202106": "29.12",
        "202107": "30.82",
        "202108": "29.41",
        "202109": "28.91",
        "202110": "28.30",
        "202111": "29.92",
        "202112": "29.02",
        "202201": "28.59",
        "202202": "28.49",
        "202203": "27.88",
        "202204": "24.89",
        "202205": "26.60",
        "202206": "28.12",
        "202207": "27.05",
        "202208": "25.58",
        "202209": "25.26",
        "202210": "25.34",
        "202211": "24.99",
        "202212": "24.60",
        "202301": "24.97",
        "202302": "24.95",
        "202303": "25.20",
        "202304": "24.97",
        "202305": "25.48"
    },
    "quarters": {
        "20011": {
            "year_quarter": 20011,
            "year": 2001,
            "quarter": 1,
            "eps": -0.13,
            "eps_growth_year": null,
            "eps_4q": -1.91,
            "eps_4q_growth_year": -250.85,
            "roe": -1.21,
            "roe_4q": -1.21,
            "gross_profit": -4143,
            "gross_margin": -25.31,
            "gross_margin_4q_avg": -25.31,
            "net_income": -6980,
            "revenue": 16367,
            "common_shares": 542000,
            "book_valuer_per_share": 10.42,
            "book_valuer_per_share_4q_avg": 10.42,
            "equity": 564878,
            "current_ratio": 333.8,
            "debt_ratio": 17.03,
            "inventory_turnover_ratio": 0.08,
            "account_receivable_turnover_ratio": null,
            "reinvestment_rate": null,
            "research_to_sale_ratio": null,
            "price_fair": 0,
            "eps_avg_yearly": 0,
            "eps_latest_yearly": 0,
            "eps_growth_yearly": 0
        },
        "20012": {
            "year_quarter": 20012,
            "year": 2001,
            "quarter": 2,
            "eps": -0.55,
            "eps_growth_year": null,
            "eps_4q": -2.25,
            "eps_4q_growth_year": -370.2,
            "roe": -5.4,
            "roe_4q": -6.61,
            "gross_profit": 2333,
            "gross_margin": 10.9,
            "gross_margin_4q_avg": -7.21,
            "net_income": -29700,
            "revenue": 21401,
            "common_shares": 542000,
            "book_valuer_per_share": 9.87,
            "book_valuer_per_share_4q_avg": 10.15,
            "equity": 535178,
            "current_ratio": 317.54,
            "debt_ratio": 16.82,
            "inventory_turnover_ratio": 0.08,
            "account_receivable_turnover_ratio": null,
            "reinvestment_rate": null,
            "research_to_sale_ratio": null,
            "price_fair": 0,
            "eps_avg_yearly": 0,
            "eps_latest_yearly": 0,
            "eps_growth_yearly": 0
        },
        "20013": {
            "year_quarter": 20013,
            "year": 2001,
            "quarter": 3,
            "eps": -0.36,
            "eps_growth_year": null,
            "eps_4q": -2.17,
            "eps_4q_growth_year": -540.58,
            "roe": -3.68,
            "roe_4q": -10.29,
            "gross_profit": 3795,
            "gross_margin": 5.94,
            "gross_margin_4q_avg": -2.82,
            "net_income": -19330,
            "revenue": 63858,
            "common_shares": 542000,
            "book_valuer_per_share": 9.52,
            "book_valuer_per_share_4q_avg": 9.94,
            "equity": 515848,
            "current_ratio": 320.38,
            "debt_ratio": 16.18,
            "inventory_turnover_ratio": 0.3,
            "account_receivable_turnover_ratio": null,
            "reinvestment_rate": null,
            "research_to_sale_ratio": null,
            "price_fair": 0,
            "eps_avg_yearly": 0,
            "eps_latest_yearly": 0,
            "eps_growth_yearly": 0
        },
        "20014": {
            "year_quarter": 20014,
            "year": 2001,
            "quarter": 4,
            "eps": -0.51,
            "eps_growth_year": null,
            "eps_4q": -1.53,
            "eps_4q_growth_year": null,
            "roe": -5.47,
            "roe_4q": -15.760000000000002,
            "gross_profit": -4040,
            "gross_margin": -13.48,
            "gross_margin_4q_avg": -5.49,
            "net_income": -27841,
            "revenue": 29961,
            "common_shares": 542000,
            "book_valuer_per_share": 9,
            "book_valuer_per_share_4q_avg": 9.7,
            "equity": 502309,
            "current_ratio": 218.76,
            "debt_ratio": 34.17,
            "inventory_turnover_ratio": 0.23,
            "account_receivable_turnover_ratio": null,
            "reinvestment_rate": null,
            "research_to_sale_ratio": null,
            "price_fair": 0,
            "eps_avg_yearly": 0,
            "eps_latest_yearly": 0,
            "eps_growth_yearly": 0
        },
        "20021": {
            "year_quarter": 20021,
            "year": 2002,
            "quarter": 1,
            "eps": -0.22,
            "eps_growth_year": null,
            "eps_4q": -1.63,
            "eps_4q_growth_year": null,
            "roe": -2.45,
            "roe_4q": -17,
            "gross_profit": -5341,
            "gross_margin": -40.97,
            "gross_margin_4q_avg": -9.4,
            "net_income": -11995,
            "revenue": 13036,
            "common_shares": 542000,
            "book_valuer_per_share": 8.78,
            "book_valuer_per_share_4q_avg": 9.29,
            "equity": 476012,
            "current_ratio": 248.26,
            "debt_ratio": 18.78,
            "inventory_turnover_ratio": 0.15,
            "account_receivable_turnover_ratio": null,
            "reinvestment_rate": null,
            "research_to_sale_ratio": null,
            "price_fair": 0,
            "eps_avg_yearly": 0,
            "eps_latest_yearly": 0,
            "eps_growth_yearly": 0
        },
        "20022": {
            "year_quarter": 20022,
            "year": 2002,
            "quarter": 2,
            "eps": 0.23,
            "eps_growth_year": null,
            "eps_4q": -0.84,
            "eps_4q_growth_year": null,
            "roe": 2.63,
            "roe_4q": -8.97,
            "gross_profit": 22643,
            "gross_margin": 27.4,
            "gross_margin_4q_avg": -5.28,
            "net_income": 12702,
            "revenue": 82634,
            "common_shares": 542000,
            "book_valuer_per_share": 9.02,
            "book_valuer_per_share_4q_avg": 9.08,
            "equity": 488714,
            "current_ratio": 166.9,
            "debt_ratio": 33.33,
            "inventory_turnover_ratio": 0.32,
            "account_receivable_turnover_ratio": null,
            "reinvestment_rate": null,
            "research_to_sale_ratio": null,
            "price_fair": 0,
            "eps_avg_yearly": 0,
            "eps_latest_yearly": 0,
            "eps_growth_yearly": 0
        },
        "20023": {
            "year_quarter": 20023,
            "year": 2002,
            "quarter": 3,
            "eps": 0.63,
            "eps_growth_year": null,
            "eps_4q": 0.13,
            "eps_4q_growth_year": null,
            "roe": 6.77,
            "roe_4q": 1.4799999999999986,
            "gross_profit": 62789,
            "gross_margin": 29.45,
            "gross_margin_4q_avg": 0.6,
            "net_income": 34261,
            "revenue": 213212,
            "common_shares": 542000,
            "book_valuer_per_share": 9.65,
            "book_valuer_per_share_4q_avg": 9.11,
            "equity": 522975,
            "current_ratio": 155.49,
            "debt_ratio": 39.84,
            "inventory_turnover_ratio": 0.45,
            "account_receivable_turnover_ratio": null,
            "reinvestment_rate": null,
            "research_to_sale_ratio": null,
            "price_fair": 88.2,
            "eps_avg_yearly": 2.52,
            "eps_latest_yearly": 2.52,
            "eps_growth_yearly": 695.65
        },
        "20024": {
            "year_quarter": 20024,
            "year": 2002,
            "quarter": 4,
            "eps": 0.38,
            "eps_growth_year": null,
            "eps_4q": 1.02,
            "eps_4q_growth_year": null,
            "roe": 3.85,
            "roe_4q": 10.8,
            "gross_profit": 37713,
            "gross_margin": 29.34,
            "gross_margin_4q_avg": 11.31,
            "net_income": 20790,
            "revenue": 128539,
            "common_shares": 542000,
            "book_valuer_per_share": 10.03,
            "book_valuer_per_share_4q_avg": 9.37,
            "equity": 556897,
            "current_ratio": 136.45,
            "debt_ratio": 52.88,
            "inventory_turnover_ratio": 0.17,
            "account_receivable_turnover_ratio": null,
            "reinvestment_rate": null,
            "research_to_sale_ratio": null,
            "price_fair": 70.7,
            "eps_avg_yearly": 2.02,
            "eps_latest_yearly": 1.52,
            "eps_growth_yearly": 268.46
        },
        "20031": {
            "year_quarter": 20031,
            "year": 2003,
            "quarter": 1,
            "eps": -0.12,
            "eps_growth_year": null,
            "eps_4q": 1.16,
            "eps_4q_growth_year": null,
            "roe": -1.16,
            "roe_4q": 12.09,
            "gross_profit": 2331,
            "gross_margin": 25.6,
            "gross_margin_4q_avg": 27.95,
            "net_income": -6347,
            "revenue": 9104,
            "common_shares": 542000,
            "book_valuer_per_share": 9.92,
            "book_valuer_per_share_4q_avg": 9.66,
            "equity": 537418,
            "current_ratio": 138.22,
            "debt_ratio": 55.61,
            "inventory_turnover_ratio": 0.01,
            "account_receivable_turnover_ratio": null,
            "reinvestment_rate": null,
            "research_to_sale_ratio": null,
            "price_fair": 70.7,
            "eps_avg_yearly": 2.02,
            "eps_latest_yearly": 1.52,
            "eps_growth_yearly": 268.46
        },
        "20032": {
            "year_quarter": 20032,
            "year": 2003,
            "quarter": 2,
            "eps": -0.28,
            "eps_growth_year": -221.74,
            "eps_4q": 0.52,
            "eps_4q_growth_year": null,
            "roe": -2.75,
            "roe_4q": 6.709999999999999,
            "gross_profit": 6261,
            "gross_margin": 5.91,
            "gross_margin_4q_avg": 22.58,
            "net_income": -15595,
            "revenue": 105988,
            "common_shares": 642000,
            "book_valuer_per_share": 9.3,
            "book_valuer_per_share_4q_avg": 9.73,
            "equity": 596823,
            "current_ratio": 168.36,
            "debt_ratio": 44.4,
            "inventory_turnover_ratio": 0.14,
            "account_receivable_turnover_ratio": null,
            "reinvestment_rate": null,
            "research_to_sale_ratio": null,
            "price_fair": 70.7,
            "eps_avg_yearly": 2.02,
            "eps_latest_yearly": 1.52,
            "eps_growth_yearly": 268.46
        },
        "20033": {
            "year_quarter": 20033,
            "year": 2003,
            "quarter": 3,
            "eps": -0.04,
            "eps_growth_year": -106.35,
            "eps_4q": -0.05,
            "eps_4q_growth_year": -139.06,
            "roe": -0.36,
            "roe_4q": -0.4199999999999995,
            "gross_profit": 14282,
            "gross_margin": 24.49,
            "gross_margin_4q_avg": 21.34,
            "net_income": -2134,
            "revenue": 58307,
            "common_shares": 642000,
            "book_valuer_per_share": 9.26,
            "book_valuer_per_share_4q_avg": 9.63,
            "equity": 594689,
            "current_ratio": 167.63,
            "debt_ratio": 46.56,
            "inventory_turnover_ratio": 0.07,
            "account_receivable_turnover_ratio": null,
            "reinvestment_rate": null,
            "research_to_sale_ratio": null,
            "price_fair": 70.7,
            "eps_avg_yearly": 2.02,
            "eps_latest_yearly": 1.52,
            "eps_growth_yearly": 268.46
        },
        "20034": {
            "year_quarter": 20034,
            "year": 2003,
            "quarter": 4,
            "eps": 2.68,
            "eps_growth_year": 605.26,
            "eps_4q": 2.28,
            "eps_4q_growth_year": 123.81,
            "roe": 23.72,
            "roe_4q": 19.45,
            "gross_profit": 186064,
            "gross_margin": 33.18,
            "gross_margin_4q_avg": 22.3,
            "net_income": 161712,
            "revenue": 560824,
            "common_shares": 642000,
            "book_valuer_per_share": 11.78,
            "book_valuer_per_share_4q_avg": 10.07,
            "equity": 768546,
            "current_ratio": 145.5,
            "debt_ratio": 52.44,
            "inventory_turnover_ratio": 0.44,
            "account_receivable_turnover_ratio": null,
            "reinvestment_rate": 21.49,
            "research_to_sale_ratio": null,
            "price_fair": 70.7,
            "eps_avg_yearly": 2.02,
            "eps_latest_yearly": 1.52,
            "eps_growth_yearly": 268.46
        },
        "20041": {
            "year_quarter": 20041,
            "year": 2004,
            "quarter": 1,
            "eps": 0.4,
            "eps_growth_year": null,
            "eps_4q": 2.66,
            "eps_4q_growth_year": 129.28,
            "roe": 3.28,
            "roe_4q": 23.89,
            "gross_profit": 38988,
            "gross_margin": 26.05,
            "gross_margin_4q_avg": 22.41,
            "net_income": 25463,
            "revenue": 149638,
            "common_shares": 642000,
            "book_valuer_per_share": 12.18,
            "book_valuer_per_share_4q_avg": 10.63,
            "equity": 781864,
            "current_ratio": 166.39,
            "debt_ratio": 49.62,
            "inventory_turnover_ratio": 0.1,
            "account_receivable_turnover_ratio": null,
            "reinvestment_rate": -8.15,
            "research_to_sale_ratio": null,
            "price_fair": 65.8,
            "eps_avg_yearly": 1.88,
            "eps_latest_yearly": 1.6,
            "eps_growth_yearly": 65.54
        },
        "20042": {
            "year_quarter": 20042,
            "year": 2004,
            "quarter": 2,
            "eps": 0.29,
            "eps_growth_year": null,
            "eps_4q": 3.14,
            "eps_4q_growth_year": 508.59,
            "roe": 2.43,
            "roe_4q": 29.07,
            "gross_profit": 35731,
            "gross_margin": 32.83,
            "gross_margin_4q_avg": 29.14,
            "net_income": 18838,
            "revenue": 108823,
            "common_shares": 642000,
            "book_valuer_per_share": 11.99,
            "book_valuer_per_share_4q_avg": 11.3,
            "equity": 769882,
            "current_ratio": 139.64,
            "debt_ratio": 62.09,
            "inventory_turnover_ratio": 0.05,
            "account_receivable_turnover_ratio": null,
            "reinvestment_rate": 74.1,
            "research_to_sale_ratio": null,
            "price_fair": 53.81,
            "eps_avg_yearly": 1.7,
            "eps_latest_yearly": 1.16,
            "eps_growth_yearly": 21.66
        },
        "20043": {
            "year_quarter": 20043,
            "year": 2004,
            "quarter": 3,
            "eps": -0.31,
            "eps_growth_year": null,
            "eps_4q": 2.67,
            "eps_4q_growth_year": null,
            "roe": -2.79,
            "roe_4q": 26.64,
            "gross_profit": 6786,
            "gross_margin": 49.04,
            "gross_margin_4q_avg": 35.28,
            "net_income": -21172,
            "revenue": 13838,
            "common_shares": 693360,
            "book_valuer_per_share": 10.8,
            "book_valuer_per_share_4q_avg": 11.69,
            "equity": 748710,
            "current_ratio": 136.72,
            "debt_ratio": 63.84,
            "inventory_turnover_ratio": 0,
            "account_receivable_turnover_ratio": null,
            "reinvestment_rate": 68.09,
            "research_to_sale_ratio": null,
            "price_fair": 53.81,
            "eps_avg_yearly": 1.7,
            "eps_latest_yearly": 1.16,
            "eps_growth_yearly": 21.66
        },
        "20044": {
            "year_quarter": 20044,
            "year": 2004,
            "quarter": 4,
            "eps": 0.99,
            "eps_growth_year": -63.06,
            "eps_4q": 1.32,
            "eps_4q_growth_year": -42.03,
            "roe": 8.73,
            "roe_4q": 11.65,
            "gross_profit": 105780,
            "gross_margin": 34.8,
            "gross_margin_4q_avg": 35.68,
            "net_income": 68907,
            "revenue": 303986,
            "common_shares": 693360,
            "book_valuer_per_share": 11.79,
            "book_valuer_per_share_4q_avg": 11.69,
            "equity": 829077,
            "current_ratio": 138.57,
            "debt_ratio": 56.48,
            "inventory_turnover_ratio": 0.13,
            "account_receivable_turnover_ratio": null,
            "reinvestment_rate": -0.14,
            "research_to_sale_ratio": null,
            "price_fair": 53.81,
            "eps_avg_yearly": 1.7,
            "eps_latest_yearly": 1.16,
            "eps_growth_yearly": 21.66
        },
        "20051": {
            "year_quarter": 20051,
            "year": 2005,
            "quarter": 1,
            "eps": -0.07,
            "eps_growth_year": -117.5,
            "eps_4q": 0.94,
            "eps_4q_growth_year": -64.55,
            "roe": -0.56,
            "roe_4q": 7.8100000000000005,
            "gross_profit": 12701,
            "gross_margin": 32.55,
            "gross_margin_4q_avg": 37.31,
            "net_income": -4597,
            "revenue": 39020,
            "common_shares": 693360,
            "book_valuer_per_share": 11.73,
            "book_valuer_per_share_4q_avg": 11.58,
            "equity": 813020,
            "current_ratio": 137.62,
            "debt_ratio": 59.91,
            "inventory_turnover_ratio": 0.02,
            "account_receivable_turnover_ratio": null,
            "reinvestment_rate": 33.86,
            "research_to_sale_ratio": null,
            "price_fair": 53.81,
            "eps_avg_yearly": 1.7,
            "eps_latest_yearly": 1.16,
            "eps_growth_yearly": 21.66
        },
        "20052": {
            "year_quarter": 20052,
            "year": 2005,
            "quarter": 2,
            "eps": -0.06,
            "eps_growth_year": -120.69,
            "eps_4q": 0.57,
            "eps_4q_growth_year": -81.98,
            "roe": -0.49,
            "roe_4q": 4.890000000000001,
            "gross_profit": 12270,
            "gross_margin": 22.6,
            "gross_margin_4q_avg": 34.75,
            "net_income": -3922,
            "revenue": 54295,
            "common_shares": 693360,
            "book_valuer_per_share": 11.23,
            "book_valuer_per_share_4q_avg": 11.39,
            "equity": 778879,
            "current_ratio": 131.82,
            "debt_ratio": 65.92,
            "inventory_turnover_ratio": 0.03,
            "account_receivable_turnover_ratio": null,
            "reinvestment_rate": 30.12,
            "research_to_sale_ratio": null,
            "price_fair": 53.81,
            "eps_avg_yearly": 1.7,
            "eps_latest_yearly": 1.16,
            "eps_growth_yearly": 21.66
        },
        "20053": {
            "year_quarter": 20053,
            "year": 2005,
            "quarter": 3,
            "eps": 0.75,
            "eps_growth_year": null,
            "eps_4q": 1.57,
            "eps_4q_growth_year": -41.21,
            "roe": 6.87,
            "roe_4q": 14.55,
            "gross_profit": 12244,
            "gross_margin": 39.72,
            "gross_margin_4q_avg": 32.42,
            "net_income": 55410,
            "revenue": 30826,
            "common_shares": 743300,
            "book_valuer_per_share": 11.22,
            "book_valuer_per_share_4q_avg": 11.49,
            "equity": 834289,
            "current_ratio": 134.36,
            "debt_ratio": 65.21,
            "inventory_turnover_ratio": 0.01,
            "account_receivable_turnover_ratio": null,
            "reinvestment_rate": 22.86,
            "research_to_sale_ratio": null,
            "price_fair": 53.81,
            "eps_avg_yearly": 1.7,
            "eps_latest_yearly": 1.16,
            "eps_growth_yearly": 21.66
        },
        "20054": {
            "year_quarter": 20054,
            "year": 2005,
            "quarter": 4,
            "eps": 1.51,
            "eps_growth_year": 52.53,
            "eps_4q": 2.14,
            "eps_4q_growth_year": 61.8,
            "roe": 12.54,
            "roe_4q": 18.360000000000003,
            "gross_profit": 138614,
            "gross_margin": 27.42,
            "gross_margin_4q_avg": 30.57,
            "net_income": 112478,
            "revenue": 505580,
            "common_shares": 743300,
            "book_valuer_per_share": 12.74,
            "book_valuer_per_share_4q_avg": 11.73,
            "equity": 959485,
            "current_ratio": 146.34,
            "debt_ratio": 58.57,
            "inventory_turnover_ratio": 0.22,
            "account_receivable_turnover_ratio": null,
            "reinvestment_rate": 15.38,
            "research_to_sale_ratio": null,
            "price_fair": 89.88,
            "eps_avg_yearly": 2.57,
            "eps_latest_yearly": 6.04,
            "eps_growth_yearly": 98.39
        },
        "20061": {
            "year_quarter": 20061,
            "year": 2006,
            "quarter": 1,
            "eps": 0.08,
            "eps_growth_year": null,
            "eps_4q": 2.26,
            "eps_4q_growth_year": 139.63,
            "roe": 0.63,
            "roe_4q": 19.55,
            "gross_profit": 3650,
            "gross_margin": 10.75,
            "gross_margin_4q_avg": 25.12,
            "net_income": 6013,
            "revenue": 33968,
            "common_shares": 743300,
            "book_valuer_per_share": 12.82,
            "book_valuer_per_share_4q_avg": 12,
            "equity": 952768,
            "current_ratio": 141.18,
            "debt_ratio": 60.01,
            "inventory_turnover_ratio": 0.02,
            "account_receivable_turnover_ratio": null,
            "reinvestment_rate": 15.11,
            "research_to_sale_ratio": null,
            "price_fair": 63.3,
            "eps_avg_yearly": 2.19,
            "eps_latest_yearly": 0.32,
            "eps_growth_yearly": 18.86
        },
        "20062": {
            "year_quarter": 20062,
            "year": 2006,
            "quarter": 2,
            "eps": 1.07,
            "eps_growth_year": null,
            "eps_4q": 3.4,
            "eps_4q_growth_year": 501.82,
            "roe": 8.2,
            "roe_4q": 28.24,
            "gross_profit": 101115,
            "gross_margin": 31.99,
            "gross_margin_4q_avg": 27.47,
            "net_income": 79729,
            "revenue": 316046,
            "common_shares": 743300,
            "book_valuer_per_share": 13.33,
            "book_valuer_per_share_4q_avg": 12.53,
            "equity": 991041,
            "current_ratio": 141.01,
            "debt_ratio": 62.2,
            "inventory_turnover_ratio": 0.11,
            "account_receivable_turnover_ratio": null,
            "reinvestment_rate": 13.23,
            "research_to_sale_ratio": null,
            "price_fair": 87.2,
            "eps_avg_yearly": 2.49,
            "eps_latest_yearly": 4.28,
            "eps_growth_yearly": 723.31
        },
        "20063": {
            "year_quarter": 20063,
            "year": 2006,
            "quarter": 3,
            "eps": -0.03,
            "eps_growth_year": -104,
            "eps_4q": 2.36,
            "eps_4q_growth_year": 50.79,
            "roe": -0.25,
            "roe_4q": 21.119999999999997,
            "gross_profit": 11133,
            "gross_margin": 35.08,
            "gross_margin_4q_avg": 26.31,
            "net_income": -2473,
            "revenue": 31734,
            "common_shares": 828240,
            "book_valuer_per_share": 11.94,
            "book_valuer_per_share_4q_avg": 12.71,
            "equity": 988568,
            "current_ratio": 132.59,
            "debt_ratio": 68.51,
            "inventory_turnover_ratio": 0.01,
            "account_receivable_turnover_ratio": null,
            "reinvestment_rate": 14.56,
            "research_to_sale_ratio": null,
            "price_fair": 87.03,
            "eps_avg_yearly": 2.49,
            "eps_latest_yearly": 4.28,
            "eps_growth_yearly": 727.92
        },
        "20064": {
            "year_quarter": 20064,
            "year": 2006,
            "quarter": 4,
            "eps": 1.9,
            "eps_growth_year": 25.83,
            "eps_4q": 2.9,
            "eps_4q_growth_year": 35.74,
            "roe": 14.35,
            "roe_4q": 22.929999999999996,
            "gross_profit": 171279,
            "gross_margin": 26.28,
            "gross_margin_4q_avg": 26.03,
            "net_income": 157541,
            "revenue": 651637,
            "common_shares": 828240,
            "book_valuer_per_share": 13.84,
            "book_valuer_per_share_4q_avg": 12.98,
            "equity": 1207001,
            "current_ratio": 135.48,
            "debt_ratio": 65.14,
            "inventory_turnover_ratio": 0.19,
            "account_receivable_turnover_ratio": null,
            "reinvestment_rate": 12.63,
            "research_to_sale_ratio": null,
            "price_fair": 93.8,
            "eps_avg_yearly": 2.68,
            "eps_latest_yearly": 4.28,
            "eps_growth_yearly": 905.25
        },
        "20071": {
            "year_quarter": 20071,
            "year": 2007,
            "quarter": 1,
            "eps": 1,
            "eps_growth_year": 1150,
            "eps_4q": 3.83,
            "eps_4q_growth_year": 69.27,
            "roe": 6.82,
            "roe_4q": 29.12,
            "gross_profit": 104707,
            "gross_margin": 28.7,
            "gross_margin_4q_avg": 30.51,
            "net_income": 83024,
            "revenue": 364793,
            "common_shares": 828240,
            "book_valuer_per_share": 14.82,
            "book_valuer_per_share_4q_avg": 13.48,
            "equity": 1227624,
            "current_ratio": 141.24,
            "debt_ratio": 63.38,
            "inventory_turnover_ratio": 0.1,
            "account_receivable_turnover_ratio": null,
            "reinvestment_rate": 10.02,
            "research_to_sale_ratio": null,
            "price_fair": 101.5,
            "eps_avg_yearly": 2.9,
            "eps_latest_yearly": 4,
            "eps_growth_yearly": 722.79
        },
        "20072": {
            "year_quarter": 20072,
            "year": 2007,
            "quarter": 2,
            "eps": 0.32,
            "eps_growth_year": -70.09,
            "eps_4q": 3.17,
            "eps_4q_growth_year": -6.88,
            "roe": 2.23,
            "roe_4q": 23.15,
            "gross_profit": 62611,
            "gross_margin": 24.54,
            "gross_margin_4q_avg": 28.65,
            "net_income": 26736,
            "revenue": 255095,
            "common_shares": 828240,
            "book_valuer_per_share": 14.11,
            "book_valuer_per_share_4q_avg": 13.68,
            "equity": 1168922,
            "current_ratio": 143.58,
            "debt_ratio": 69.53,
            "inventory_turnover_ratio": 0.07,
            "account_receivable_turnover_ratio": null,
            "reinvestment_rate": 9.47,
            "research_to_sale_ratio": null,
            "price_fair": 93.4,
            "eps_avg_yearly": 2.67,
            "eps_latest_yearly": 1.28,
            "eps_growth_yearly": 580.68
        },
        "20073": {
            "year_quarter": 20073,
            "year": 2007,
            "quarter": 3,
            "eps": 0.09,
            "eps_growth_year": null,
            "eps_4q": 2.97,
            "eps_4q_growth_year": 25.62,
            "roe": 0.71,
            "roe_4q": 24.11,
            "gross_profit": 28411,
            "gross_margin": 26.66,
            "gross_margin_4q_avg": 26.55,
            "net_income": 8356,
            "revenue": 106577,
            "common_shares": 942920,
            "book_valuer_per_share": 12.49,
            "book_valuer_per_share_4q_avg": 13.82,
            "equity": 1177278,
            "current_ratio": 150.78,
            "debt_ratio": 66.93,
            "inventory_turnover_ratio": 0.03,
            "account_receivable_turnover_ratio": null,
            "reinvestment_rate": 9.34,
            "research_to_sale_ratio": null,
            "price_fair": 83.3,
            "eps_avg_yearly": 2.38,
            "eps_latest_yearly": 0.36,
            "eps_growth_yearly": 472.16
        },
        "20074": {
            "year_quarter": 20074,
            "year": 2007,
            "quarter": 4,
            "eps": 0.75,
            "eps_growth_year": -60.53,
            "eps_4q": 2,
            "eps_4q_growth_year": -31.16,
            "roe": 5.66,
            "roe_4q": 15.42,
            "gross_profit": 156658,
            "gross_margin": 25.61,
            "gross_margin_4q_avg": 26.38,
            "net_income": 70913,
            "revenue": 611686,
            "common_shares": 942920,
            "book_valuer_per_share": 13.24,
            "book_valuer_per_share_4q_avg": 13.67,
            "equity": 1330136,
            "current_ratio": 173.24,
            "debt_ratio": 61.09,
            "inventory_turnover_ratio": 0.16,
            "account_receivable_turnover_ratio": null,
            "reinvestment_rate": 14.17,
            "research_to_sale_ratio": null,
            "price_fair": 85.71,
            "eps_avg_yearly": 2.45,
            "eps_latest_yearly": 3,
            "eps_growth_yearly": 745.62
        },
        "20081": {
            "year_quarter": 20081,
            "year": 2008,
            "quarter": 1,
            "eps": 0.03,
            "eps_growth_year": -97,
            "eps_4q": 22.73,
            "eps_4q_growth_year": 493.78,
            "roe": -0.01,
            "roe_4q": 8.59,
            "gross_profit": 29228,
            "gross_margin": 28.58,
            "gross_margin_4q_avg": 26.35,
            "net_income": -144,
            "revenue": 102272,
            "common_shares": 942920,
            "book_valuer_per_share": 13.27,
            "book_valuer_per_share_4q_avg": 13.28,
            "equity": 1329990,
            "current_ratio": 173.26,
            "debt_ratio": 61.01,
            "inventory_turnover_ratio": 0.03,
            "account_receivable_turnover_ratio": null,
            "reinvestment_rate": 17.6,
            "research_to_sale_ratio": null,
            "price_fair": 79.96,
            "eps_avg_yearly": 2.28,
            "eps_latest_yearly": 0.12,
            "eps_growth_yearly": 740.77
        },
        "20082": {
            "year_quarter": 20082,
            "year": 2008,
            "quarter": 2,
            "eps": 0.28,
            "eps_growth_year": -12.5,
            "eps_4q": 1.44,
            "eps_4q_growth_year": -54.54,
            "roe": 1.53,
            "roe_4q": 7.89,
            "gross_profit": 55855,
            "gross_margin": 53.84,
            "gross_margin_4q_avg": 33.67,
            "net_income": 21125,
            "revenue": 103733,
            "common_shares": 983512,
            "book_valuer_per_share": 13.51,
            "book_valuer_per_share_4q_avg": 13.13,
            "equity": 1435336,
            "current_ratio": 171.52,
            "debt_ratio": 60.32,
            "inventory_turnover_ratio": 0.02,
            "account_receivable_turnover_ratio": null,
            "reinvestment_rate": 20.02,
            "research_to_sale_ratio": null,
            "price_fair": 79.8,
            "eps_avg_yearly": 2.28,
            "eps_latest_yearly": 1.12,
            "eps_growth_yearly": 1123.36
        },
        "20083": {
            "year_quarter": 20083,
            "year": 2008,
            "quarter": 3,
            "eps": -0.18,
            "eps_growth_year": -300,
            "eps_4q": 0.74,
            "eps_4q_growth_year": -74.92,
            "roe": -1.94,
            "roe_4q": 5.24,
            "gross_profit": 29533,
            "gross_margin": 26.12,
            "gross_margin_4q_avg": 33.54,
            "net_income": -27706,
            "revenue": 113064,
            "common_shares": 1093232,
            "book_valuer_per_share": 11.94,
            "book_valuer_per_share_4q_avg": 12.99,
            "equity": 1421698,
            "current_ratio": 170.89,
            "debt_ratio": 58.3,
            "inventory_turnover_ratio": 0.03,
            "account_receivable_turnover_ratio": null,
            "reinvestment_rate": 39.56,
            "research_to_sale_ratio": null,
            "price_fair": 79.8,
            "eps_avg_yearly": 2.28,
            "eps_latest_yearly": 1.12,
            "eps_growth_yearly": 1123.36
        },
        "20084": {
            "year_quarter": 20084,
            "year": 2008,
            "quarter": 4,
            "eps": -0.46,
            "eps_growth_year": -161.33,
            "eps_4q": -0.22,
            "eps_4q_growth_year": -111.11,
            "roe": -3.93,
            "roe_4q": -4.35,
            "gross_profit": -16018,
            "gross_margin": -17.93,
            "gross_margin_4q_avg": 22.65,
            "net_income": -56408,
            "revenue": 89324,
            "common_shares": 1093232,
            "book_valuer_per_share": 11.73,
            "book_valuer_per_share_4q_avg": 12.61,
            "equity": 1445372,
            "current_ratio": 284.57,
            "debt_ratio": 38.64,
            "inventory_turnover_ratio": 0.05,
            "account_receivable_turnover_ratio": 1.83,
            "reinvestment_rate": 61.2,
            "research_to_sale_ratio": null,
            "price_fair": 79.8,
            "eps_avg_yearly": 2.28,
            "eps_latest_yearly": 1.12,
            "eps_growth_yearly": 1123.36
        },
        "20091": {
            "year_quarter": 20091,
            "year": 2009,
            "quarter": 1,
            "eps": -0.12,
            "eps_growth_year": -500,
            "eps_4q": -0.5,
            "eps_4q_growth_year": -102.2,
            "roe": -1.02,
            "roe_4q": -5.36,
            "gross_profit": 28811,
            "gross_margin": 20.91,
            "gross_margin_4q_avg": 20.74,
            "net_income": -14718,
            "revenue": 137798,
            "common_shares": 1093232,
            "book_valuer_per_share": 11.58,
            "book_valuer_per_share_4q_avg": 12.19,
            "equity": 1441213,
            "current_ratio": 284.94,
            "debt_ratio": 38.08,
            "inventory_turnover_ratio": 0.08,
            "account_receivable_turnover_ratio": 1.65,
            "reinvestment_rate": 70.3,
            "research_to_sale_ratio": null,
            "price_fair": 79.8,
            "eps_avg_yearly": 2.28,
            "eps_latest_yearly": 1.12,
            "eps_growth_yearly": 1123.36
        },
        "20092": {
            "year_quarter": 20092,
            "year": 2009,
            "quarter": 2,
            "eps": -0.04,
            "eps_growth_year": -114.29,
            "eps_4q": -0.78,
            "eps_4q_growth_year": -154.13,
            "roe": -0.69,
            "roe_4q": -7.58,
            "gross_profit": 21853,
            "gross_margin": 11.01,
            "gross_margin_4q_avg": 10.03,
            "net_income": -9884,
            "revenue": 198443,
            "common_shares": 1093232,
            "book_valuer_per_share": 11.5,
            "book_valuer_per_share_4q_avg": 11.69,
            "equity": 1437503,
            "current_ratio": 200.71,
            "debt_ratio": 37.49,
            "inventory_turnover_ratio": 0.13,
            "account_receivable_turnover_ratio": 2.62,
            "reinvestment_rate": 82.46,
            "research_to_sale_ratio": null,
            "price_fair": 79.8,
            "eps_avg_yearly": 2.28,
            "eps_latest_yearly": 1.12,
            "eps_growth_yearly": 1123.36
        },
        "20093": {
            "year_quarter": 20093,
            "year": 2009,
            "quarter": 3,
            "eps": -0.13,
            "eps_growth_year": null,
            "eps_4q": -0.74,
            "eps_4q_growth_year": -199.19,
            "roe": -1.54,
            "roe_4q": -7.18,
            "gross_profit": 31378,
            "gross_margin": 56.24,
            "gross_margin_4q_avg": 17.56,
            "net_income": -22006,
            "revenue": 55789,
            "common_shares": 1093232,
            "book_valuer_per_share": 11.37,
            "book_valuer_per_share_4q_avg": 11.55,
            "equity": 1415497,
            "current_ratio": 179.94,
            "debt_ratio": 39.83,
            "inventory_turnover_ratio": 0.02,
            "account_receivable_turnover_ratio": 1.05,
            "reinvestment_rate": 123.03,
            "research_to_sale_ratio": null,
            "price_fair": 79.8,
            "eps_avg_yearly": 2.28,
            "eps_latest_yearly": 1.12,
            "eps_growth_yearly": 1123.36
        },
        "20094": {
            "year_quarter": 20094,
            "year": 2009,
            "quarter": 4,
            "eps": -0.46,
            "eps_growth_year": null,
            "eps_4q": -0.75,
            "eps_4q_growth_year": null,
            "roe": -4.6,
            "roe_4q": -7.85,
            "gross_profit": -4866,
            "gross_margin": -3.56,
            "gross_margin_4q_avg": 21.15,
            "net_income": -64197,
            "revenue": 136859,
            "common_shares": 1093232,
            "book_valuer_per_share": 10.86,
            "book_valuer_per_share_4q_avg": 11.33,
            "equity": 1376059,
            "current_ratio": 153.28,
            "debt_ratio": 45.97,
            "inventory_turnover_ratio": 0.1,
            "account_receivable_turnover_ratio": 3.34,
            "reinvestment_rate": 378.39,
            "research_to_sale_ratio": null,
            "price_fair": 63.35,
            "eps_avg_yearly": 1.81,
            "eps_latest_yearly": 1.12,
            "eps_growth_yearly": 1213.11
        },
        "20101": {
            "year_quarter": 20101,
            "year": 2010,
            "quarter": 1,
            "eps": -0.01,
            "eps_growth_year": null,
            "eps_4q": -0.62,
            "eps_4q_growth_year": null,
            "roe": -0.25,
            "roe_4q": -7.08,
            "gross_profit": 28297,
            "gross_margin": 17.3,
            "gross_margin_4q_avg": 20.25,
            "net_income": -3373,
            "revenue": 163539,
            "common_shares": 1093232,
            "book_valuer_per_share": 10.87,
            "book_valuer_per_share_4q_avg": 11.15,
            "equity": 1372686,
            "current_ratio": 158.07,
            "debt_ratio": 43.45,
            "inventory_turnover_ratio": 0.1,
            "account_receivable_turnover_ratio": 2.54,
            "reinvestment_rate": 374.13,
            "research_to_sale_ratio": null,
            "price_fair": 70.8,
            "eps_avg_yearly": 2.02,
            "eps_latest_yearly": 1.12,
            "eps_growth_yearly": 1440.53
        },
        "20102": {
            "year_quarter": 20102,
            "year": 2010,
            "quarter": 2,
            "eps": 0.14,
            "eps_growth_year": null,
            "eps_4q": -0.44,
            "eps_4q_growth_year": null,
            "roe": 0.93,
            "roe_4q": -5.459999999999999,
            "gross_profit": 65741,
            "gross_margin": 25.4,
            "gross_margin_4q_avg": 23.85,
            "net_income": 12879,
            "revenue": 258821,
            "common_shares": 1093232,
            "book_valuer_per_share": 10.91,
            "book_valuer_per_share_4q_avg": 11,
            "equity": 1403222,
            "current_ratio": 183.83,
            "debt_ratio": 45.77,
            "inventory_turnover_ratio": 0.14,
            "account_receivable_turnover_ratio": 7.58,
            "reinvestment_rate": 579.18,
            "research_to_sale_ratio": null,
            "price_fair": 57.63,
            "eps_avg_yearly": 1.65,
            "eps_latest_yearly": 1.12,
            "eps_growth_yearly": 855.62
        },
        "20103": {
            "year_quarter": 20103,
            "year": 2010,
            "quarter": 3,
            "eps": 0.03,
            "eps_growth_year": null,
            "eps_4q": -0.28,
            "eps_4q_growth_year": null,
            "roe": 0.08,
            "roe_4q": -3.84,
            "gross_profit": 28382,
            "gross_margin": 20.92,
            "gross_margin_4q_avg": 15.02,
            "net_income": 1126,
            "revenue": 135697,
            "common_shares": 1093232,
            "book_valuer_per_share": 10.94,
            "book_valuer_per_share_4q_avg": 10.9,
            "equity": 1404348,
            "current_ratio": 175.11,
            "debt_ratio": 46.59,
            "inventory_turnover_ratio": 0.07,
            "account_receivable_turnover_ratio": 5.2,
            "reinvestment_rate": 563.26,
            "research_to_sale_ratio": null,
            "price_fair": 50,
            "eps_avg_yearly": 1.43,
            "eps_latest_yearly": 0.12,
            "eps_growth_yearly": 688.49
        },
        "20104": {
            "year_quarter": 20104,
            "year": 2010,
            "quarter": 4,
            "eps": -0.04,
            "eps_growth_year": null,
            "eps_4q": 0.14,
            "eps_4q_growth_year": null,
            "roe": -0.41,
            "roe_4q": 0.3500000000000001,
            "gross_profit": 35665,
            "gross_margin": 18.42,
            "gross_margin_4q_avg": 20.51,
            "net_income": -5769,
            "revenue": 193653,
            "common_shares": 1093232,
            "book_valuer_per_share": 11.22,
            "book_valuer_per_share_4q_avg": 10.99,
            "equity": 1435601,
            "current_ratio": 247.42,
            "debt_ratio": 39.21,
            "inventory_turnover_ratio": 0.12,
            "account_receivable_turnover_ratio": 7.25,
            "reinvestment_rate": 2159.19,
            "research_to_sale_ratio": null,
            "price_fair": 50,
            "eps_avg_yearly": 1.43,
            "eps_latest_yearly": 0.12,
            "eps_growth_yearly": 688.49
        },
        "20111": {
            "year_quarter": 20111,
            "year": 2011,
            "quarter": 1,
            "eps": 0.17,
            "eps_growth_year": null,
            "eps_4q": 0.24,
            "eps_4q_growth_year": null,
            "roe": 1.29,
            "roe_4q": 1.8900000000000001,
            "gross_profit": 9817,
            "gross_margin": 18.44,
            "gross_margin_4q_avg": 20.8,
            "net_income": 20190,
            "revenue": 53250,
            "common_shares": 1467048,
            "book_valuer_per_share": 10.09,
            "book_valuer_per_share_4q_avg": 10.79,
            "equity": 1688428,
            "current_ratio": 264.87,
            "debt_ratio": 25.22,
            "inventory_turnover_ratio": 0.04,
            "account_receivable_turnover_ratio": 2.89,
            "reinvestment_rate": null,
            "research_to_sale_ratio": null,
            "price_fair": 35,
            "eps_avg_yearly": 1,
            "eps_latest_yearly": 0.12,
            "eps_growth_yearly": 834.81
        },
        "20112": {
            "year_quarter": 20112,
            "year": 2011,
            "quarter": 2,
            "eps": -0.1,
            "eps_growth_year": -177.36,
            "eps_4q": 0.01,
            "eps_4q_growth_year": null,
            "roe": -1.12,
            "roe_4q": -0.16000000000000003,
            "gross_profit": 1833,
            "gross_margin": 1.83,
            "gross_margin_4q_avg": 14.9,
            "net_income": -20581,
            "revenue": 99925,
            "common_shares": 1467048,
            "book_valuer_per_share": 10,
            "book_valuer_per_share_4q_avg": 10.56,
            "equity": 1972912,
            "current_ratio": 312.55,
            "debt_ratio": 20.71,
            "inventory_turnover_ratio": 0.1,
            "account_receivable_turnover_ratio": 2.65,
            "reinvestment_rate": null,
            "research_to_sale_ratio": null,
            "price_fair": 33.04,
            "eps_avg_yearly": 0.94,
            "eps_latest_yearly": 0.12,
            "eps_growth_yearly": 1056.18
        },
        "20113": {
            "year_quarter": 20113,
            "year": 2011,
            "quarter": 3,
            "eps": -0.11,
            "eps_growth_year": -449.24,
            "eps_4q": -0.11,
            "eps_4q_growth_year": null,
            "roe": -1.02,
            "roe_4q": -1.26,
            "gross_profit": -3226,
            "gross_margin": -13.07,
            "gross_margin_4q_avg": 6.41,
            "net_income": -20016,
            "revenue": 24687,
            "common_shares": 1767048,
            "book_valuer_per_share": 9.89,
            "book_valuer_per_share_4q_avg": 10.3,
            "equity": 1952897,
            "current_ratio": 364.35,
            "debt_ratio": 20.98,
            "inventory_turnover_ratio": 0.03,
            "account_receivable_turnover_ratio": 0.64,
            "reinvestment_rate": null,
            "research_to_sale_ratio": null,
            "price_fair": 38.15,
            "eps_avg_yearly": 1.09,
            "eps_latest_yearly": 0.12,
            "eps_growth_yearly": 1392.1
        },
        "20114": {
            "year_quarter": 20114,
            "year": 2011,
            "quarter": 4,
            "eps": -1.09,
            "eps_growth_year": null,
            "eps_4q": -1.18,
            "eps_4q_growth_year": -964.16,
            "roe": -13.59,
            "roe_4q": -14.440000000000001,
            "gross_profit": 7876,
            "gross_margin": 20.68,
            "gross_margin_4q_avg": 6.97,
            "net_income": -250828,
            "revenue": 38088,
            "common_shares": 1767048,
            "book_valuer_per_share": 9.01,
            "book_valuer_per_share_4q_avg": 9.75,
            "equity": 1738658,
            "current_ratio": 381.34,
            "debt_ratio": 24.44,
            "inventory_turnover_ratio": 0.02,
            "account_receivable_turnover_ratio": 2.9,
            "reinvestment_rate": null,
            "research_to_sale_ratio": null,
            "price_fair": 15.87,
            "eps_avg_yearly": 0.45,
            "eps_latest_yearly": 0.12,
            "eps_growth_yearly": 878.35
        },
        "20121": {
            "year_quarter": 20121,
            "year": 2012,
            "quarter": 1,
            "eps": -0.07,
            "eps_growth_year": -141.18,
            "eps_4q": -1.38,
            "eps_4q_growth_year": -672.93,
            "roe": -1,
            "roe_4q": -16.73,
            "gross_profit": 5296,
            "gross_margin": 18.75,
            "gross_margin_4q_avg": 7.05,
            "net_income": -17357,
            "revenue": 28246,
            "common_shares": 1767048,
            "book_valuer_per_share": 8.93,
            "book_valuer_per_share_4q_avg": 9.46,
            "equity": 1721301,
            "current_ratio": 534.48,
            "debt_ratio": 29.32,
            "inventory_turnover_ratio": 0.02,
            "account_receivable_turnover_ratio": 2.74,
            "reinvestment_rate": null,
            "research_to_sale_ratio": null,
            "price_fair": 21.7,
            "eps_avg_yearly": 0.62,
            "eps_latest_yearly": 0.12,
            "eps_growth_yearly": 1509.52
        },
        "20122": {
            "year_quarter": 20122,
            "year": 2012,
            "quarter": 2,
            "eps": -0.08,
            "eps_growth_year": null,
            "eps_4q": -1.35,
            "eps_4q_growth_year": -11833.6,
            "roe": -1.08,
            "roe_4q": -16.69,
            "gross_profit": 3620,
            "gross_margin": 29.3,
            "gross_margin_4q_avg": 13.92,
            "net_income": -18456,
            "revenue": 12354,
            "common_shares": 1767048,
            "book_valuer_per_share": 8.85,
            "book_valuer_per_share_4q_avg": 9.17,
            "equity": 1703471,
            "current_ratio": 511.42,
            "debt_ratio": 30.05,
            "inventory_turnover_ratio": 0.01,
            "account_receivable_turnover_ratio": 1.74,
            "reinvestment_rate": null,
            "research_to_sale_ratio": null,
            "price_fair": 0.36,
            "eps_avg_yearly": 0.12,
            "eps_latest_yearly": 0.12,
            "eps_growth_yearly": -314.29
        },
        "20123": {
            "year_quarter": 20123,
            "year": 2012,
            "quarter": 3,
            "eps": -0.05,
            "eps_growth_year": null,
            "eps_4q": -1.3,
            "eps_4q_growth_year": null,
            "roe": -0.79,
            "roe_4q": -16.46,
            "gross_profit": 8365,
            "gross_margin": 26.79,
            "gross_margin_4q_avg": 23.88,
            "net_income": -13409,
            "revenue": 31228,
            "common_shares": 1767048,
            "book_valuer_per_share": 8.8,
            "book_valuer_per_share_4q_avg": 8.9,
            "equity": 1690063,
            "current_ratio": 588.16,
            "debt_ratio": 32.49,
            "inventory_turnover_ratio": 0.02,
            "account_receivable_turnover_ratio": 3.01,
            "reinvestment_rate": null,
            "research_to_sale_ratio": null,
            "price_fair": 0.36,
            "eps_avg_yearly": 0.12,
            "eps_latest_yearly": 0.12,
            "eps_growth_yearly": -314.29
        },
        "20124": {
            "year_quarter": 20124,
            "year": 2012,
            "quarter": 4,
            "eps": -1.84,
            "eps_growth_year": null,
            "eps_4q": -2.04,
            "eps_4q_growth_year": null,
            "roe": -28.69,
            "roe_4q": -31.560000000000002,
            "gross_profit": -72162,
            "gross_margin": -175.28,
            "gross_margin_4q_avg": -25.11,
            "net_income": -423986,
            "revenue": 41169,
            "common_shares": 1767048,
            "book_valuer_per_share": 6.96,
            "book_valuer_per_share_4q_avg": 8.39,
            "equity": 1265450,
            "current_ratio": 461.73,
            "debt_ratio": 40.18,
            "inventory_turnover_ratio": 0.08,
            "account_receivable_turnover_ratio": 2.99,
            "reinvestment_rate": null,
            "research_to_sale_ratio": null,
            "price_fair": 0.36,
            "eps_avg_yearly": 0.12,
            "eps_latest_yearly": 0.12,
            "eps_growth_yearly": -314.29
        },
        "20131": {
            "year_quarter": 20131,
            "year": 2013,
            "quarter": 1,
            "eps": -0.29,
            "eps_growth_year": null,
            "eps_4q": -2.26,
            "eps_4q_growth_year": null,
            "roe": -4.32,
            "roe_4q": -34.88,
            "gross_profit": -3161,
            "gross_margin": -24.35,
            "gross_margin_4q_avg": -35.89,
            "net_income": -53299,
            "revenue": 12982,
            "common_shares": 1767048,
            "book_valuer_per_share": 6.63,
            "book_valuer_per_share_4q_avg": 7.81,
            "equity": 1204571,
            "current_ratio": 383.81,
            "debt_ratio": 44.49,
            "inventory_turnover_ratio": 0.01,
            "account_receivable_turnover_ratio": 1.53,
            "reinvestment_rate": null,
            "research_to_sale_ratio": null,
            "price_fair": 0.36,
            "eps_avg_yearly": 0.12,
            "eps_latest_yearly": 0.12,
            "eps_growth_yearly": -314.29
        },
        "20132": {
            "year_quarter": 20132,
            "year": 2013,
            "quarter": 2,
            "eps": -1.48,
            "eps_growth_year": null,
            "eps_4q": -3.65,
            "eps_4q_growth_year": null,
            "roe": -33.58,
            "roe_4q": -67.38000000000001,
            "gross_profit": 2888,
            "gross_margin": 9.38,
            "gross_margin_4q_avg": -40.87,
            "net_income": -346357,
            "revenue": 30800,
            "common_shares": 1767048,
            "book_valuer_per_share": 5.15,
            "book_valuer_per_share_4q_avg": 6.89,
            "equity": 858214,
            "current_ratio": 365.66,
            "debt_ratio": 55.96,
            "inventory_turnover_ratio": 0.02,
            "account_receivable_turnover_ratio": 4.55,
            "reinvestment_rate": null,
            "research_to_sale_ratio": null,
            "price_fair": 0.36,
            "eps_avg_yearly": 0.12,
            "eps_latest_yearly": 0.12,
            "eps_growth_yearly": -314.29
        },
        "20133": {
            "year_quarter": 20133,
            "year": 2013,
            "quarter": 3,
            "eps": -0.19,
            "eps_growth_year": null,
            "eps_4q": -5.83,
            "eps_4q_growth_year": null,
            "roe": -2.81,
            "roe_4q": -69.4,
            "gross_profit": 5070,
            "gross_margin": 21.04,
            "gross_margin_4q_avg": -42.3,
            "net_income": -23807,
            "revenue": 24097,
            "common_shares": 1128518,
            "book_valuer_per_share": 7.91,
            "book_valuer_per_share_4q_avg": 6.66,
            "equity": 837527,
            "current_ratio": 409.79,
            "debt_ratio": 65.76,
            "inventory_turnover_ratio": 0.01,
            "account_receivable_turnover_ratio": 3.92,
            "reinvestment_rate": null,
            "research_to_sale_ratio": null,
            "price_fair": 0.36,
            "eps_avg_yearly": 0.12,
            "eps_latest_yearly": 0.12,
            "eps_growth_yearly": -314.29
        },
        "20134": {
            "year_quarter": 20134,
            "year": 2013,
            "quarter": 4,
            "eps": -0.03,
            "eps_growth_year": null,
            "eps_4q": -2.99,
            "eps_4q_growth_year": null,
            "roe": -0.63,
            "roe_4q": -41.339999999999996,
            "gross_profit": 14692,
            "gross_margin": 22.59,
            "gross_margin_4q_avg": 7.17,
            "net_income": -5238,
            "revenue": 65029,
            "common_shares": 1128518,
            "book_valuer_per_share": 7.88,
            "book_valuer_per_share_4q_avg": 6.89,
            "equity": 832915,
            "current_ratio": 283.71,
            "debt_ratio": 71.38,
            "inventory_turnover_ratio": 0.02,
            "account_receivable_turnover_ratio": 8.63,
            "reinvestment_rate": null,
            "research_to_sale_ratio": null,
            "price_fair": 0.36,
            "eps_avg_yearly": 0.12,
            "eps_latest_yearly": 0.12,
            "eps_growth_yearly": -314.29
        },
        "20141": {
            "year_quarter": 20141,
            "year": 2014,
            "quarter": 1,
            "eps": -0.26,
            "eps_growth_year": null,
            "eps_4q": -2.8,
            "eps_4q_growth_year": null,
            "roe": -3.88,
            "roe_4q": -40.9,
            "gross_profit": 9663,
            "gross_margin": 18.61,
            "gross_margin_4q_avg": 17.91,
            "net_income": -31671,
            "revenue": 51934,
            "common_shares": 1128518,
            "book_valuer_per_share": 7.62,
            "book_valuer_per_share_4q_avg": 7.14,
            "equity": 801244,
            "current_ratio": 280.06,
            "debt_ratio": 72.36,
            "inventory_turnover_ratio": 0.02,
            "account_receivable_turnover_ratio": 8.22,
            "reinvestment_rate": null,
            "research_to_sale_ratio": null,
            "price_fair": 0.36,
            "eps_avg_yearly": 0.12,
            "eps_latest_yearly": 0.12,
            "eps_growth_yearly": -314.29
        },
        "20142": {
            "year_quarter": 20142,
            "year": 2014,
            "quarter": 2,
            "eps": -0.18,
            "eps_growth_year": null,
            "eps_4q": -0.67,
            "eps_4q_growth_year": null,
            "roe": -2.83,
            "roe_4q": -10.15,
            "gross_profit": 479,
            "gross_margin": 27.32,
            "gross_margin_4q_avg": 22.39,
            "net_income": -22383,
            "revenue": 1753,
            "common_shares": 1128518,
            "book_valuer_per_share": 7.44,
            "book_valuer_per_share_4q_avg": 7.71,
            "equity": 778861,
            "current_ratio": 216.48,
            "debt_ratio": 76.18,
            "inventory_turnover_ratio": 0,
            "account_receivable_turnover_ratio": 0.52,
            "reinvestment_rate": null,
            "research_to_sale_ratio": null,
            "price_fair": 0.36,
            "eps_avg_yearly": 0.12,
            "eps_latest_yearly": 0.12,
            "eps_growth_yearly": -314.29
        },
        "20143": {
            "year_quarter": 20143,
            "year": 2014,
            "quarter": 3,
            "eps": -0.18,
            "eps_growth_year": null,
            "eps_4q": -0.66,
            "eps_4q_growth_year": null,
            "roe": -2.96,
            "roe_4q": -10.3,
            "gross_profit": -2705,
            "gross_margin": -49.56,
            "gross_margin_4q_avg": 4.74,
            "net_income": -22752,
            "revenue": 5458,
            "common_shares": 1128518,
            "book_valuer_per_share": 7.25,
            "book_valuer_per_share_4q_avg": 7.55,
            "equity": 756109,
            "current_ratio": 182.37,
            "debt_ratio": 78.41,
            "inventory_turnover_ratio": 0,
            "account_receivable_turnover_ratio": 1.52,
            "reinvestment_rate": null,
            "research_to_sale_ratio": null,
            "price_fair": 0,
            "eps_avg_yearly": 0,
            "eps_latest_yearly": 0,
            "eps_growth_yearly": 0
        },
        "20144": {
            "year_quarter": 20144,
            "year": 2014,
            "quarter": 4,
            "eps": 3.8,
            "eps_growth_year": null,
            "eps_4q": 3.17,
            "eps_4q_growth_year": null,
            "roe": 43.94,
            "roe_4q": 34.269999999999996,
            "gross_profit": 495193,
            "gross_margin": 30.44,
            "gross_margin_4q_avg": 6.7,
            "net_income": 425804,
            "revenue": 1626847,
            "common_shares": 1128518,
            "book_valuer_per_share": 11.05,
            "book_valuer_per_share_4q_avg": 8.34,
            "equity": 1181935,
            "current_ratio": 344.6,
            "debt_ratio": 61.31,
            "inventory_turnover_ratio": 0.4,
            "account_receivable_turnover_ratio": 274.67,
            "reinvestment_rate": null,
            "research_to_sale_ratio": null,
            "price_fair": 0,
            "eps_avg_yearly": 0,
            "eps_latest_yearly": 0,
            "eps_growth_yearly": 0
        },
        "20151": {
            "year_quarter": 20151,
            "year": 2015,
            "quarter": 1,
            "eps": -0.03,
            "eps_growth_year": null,
            "eps_4q": 3.4,
            "eps_4q_growth_year": null,
            "roe": -0.39,
            "roe_4q": 37.76,
            "gross_profit": 159,
            "gross_margin": 3.23,
            "gross_margin_4q_avg": 2.86,
            "net_income": -4544,
            "revenue": 4926,
            "common_shares": 1128518,
            "book_valuer_per_share": 11.02,
            "book_valuer_per_share_4q_avg": 9.19,
            "equity": 1177391,
            "current_ratio": 312.97,
            "debt_ratio": 60.56,
            "inventory_turnover_ratio": 0,
            "account_receivable_turnover_ratio": 0.45,
            "reinvestment_rate": null,
            "research_to_sale_ratio": null,
            "price_fair": 0,
            "eps_avg_yearly": 0,
            "eps_latest_yearly": 0,
            "eps_growth_yearly": 0
        },
        "20152": {
            "year_quarter": 20152,
            "year": 2015,
            "quarter": 2,
            "eps": -0.21,
            "eps_growth_year": null,
            "eps_4q": 3.37,
            "eps_4q_growth_year": null,
            "roe": -2.24,
            "roe_4q": 38.349999999999994,
            "gross_profit": 806,
            "gross_margin": 85.74,
            "gross_margin_4q_avg": 17.46,
            "net_income": -26126,
            "revenue": 940,
            "common_shares": 1128518,
            "book_valuer_per_share": 10.81,
            "book_valuer_per_share_4q_avg": 10.03,
            "equity": 1151450,
            "current_ratio": 302.74,
            "debt_ratio": 61.45,
            "inventory_turnover_ratio": 0,
            "account_receivable_turnover_ratio": 0.11,
            "reinvestment_rate": null,
            "research_to_sale_ratio": null,
            "price_fair": 0,
            "eps_avg_yearly": 0,
            "eps_latest_yearly": 0,
            "eps_growth_yearly": 0
        },
        "20153": {
            "year_quarter": 20153,
            "year": 2015,
            "quarter": 3,
            "eps": -0.2,
            "eps_growth_year": null,
            "eps_4q": 3.35,
            "eps_4q_growth_year": null,
            "roe": -2.13,
            "roe_4q": 39.18,
            "gross_profit": 769,
            "gross_margin": 85.26,
            "gross_margin_4q_avg": 51.17,
            "net_income": -24235,
            "revenue": 902,
            "common_shares": 1128518,
            "book_valuer_per_share": 10.6,
            "book_valuer_per_share_4q_avg": 10.87,
            "equity": 1127215,
            "current_ratio": 289.64,
            "debt_ratio": 63.18,
            "inventory_turnover_ratio": 0,
            "account_receivable_turnover_ratio": 0.22,
            "reinvestment_rate": null,
            "research_to_sale_ratio": null,
            "price_fair": 0,
            "eps_avg_yearly": 0,
            "eps_latest_yearly": 0,
            "eps_growth_yearly": 0
        },
        "20154": {
            "year_quarter": 20154,
            "year": 2015,
            "quarter": 4,
            "eps": -0.23,
            "eps_growth_year": -106.03,
            "eps_4q": -0.68,
            "eps_4q_growth_year": -121.33,
            "roe": -2.43,
            "roe_4q": -7.19,
            "gross_profit": 762,
            "gross_margin": 85.14,
            "gross_margin_4q_avg": 64.84,
            "net_income": -27082,
            "revenue": 895,
            "common_shares": 1128518,
            "book_valuer_per_share": 10.36,
            "book_valuer_per_share_4q_avg": 10.7,
            "equity": 1098925,
            "current_ratio": 227.98,
            "debt_ratio": 66.42,
            "inventory_turnover_ratio": 0,
            "account_receivable_turnover_ratio": 0.25,
            "reinvestment_rate": null,
            "research_to_sale_ratio": null,
            "price_fair": 0,
            "eps_avg_yearly": 0,
            "eps_latest_yearly": 0,
            "eps_growth_yearly": 0
        },
        "20161": {
            "year_quarter": 20161,
            "year": 2016,
            "quarter": 1,
            "eps": -0.14,
            "eps_growth_year": null,
            "eps_4q": -0.79,
            "eps_4q_growth_year": -123.1,
            "roe": -1.7,
            "roe_4q": -8.5,
            "gross_profit": 753,
            "gross_margin": 84.99,
            "gross_margin_4q_avg": 85.28,
            "net_income": -18500,
            "revenue": 886,
            "common_shares": 1128518,
            "book_valuer_per_share": 10.22,
            "book_valuer_per_share_4q_avg": 10.5,
            "equity": 1080425,
            "current_ratio": 216.01,
            "debt_ratio": 67.08,
            "inventory_turnover_ratio": 0,
            "account_receivable_turnover_ratio": 0.35,
            "reinvestment_rate": null,
            "research_to_sale_ratio": null,
            "price_fair": 0,
            "eps_avg_yearly": 0,
            "eps_latest_yearly": 0,
            "eps_growth_yearly": 0
        },
        "20162": {
            "year_quarter": 20162,
            "year": 2016,
            "quarter": 2,
            "eps": -0.27,
            "eps_growth_year": null,
            "eps_4q": -0.85,
            "eps_4q_growth_year": -125.19,
            "roe": -3.14,
            "roe_4q": -9.399999999999999,
            "gross_profit": 753,
            "gross_margin": 84.99,
            "gross_margin_4q_avg": 85.1,
            "net_income": -33442,
            "revenue": 886,
            "common_shares": 1128518,
            "book_valuer_per_share": 9.95,
            "book_valuer_per_share_4q_avg": 10.28,
            "equity": 1046983,
            "current_ratio": 197.12,
            "debt_ratio": 69.83,
            "inventory_turnover_ratio": 0,
            "account_receivable_turnover_ratio": 0.35,
            "reinvestment_rate": null,
            "research_to_sale_ratio": null,
            "price_fair": 0,
            "eps_avg_yearly": 0,
            "eps_latest_yearly": 0,
            "eps_growth_yearly": 0
        },
        "20163": {
            "year_quarter": 20163,
            "year": 2016,
            "quarter": 3,
            "eps": 0.06,
            "eps_growth_year": null,
            "eps_4q": -0.59,
            "eps_4q_growth_year": -117.64,
            "roe": 0.61,
            "roe_4q": -6.66,
            "gross_profit": 28482,
            "gross_margin": 22.69,
            "gross_margin_4q_avg": 69.45,
            "net_income": 6456,
            "revenue": 125510,
            "common_shares": 1128518,
            "book_valuer_per_share": 10,
            "book_valuer_per_share_4q_avg": 10.13,
            "equity": 1053439,
            "current_ratio": 158.26,
            "debt_ratio": 70.84,
            "inventory_turnover_ratio": 0.03,
            "account_receivable_turnover_ratio": 49.9,
            "reinvestment_rate": null,
            "research_to_sale_ratio": null,
            "price_fair": 0,
            "eps_avg_yearly": 0,
            "eps_latest_yearly": 0,
            "eps_growth_yearly": 0
        },
        "20164": {
            "year_quarter": 20164,
            "year": 2016,
            "quarter": 4,
            "eps": 0.14,
            "eps_growth_year": null,
            "eps_4q": -0.22,
            "eps_4q_growth_year": null,
            "roe": 1.24,
            "roe_4q": -2.99,
            "gross_profit": 47080,
            "gross_margin": 30.16,
            "gross_margin_4q_avg": 55.71,
            "net_income": 13137,
            "revenue": 156087,
            "common_shares": 1128518,
            "book_valuer_per_share": 10.15,
            "book_valuer_per_share_4q_avg": 10.08,
            "equity": 1067372,
            "current_ratio": 164.6,
            "debt_ratio": 73.45,
            "inventory_turnover_ratio": 0.03,
            "account_receivable_turnover_ratio": 2.72,
            "reinvestment_rate": null,
            "research_to_sale_ratio": null,
            "price_fair": 19.6,
            "eps_avg_yearly": 0.56,
            "eps_latest_yearly": 0.56,
            "eps_growth_yearly": 533.33
        },
        "20171": {
            "year_quarter": 20171,
            "year": 2017,
            "quarter": 1,
            "eps": 0.1,
            "eps_growth_year": null,
            "eps_4q": 0.02,
            "eps_4q_growth_year": null,
            "roe": 0.75,
            "roe_4q": -0.54,
            "gross_profit": 41706,
            "gross_margin": 16.22,
            "gross_margin_4q_avg": 38.52,
            "net_income": 8076,
            "revenue": 257055,
            "common_shares": 1128518,
            "book_valuer_per_share": 10.25,
            "book_valuer_per_share_4q_avg": 10.09,
            "equity": 1075448,
            "current_ratio": 170.43,
            "debt_ratio": 71.79,
            "inventory_turnover_ratio": 0.06,
            "account_receivable_turnover_ratio": 4.19,
            "reinvestment_rate": null,
            "research_to_sale_ratio": null,
            "price_fair": 16.8,
            "eps_avg_yearly": 0.48,
            "eps_latest_yearly": 0.4,
            "eps_growth_yearly": 209.52
        },
        "20172": {
            "year_quarter": 20172,
            "year": 2017,
            "quarter": 2,
            "eps": 0.54,
            "eps_growth_year": null,
            "eps_4q": 0.84,
            "eps_4q_growth_year": null,
            "roe": 5.36,
            "roe_4q": 7.960000000000001,
            "gross_profit": 98411,
            "gross_margin": 23.52,
            "gross_margin_4q_avg": 23.15,
            "net_income": 59204,
            "revenue": 418489,
            "common_shares": 1128518,
            "book_valuer_per_share": 10.8,
            "book_valuer_per_share_4q_avg": 10.3,
            "equity": 1134652,
            "current_ratio": 213.97,
            "debt_ratio": 69.26,
            "inventory_turnover_ratio": 0.09,
            "account_receivable_turnover_ratio": 18.75,
            "reinvestment_rate": -11.91,
            "research_to_sale_ratio": null,
            "price_fair": 36.4,
            "eps_avg_yearly": 1.04,
            "eps_latest_yearly": 2.16,
            "eps_growth_yearly": 726.35
        },
        "20173": {
            "year_quarter": 20173,
            "year": 2017,
            "quarter": 3,
            "eps": 0.19,
            "eps_growth_year": 216.67,
            "eps_4q": 0.74,
            "eps_4q_growth_year": null,
            "roe": 1.96,
            "roe_4q": 9.31,
            "gross_profit": 60240,
            "gross_margin": 21.48,
            "gross_margin_4q_avg": 22.85,
            "net_income": 26431,
            "revenue": 280435,
            "common_shares": 1550015,
            "book_valuer_per_share": 10.6,
            "book_valuer_per_share_4q_avg": 10.45,
            "equity": 1561077,
            "current_ratio": 225.16,
            "debt_ratio": 56.88,
            "inventory_turnover_ratio": 0.07,
            "account_receivable_turnover_ratio": 10.72,
            "reinvestment_rate": -10.33,
            "research_to_sale_ratio": null,
            "price_fair": 33.95,
            "eps_avg_yearly": 0.97,
            "eps_latest_yearly": 0.76,
            "eps_growth_yearly": 479.95
        },
        "20174": {
            "year_quarter": 20174,
            "year": 2017,
            "quarter": 4,
            "eps": 0.48,
            "eps_growth_year": 238.4,
            "eps_4q": 1.11,
            "eps_4q_growth_year": null,
            "roe": 4.53,
            "roe_4q": 12.600000000000001,
            "gross_profit": 112882,
            "gross_margin": 20.04,
            "gross_margin_4q_avg": 20.32,
            "net_income": 72398,
            "revenue": 563165,
            "common_shares": 1550015,
            "book_valuer_per_share": 11.08,
            "book_valuer_per_share_4q_avg": 10.68,
            "equity": 1633484,
            "current_ratio": 295.96,
            "debt_ratio": 48.42,
            "inventory_turnover_ratio": 0.15,
            "account_receivable_turnover_ratio": 42.58,
            "reinvestment_rate": -8.54,
            "research_to_sale_ratio": null,
            "price_fair": 40.6,
            "eps_avg_yearly": 1.16,
            "eps_latest_yearly": 1.92,
            "eps_growth_yearly": 506.06
        },
        "20181": {
            "year_quarter": 20181,
            "year": 2018,
            "quarter": 1,
            "eps": 0.2,
            "eps_growth_year": 100,
            "eps_4q": 1.24,
            "eps_4q_growth_year": 4893.12,
            "roe": 1.83,
            "roe_4q": 13.68,
            "gross_profit": 62933,
            "gross_margin": 22.24,
            "gross_margin_4q_avg": 21.82,
            "net_income": 30124,
            "revenue": 282982,
            "common_shares": 1550015,
            "book_valuer_per_share": 11.28,
            "book_valuer_per_share_4q_avg": 10.94,
            "equity": 1663622,
            "current_ratio": 369.59,
            "debt_ratio": 52.64,
            "inventory_turnover_ratio": 0.07,
            "account_receivable_turnover_ratio": 26.99,
            "reinvestment_rate": -0.86,
            "research_to_sale_ratio": null,
            "price_fair": 38.5,
            "eps_avg_yearly": 1.1,
            "eps_latest_yearly": 0.8,
            "eps_growth_yearly": 382.83
        },
        "20182": {
            "year_quarter": 20182,
            "year": 2018,
            "quarter": 2,
            "eps": 0.35,
            "eps_growth_year": -35.19,
            "eps_4q": 1.19,
            "eps_4q_growth_year": 41.78,
            "roe": 3.14,
            "roe_4q": 11.46,
            "gross_profit": 92147,
            "gross_margin": 23.37,
            "gross_margin_4q_avg": 21.78,
            "net_income": 52636,
            "revenue": 394274,
            "common_shares": 1550015,
            "book_valuer_per_share": 11.44,
            "book_valuer_per_share_4q_avg": 11.1,
            "equity": 1685258,
            "current_ratio": 496.49,
            "debt_ratio": 48.51,
            "inventory_turnover_ratio": 0.1,
            "account_receivable_turnover_ratio": 48.21,
            "reinvestment_rate": -0.51,
            "research_to_sale_ratio": null,
            "price_fair": 40,
            "eps_avg_yearly": 1.14,
            "eps_latest_yearly": 1.4,
            "eps_growth_yearly": 371
        },
        "20183": {
            "year_quarter": 20183,
            "year": 2018,
            "quarter": 3,
            "eps": 0.09,
            "eps_growth_year": -52.63,
            "eps_4q": 1.12,
            "eps_4q_growth_year": 52.59,
            "roe": 0.77,
            "roe_4q": 10.27,
            "gross_profit": 37447,
            "gross_margin": 21.74,
            "gross_margin_4q_avg": 21.85,
            "net_income": 12944,
            "revenue": 172282,
            "common_shares": 1550015,
            "book_valuer_per_share": 11.53,
            "book_valuer_per_share_4q_avg": 11.33,
            "equity": 1698202,
            "current_ratio": 935.99,
            "debt_ratio": 45.72,
            "inventory_turnover_ratio": 0.05,
            "account_receivable_turnover_ratio": 41.69,
            "reinvestment_rate": -0.44,
            "research_to_sale_ratio": null,
            "price_fair": 36.58,
            "eps_avg_yearly": 1.05,
            "eps_latest_yearly": 0.36,
            "eps_growth_yearly": 287.48
        },
        "20184": {
            "year_quarter": 20184,
            "year": 2018,
            "quarter": 4,
            "eps": 0.12,
            "eps_growth_year": -75.36,
            "eps_4q": 0.76,
            "eps_4q_growth_year": -31.2,
            "roe": 1.05,
            "roe_4q": 6.79,
            "gross_profit": 37142,
            "gross_margin": 30.75,
            "gross_margin_4q_avg": 24.53,
            "net_income": 18009,
            "revenue": 120776,
            "common_shares": 1550015,
            "book_valuer_per_share": 11.65,
            "book_valuer_per_share_4q_avg": 11.48,
            "equity": 1716361,
            "current_ratio": 417.26,
            "debt_ratio": 44.81,
            "inventory_turnover_ratio": 0.03,
            "account_receivable_turnover_ratio": 24.5,
            "reinvestment_rate": -1.29,
            "research_to_sale_ratio": null,
            "price_fair": 34.38,
            "eps_avg_yearly": 0.98,
            "eps_latest_yearly": 0.48,
            "eps_growth_yearly": 270.35
        },
        "20191": {
            "year_quarter": 20191,
            "year": 2019,
            "quarter": 1,
            "eps": 0.05,
            "eps_growth_year": -75,
            "eps_4q": 0.61,
            "eps_4q_growth_year": -50.73,
            "roe": 0.35,
            "roe_4q": 5.3100000000000005,
            "gross_profit": 12690,
            "gross_margin": 29.8,
            "gross_margin_4q_avg": 26.42,
            "net_income": 5961,
            "revenue": 42580,
            "common_shares": 1550015,
            "book_valuer_per_share": 11.7,
            "book_valuer_per_share_4q_avg": 11.58,
            "equity": 1722322,
            "current_ratio": 453.07,
            "debt_ratio": 47.95,
            "inventory_turnover_ratio": 0.01,
            "account_receivable_turnover_ratio": 7.52,
            "reinvestment_rate": -0.38,
            "research_to_sale_ratio": null,
            "price_fair": 31.64,
            "eps_avg_yearly": 0.9,
            "eps_latest_yearly": 0.2,
            "eps_growth_yearly": 219.98
        },
        "20192": {
            "year_quarter": 20192,
            "year": 2019,
            "quarter": 2,
            "eps": 0.12,
            "eps_growth_year": -65.71,
            "eps_4q": 0.38,
            "eps_4q_growth_year": -68.16,
            "roe": 0.97,
            "roe_4q": 3.14,
            "gross_profit": 38085,
            "gross_margin": 43.88,
            "gross_margin_4q_avg": 31.54,
            "net_income": 16591,
            "revenue": 86787,
            "common_shares": 1550015,
            "book_valuer_per_share": 11.62,
            "book_valuer_per_share_4q_avg": 11.63,
            "equity": 1707913,
            "current_ratio": 402.12,
            "debt_ratio": 61.06,
            "inventory_turnover_ratio": 0.01,
            "account_receivable_turnover_ratio": 14.64,
            "reinvestment_rate": -0.2,
            "research_to_sale_ratio": null,
            "price_fair": 30.29,
            "eps_avg_yearly": 0.87,
            "eps_latest_yearly": 0.48,
            "eps_growth_yearly": 250.89
        },
        "20193": {
            "year_quarter": 20193,
            "year": 2019,
            "quarter": 3,
            "eps": 0.04,
            "eps_growth_year": -55.56,
            "eps_4q": 0.33,
            "eps_4q_growth_year": -70.61,
            "roe": 0.3,
            "roe_4q": 2.67,
            "gross_profit": 24531,
            "gross_margin": 28.99,
            "gross_margin_4q_avg": 33.36,
            "net_income": 5216,
            "revenue": 84605,
            "common_shares": 1550015,
            "book_valuer_per_share": 11.66,
            "book_valuer_per_share_4q_avg": 11.66,
            "equity": 1713129,
            "current_ratio": 427.01,
            "debt_ratio": 60.44,
            "inventory_turnover_ratio": 0.01,
            "account_receivable_turnover_ratio": 14.23,
            "reinvestment_rate": -0.12,
            "research_to_sale_ratio": null,
            "price_fair": 28.23,
            "eps_avg_yearly": 0.81,
            "eps_latest_yearly": 0.16,
            "eps_growth_yearly": 207.76
        },
        "20194": {
            "year_quarter": 20194,
            "year": 2019,
            "quarter": 4,
            "eps": -0.03,
            "eps_growth_year": -127.59,
            "eps_4q": 0.18,
            "eps_4q_growth_year": -76.4,
            "roe": -0.29,
            "roe_4q": 1.33,
            "gross_profit": 10706,
            "gross_margin": 60.65,
            "gross_margin_4q_avg": 40.83,
            "net_income": -4936,
            "revenue": 17652,
            "common_shares": 1550015,
            "book_valuer_per_share": 11.63,
            "book_valuer_per_share_4q_avg": 11.65,
            "equity": 1708193,
            "current_ratio": 491.64,
            "debt_ratio": 61.46,
            "inventory_turnover_ratio": 0,
            "account_receivable_turnover_ratio": 3.58,
            "reinvestment_rate": -0.07,
            "research_to_sale_ratio": null,
            "price_fair": 28.23,
            "eps_avg_yearly": 0.81,
            "eps_latest_yearly": 0.16,
            "eps_growth_yearly": 207.76
        },
        "20201": {
            "year_quarter": 20201,
            "year": 2020,
            "quarter": 1,
            "eps": -0.09,
            "eps_growth_year": -280,
            "eps_4q": 0.04,
            "eps_4q_growth_year": -92.91,
            "roe": -0.9,
            "roe_4q": 0.08000000000000007,
            "gross_profit": 3271,
            "gross_margin": 21.58,
            "gross_margin_4q_avg": 38.78,
            "net_income": -15230,
            "revenue": 15156,
            "common_shares": 1550015,
            "book_valuer_per_share": 11.54,
            "book_valuer_per_share_4q_avg": 11.61,
            "equity": 1692963,
            "current_ratio": 436.93,
            "debt_ratio": 62.7,
            "inventory_turnover_ratio": 0,
            "account_receivable_turnover_ratio": 3.21,
            "reinvestment_rate": -0.06,
            "research_to_sale_ratio": null,
            "price_fair": 28.23,
            "eps_avg_yearly": 0.81,
            "eps_latest_yearly": 0.16,
            "eps_growth_yearly": 207.76
        },
        "20202": {
            "year_quarter": 20202,
            "year": 2020,
            "quarter": 2,
            "eps": -0.1,
            "eps_growth_year": -183.33,
            "eps_4q": -0.17,
            "eps_4q_growth_year": -145.43,
            "roe": -1.02,
            "roe_4q": -1.91,
            "gross_profit": 4900,
            "gross_margin": 20.52,
            "gross_margin_4q_avg": 32.94,
            "net_income": -16887,
            "revenue": 23883,
            "common_shares": 1550015,
            "book_valuer_per_share": 11.14,
            "book_valuer_per_share_4q_avg": 11.49,
            "equity": 1629576,
            "current_ratio": 250.75,
            "debt_ratio": 65.3,
            "inventory_turnover_ratio": 0,
            "account_receivable_turnover_ratio": 2.89,
            "reinvestment_rate": -0.02,
            "research_to_sale_ratio": null,
            "price_fair": 28.23,
            "eps_avg_yearly": 0.81,
            "eps_latest_yearly": 0.16,
            "eps_growth_yearly": 207.76
        },
        "20203": {
            "year_quarter": 20203,
            "year": 2020,
            "quarter": 3,
            "eps": 0.25,
            "eps_growth_year": 525,
            "eps_4q": 0.04,
            "eps_4q_growth_year": -89.29,
            "roe": 2.28,
            "roe_4q": 0.06999999999999978,
            "gross_profit": 48632,
            "gross_margin": 30.33,
            "gross_margin_4q_avg": 33.27,
            "net_income": 37512,
            "revenue": 160330,
            "common_shares": 1550015,
            "book_valuer_per_share": 11.4,
            "book_valuer_per_share_4q_avg": 11.43,
            "equity": 1667088,
            "current_ratio": 226.5,
            "debt_ratio": 66.07,
            "inventory_turnover_ratio": 0.03,
            "account_receivable_turnover_ratio": 12.96,
            "reinvestment_rate": 0.01,
            "research_to_sale_ratio": null,
            "price_fair": 28.23,
            "eps_avg_yearly": 0.81,
            "eps_latest_yearly": 0.16,
            "eps_growth_yearly": 207.76
        },
        "20204": {
            "year_quarter": 20204,
            "year": 2020,
            "quarter": 4,
            "eps": 0.26,
            "eps_growth_year": null,
            "eps_4q": 0.33,
            "eps_4q_growth_year": 80.86,
            "roe": 2.4,
            "roe_4q": 2.76,
            "gross_profit": 57457,
            "gross_margin": 12.46,
            "gross_margin_4q_avg": 21.22,
            "net_income": 40460,
            "revenue": 461002,
            "common_shares": 1550015,
            "book_valuer_per_share": 11.65,
            "book_valuer_per_share_4q_avg": 11.43,
            "equity": 1707548,
            "current_ratio": 205.55,
            "debt_ratio": 67.79,
            "inventory_turnover_ratio": 0.09,
            "account_receivable_turnover_ratio": 42.92,
            "reinvestment_rate": -0.05,
            "research_to_sale_ratio": null,
            "price_fair": 29.63,
            "eps_avg_yearly": 0.85,
            "eps_latest_yearly": 1.04,
            "eps_growth_yearly": 164.65
        },
        "20211": {
            "year_quarter": 20211,
            "year": 2021,
            "quarter": 1,
            "eps": 0.35,
            "eps_growth_year": null,
            "eps_4q": 0.77,
            "eps_4q_growth_year": 1672.7,
            "roe": 3.06,
            "roe_4q": 6.720000000000001,
            "gross_profit": 102292,
            "gross_margin": 19.83,
            "gross_margin_4q_avg": 20.79,
            "net_income": 53111,
            "revenue": 515768,
            "common_shares": 1550015,
            "book_valuer_per_share": 12.01,
            "book_valuer_per_share_4q_avg": 11.55,
            "equity": 1760659,
            "current_ratio": 161.14,
            "debt_ratio": 66.75,
            "inventory_turnover_ratio": 0.09,
            "account_receivable_turnover_ratio": 36.29,
            "reinvestment_rate": -0.03,
            "research_to_sale_ratio": null,
            "price_fair": 32.55,
            "eps_avg_yearly": 0.93,
            "eps_latest_yearly": 1.4,
            "eps_growth_yearly": 185.72
        },
        "20212": {
            "year_quarter": 20212,
            "year": 2021,
            "quarter": 2,
            "eps": 1.66,
            "eps_growth_year": null,
            "eps_4q": 2.52,
            "eps_4q_growth_year": null,
            "roe": 13.77,
            "roe_4q": 21.509999999999998,
            "gross_profit": 367464,
            "gross_margin": 23.39,
            "gross_margin_4q_avg": 21.5,
            "net_income": 254651,
            "revenue": 1570703,
            "common_shares": 1550015,
            "book_valuer_per_share": 13.16,
            "book_valuer_per_share_4q_avg": 12.06,
            "equity": 1937809,
            "current_ratio": 219.16,
            "debt_ratio": 52.15,
            "inventory_turnover_ratio": 0.3,
            "account_receivable_turnover_ratio": 70.86,
            "reinvestment_rate": -0.05,
            "research_to_sale_ratio": null,
            "price_fair": 45.62,
            "eps_avg_yearly": 1.3,
            "eps_latest_yearly": 6.64,
            "eps_growth_yearly": 163.81
        },
        "20213": {
            "year_quarter": 20213,
            "year": 2021,
            "quarter": 3,
            "eps": 3.79,
            "eps_growth_year": 1416,
            "eps_4q": 6.05,
            "eps_4q_growth_year": 17022.51,
            "roe": 29.78,
            "roe_4q": 49.01,
            "gross_profit": 372512,
            "gross_margin": 44.66,
            "gross_margin_4q_avg": 25.09,
            "net_income": 678097,
            "revenue": 834115,
            "common_shares": 1550015,
            "book_valuer_per_share": 16.95,
            "book_valuer_per_share_4q_avg": 13.44,
            "equity": 2615906,
            "current_ratio": 243.4,
            "debt_ratio": 44.79,
            "inventory_turnover_ratio": 0.14,
            "account_receivable_turnover_ratio": 37.24,
            "reinvestment_rate": 2.98,
            "research_to_sale_ratio": null,
            "price_fair": 87.62,
            "eps_avg_yearly": 2.5,
            "eps_latest_yearly": 15.16,
            "eps_growth_yearly": 228.19
        },
        "20214": {
            "year_quarter": 20214,
            "year": 2021,
            "quarter": 4,
            "eps": 0.12,
            "eps_growth_year": -55.04,
            "eps_4q": 5.91,
            "eps_4q_growth_year": 1712.69,
            "roe": 0.71,
            "roe_4q": 47.32000000000001,
            "gross_profit": 34525,
            "gross_margin": 24.11,
            "gross_margin_4q_avg": 28,
            "net_income": 18615,
            "revenue": 143182,
            "common_shares": 1550015,
            "book_valuer_per_share": 16.96,
            "book_valuer_per_share_4q_avg": 14.77,
            "equity": 2639564,
            "current_ratio": 199.68,
            "debt_ratio": 52.5,
            "inventory_turnover_ratio": 0.03,
            "account_receivable_turnover_ratio": 6.86,
            "reinvestment_rate": 3.13,
            "research_to_sale_ratio": null,
            "price_fair": 83.42,
            "eps_avg_yearly": 2.38,
            "eps_latest_yearly": 0.48,
            "eps_growth_yearly": 145.03
        },
        "20221": {
            "year_quarter": 20221,
            "year": 2022,
            "quarter": 1,
            "eps": 2.92,
            "eps_growth_year": 734.29,
            "eps_4q": 8.48,
            "eps_4q_growth_year": 1005.91,
            "roe": 15.83,
            "roe_4q": 60.09,
            "gross_profit": 12207,
            "gross_margin": 27.6,
            "gross_margin_4q_avg": 29.94,
            "net_income": 453882,
            "revenue": 44221,
            "common_shares": 1550015,
            "book_valuer_per_share": 19.89,
            "book_valuer_per_share_4q_avg": 16.74,
            "equity": 3093176,
            "current_ratio": 287.06,
            "debt_ratio": 40.82,
            "inventory_turnover_ratio": 0.01,
            "account_receivable_turnover_ratio": 2.24,
            "reinvestment_rate": 2.34,
            "research_to_sale_ratio": null,
            "price_fair": 115.15,
            "eps_avg_yearly": 3.29,
            "eps_latest_yearly": 11.68,
            "eps_growth_yearly": 942.25
        },
        "20222": {
            "year_quarter": 20222,
            "year": 2022,
            "quarter": 2,
            "eps": 0.02,
            "eps_growth_year": -98.8,
            "eps_4q": 6.85,
            "eps_4q_growth_year": 171.88,
            "roe": 0.1,
            "roe_4q": 46.42,
            "gross_profit": 38712,
            "gross_margin": 30.68,
            "gross_margin_4q_avg": 31.76,
            "net_income": 2880,
            "revenue": 126167,
            "common_shares": 1550015,
            "book_valuer_per_share": 18.1,
            "book_valuer_per_share_4q_avg": 17.98,
            "equity": 2816593,
            "current_ratio": 276.92,
            "debt_ratio": 48.3,
            "inventory_turnover_ratio": 0.02,
            "account_receivable_turnover_ratio": 7.62,
            "reinvestment_rate": 2.75,
            "research_to_sale_ratio": null,
            "price_fair": 111.3,
            "eps_avg_yearly": 3.18,
            "eps_latest_yearly": 0.08,
            "eps_growth_yearly": 884.15
        },
        "20223": {
            "year_quarter": 20223,
            "year": 2022,
            "quarter": 3,
            "eps": 0.17,
            "eps_growth_year": -95.51,
            "eps_4q": 3.23,
            "eps_4q_growth_year": -46.68,
            "roe": 0.92,
            "roe_4q": 17.560000000000002,
            "gross_profit": 13856,
            "gross_margin": 30.75,
            "gross_margin_4q_avg": 28.29,
            "net_income": 26085,
            "revenue": 45061,
            "common_shares": 1550015,
            "book_valuer_per_share": 18.27,
            "book_valuer_per_share_4q_avg": 18.31,
            "equity": 2842678,
            "current_ratio": 298.5,
            "debt_ratio": 49.51,
            "inventory_turnover_ratio": 0.01,
            "account_receivable_turnover_ratio": 3.51,
            "reinvestment_rate": 2.74,
            "research_to_sale_ratio": null,
            "price_fair": 112.23,
            "eps_avg_yearly": 3.21,
            "eps_latest_yearly": 0.68,
            "eps_growth_yearly": 1158.91
        },
        "20224": {
            "year_quarter": 20224,
            "year": 2022,
            "quarter": 4,
            "eps": -0.08,
            "eps_growth_year": -170.69,
            "eps_4q": 3.03,
            "eps_4q_growth_year": -48.75,
            "roe": -0.45,
            "roe_4q": 16.4,
            "gross_profit": 959,
            "gross_margin": 48.07,
            "gross_margin_4q_avg": 34.28,
            "net_income": -12711,
            "revenue": 1995,
            "common_shares": 1550015,
            "book_valuer_per_share": 18.19,
            "book_valuer_per_share_4q_avg": 18.61,
            "equity": 2829967,
            "current_ratio": 253.62,
            "debt_ratio": 54.29,
            "inventory_turnover_ratio": 0,
            "account_receivable_turnover_ratio": 0.19,
            "reinvestment_rate": 2.8,
            "research_to_sale_ratio": null,
            "price_fair": 120.91,
            "eps_avg_yearly": 3.45,
            "eps_latest_yearly": 0.68,
            "eps_growth_yearly": 1252.15
        },
        "20231": {
            "year_quarter": 20231,
            "year": 2023,
            "quarter": 1,
            "eps": 1.13,
            "eps_growth_year": -61.3,
            "eps_4q": 1.24,
            "eps_4q_growth_year": -85.41,
            "roe": 6.27,
            "roe_4q": 6.839999999999999,
            "gross_profit": 194717,
            "gross_margin": 20.82,
            "gross_margin_4q_avg": 32.58,
            "net_income": 175591,
            "revenue": 935122,
            "common_shares": 1550015,
            "book_valuer_per_share": 17.82,
            "book_valuer_per_share_4q_avg": 18.1,
            "equity": 2772906,
            "current_ratio": 288.8,
            "debt_ratio": 52.74,
            "inventory_turnover_ratio": 0.15,
            "account_receivable_turnover_ratio": 114.7,
            "reinvestment_rate": 2.49,
            "research_to_sale_ratio": null,
            "price_fair": 132.3,
            "eps_avg_yearly": 3.78,
            "eps_latest_yearly": 0.68,
            "eps_growth_yearly": 1400.69
        }
    },
    "months": {
        "2001-06": {
            "month": "2001-06",
            "price": "2.41",
            "revenue": 9543
        },
        "2001-07": {
            "month": "2001-07",
            "price": "2.44",
            "revenue": 605
        },
        "2001-08": {
            "month": "2001-08",
            "price": "2.45",
            "revenue": 58704
        },
        "2001-09": {
            "month": "2001-09",
            "price": "2.22",
            "revenue": 5016
        },
        "2001-10": {
            "month": "2001-10",
            "price": "1.84",
            "revenue": 5048
        },
        "2001-11": {
            "month": "2001-11",
            "price": "1.75",
            "revenue": 11230
        },
        "2001-12": {
            "month": "2001-12",
            "price": "2.03",
            "revenue": 13682
        },
        "2002-01": {
            "month": "2002-01",
            "price": "2.25",
            "revenue": 12503
        },
        "2002-02": {
            "month": "2002-02",
            "price": "4.05",
            "revenue": 2
        },
        "2002-03": {
            "month": "2002-03",
            "price": "4.74",
            "revenue": 532
        },
        "2002-04": {
            "month": "2002-04",
            "price": "5.97",
            "revenue": 1723
        },
        "2002-05": {
            "month": "2002-05",
            "price": "5.89",
            "revenue": 144
        },
        "2002-06": {
            "month": "2002-06",
            "price": "5.12",
            "revenue": 80768
        },
        "2002-07": {
            "month": "2002-07",
            "price": "4.84",
            "revenue": 483
        },
        "2002-08": {
            "month": "2002-08",
            "price": "4.80",
            "revenue": 144
        },
        "2002-09": {
            "month": "2002-09",
            "price": "4.34",
            "revenue": 212585
        },
        "2002-10": {
            "month": "2002-10",
            "price": "4.44",
            "revenue": 44839
        },
        "2002-11": {
            "month": "2002-11",
            "price": "4.55",
            "revenue": 24139
        },
        "2002-12": {
            "month": "2002-12",
            "price": "4.86",
            "revenue": 59561
        },
        "2003-01": {
            "month": "2003-01",
            "price": "6.29",
            "revenue": 144
        },
        "2003-02": {
            "month": "2003-02",
            "price": "7.55",
            "revenue": 144
        },
        "2003-03": {
            "month": "2003-03",
            "price": "7.43",
            "revenue": 8817
        },
        "2003-04": {
            "month": "2003-04",
            "price": "7.14",
            "revenue": 5255
        },
        "2003-05": {
            "month": "2003-05",
            "price": "6.18",
            "revenue": 0
        },
        "2003-06": {
            "month": "2003-06",
            "price": "6.70",
            "revenue": 100731
        },
        "2003-07": {
            "month": "2003-07",
            "price": "6.74",
            "revenue": 13738
        },
        "2003-08": {
            "month": "2003-08",
            "price": "6.54",
            "revenue": 15894
        },
        "2003-09": {
            "month": "2003-09",
            "price": "6.56",
            "revenue": 28675
        },
        "2003-10": {
            "month": "2003-10",
            "price": "6.70",
            "revenue": 10770
        },
        "2003-11": {
            "month": "2003-11",
            "price": "6.98",
            "revenue": 18549
        },
        "2003-12": {
            "month": "2003-12",
            "price": "8.62",
            "revenue": 531505
        },
        "2004-01": {
            "month": "2004-01",
            "price": "17.12",
            "revenue": 28704
        },
        "2004-02": {
            "month": "2004-02",
            "price": "21.54",
            "revenue": 27239
        },
        "2004-03": {
            "month": "2004-03",
            "price": "21.07",
            "revenue": 93695
        },
        "2004-04": {
            "month": "2004-04",
            "price": "19.51",
            "revenue": 9964
        },
        "2004-05": {
            "month": "2004-05",
            "price": "16.52",
            "revenue": 7146
        },
        "2004-06": {
            "month": "2004-06",
            "price": "15.80",
            "revenue": 91713
        },
        "2004-07": {
            "month": "2004-07",
            "price": "14.64",
            "revenue": 7802
        },
        "2004-08": {
            "month": "2004-08",
            "price": "13.40",
            "revenue": -3720
        },
        "2004-09": {
            "month": "2004-09",
            "price": "13.31",
            "revenue": 9757
        },
        "2004-10": {
            "month": "2004-10",
            "price": "11.96",
            "revenue": 24881
        },
        "2004-11": {
            "month": "2004-11",
            "price": "9.99",
            "revenue": 15849
        },
        "2004-12": {
            "month": "2004-12",
            "price": "11.92",
            "revenue": 259202
        },
        "2005-01": {
            "month": "2005-01",
            "price": "13.39",
            "revenue": 4385
        },
        "2005-02": {
            "month": "2005-02",
            "price": "12.05",
            "revenue": 5443
        },
        "2005-03": {
            "month": "2005-03",
            "price": "11.19",
            "revenue": 29191
        },
        "2005-04": {
            "month": "2005-04",
            "price": "10.79",
            "revenue": 7017
        },
        "2005-05": {
            "month": "2005-05",
            "price": "9.83",
            "revenue": 5520
        },
        "2005-06": {
            "month": "2005-06",
            "price": "11.86",
            "revenue": 41519
        },
        "2005-07": {
            "month": "2005-07",
            "price": "14.64",
            "revenue": 481
        },
        "2005-08": {
            "month": "2005-08",
            "price": "15.25",
            "revenue": 479
        },
        "2005-09": {
            "month": "2005-09",
            "price": "15.66",
            "revenue": 143604
        },
        "2005-10": {
            "month": "2005-10",
            "price": "15.74",
            "revenue": 6979
        },
        "2005-11": {
            "month": "2005-11",
            "price": "16.04",
            "revenue": 10787
        },
        "2005-12": {
            "month": "2005-12",
            "price": "15.11",
            "revenue": 374316
        },
        "2006-01": {
            "month": "2006-01",
            "price": "18.86",
            "revenue": 11820
        },
        "2006-02": {
            "month": "2006-02",
            "price": "21.01",
            "revenue": 15306
        },
        "2006-03": {
            "month": "2006-03",
            "price": "24.63",
            "revenue": 6842
        },
        "2006-04": {
            "month": "2006-04",
            "price": "23.57",
            "revenue": 6827
        },
        "2006-05": {
            "month": "2006-05",
            "price": "22.15",
            "revenue": 10018
        },
        "2006-06": {
            "month": "2006-06",
            "price": "22.90",
            "revenue": 299201
        },
        "2006-07": {
            "month": "2006-07",
            "price": "20.50",
            "revenue": 2190
        },
        "2006-08": {
            "month": "2006-08",
            "price": "19.24",
            "revenue": 7376
        },
        "2006-09": {
            "month": "2006-09",
            "price": "18.38",
            "revenue": 22168
        },
        "2006-10": {
            "month": "2006-10",
            "price": "21.03",
            "revenue": 6026
        },
        "2006-11": {
            "month": "2006-11",
            "price": "21.19",
            "revenue": 155832
        },
        "2006-12": {
            "month": "2006-12",
            "price": "26.24",
            "revenue": 485874
        },
        "2007-01": {
            "month": "2007-01",
            "price": "26.46",
            "revenue": 96915
        },
        "2007-02": {
            "month": "2007-02",
            "price": "26.62",
            "revenue": 113267
        },
        "2007-03": {
            "month": "2007-03",
            "price": "26.86",
            "revenue": 154611
        },
        "2007-04": {
            "month": "2007-04",
            "price": "27.54",
            "revenue": 14380
        },
        "2007-05": {
            "month": "2007-05",
            "price": "26.85",
            "revenue": 65145
        },
        "2007-06": {
            "month": "2007-06",
            "price": "28.11",
            "revenue": 175570
        },
        "2007-07": {
            "month": "2007-07",
            "price": "28.88",
            "revenue": 15248
        },
        "2007-08": {
            "month": "2007-08",
            "price": "25.94",
            "revenue": 37707
        },
        "2007-09": {
            "month": "2007-09",
            "price": "23.13",
            "revenue": 53623
        },
        "2007-10": {
            "month": "2007-10",
            "price": "19.68",
            "revenue": 42114
        },
        "2007-11": {
            "month": "2007-11",
            "price": "19.12",
            "revenue": 8328
        },
        "2007-12": {
            "month": "2007-12",
            "price": "20.14",
            "revenue": 559268
        },
        "2008-01": {
            "month": "2008-01",
            "price": "20.86",
            "revenue": 7732
        },
        "2008-02": {
            "month": "2008-02",
            "price": "21.23",
            "revenue": 5178
        },
        "2008-03": {
            "month": "2008-03",
            "price": "25.27",
            "revenue": 89362
        },
        "2008-04": {
            "month": "2008-04",
            "price": "27.82",
            "revenue": 6091
        },
        "2008-05": {
            "month": "2008-05",
            "price": "30.80",
            "revenue": 8732
        },
        "2008-06": {
            "month": "2008-06",
            "price": "30.36",
            "revenue": 87299
        },
        "2008-07": {
            "month": "2008-07",
            "price": "20.86",
            "revenue": 4933
        },
        "2008-08": {
            "month": "2008-08",
            "price": "16.80",
            "revenue": 5957
        },
        "2008-09": {
            "month": "2008-09",
            "price": "11.33",
            "revenue": 87920
        },
        "2008-10": {
            "month": "2008-10",
            "price": "6.85",
            "revenue": 11207
        },
        "2008-11": {
            "month": "2008-11",
            "price": "6.61",
            "revenue": 7236
        },
        "2008-12": {
            "month": "2008-12",
            "price": "6.79",
            "revenue": 64618
        },
        "2009-01": {
            "month": "2009-01",
            "price": "5.94",
            "revenue": 12641
        },
        "2009-02": {
            "month": "2009-02",
            "price": "5.68",
            "revenue": 6830
        },
        "2009-03": {
            "month": "2009-03",
            "price": "7.61",
            "revenue": 93836
        },
        "2009-04": {
            "month": "2009-04",
            "price": "15.34",
            "revenue": 5618
        },
        "2009-05": {
            "month": "2009-05",
            "price": "16.65",
            "revenue": 18958
        },
        "2009-06": {
            "month": "2009-06",
            "price": "14.18",
            "revenue": 155648
        },
        "2009-07": {
            "month": "2009-07",
            "price": "16.02",
            "revenue": 8032
        },
        "2009-08": {
            "month": "2009-08",
            "price": "13.75",
            "revenue": 7130
        },
        "2009-09": {
            "month": "2009-09",
            "price": "13.05",
            "revenue": 31650
        },
        "2009-10": {
            "month": "2009-10",
            "price": "12.45",
            "revenue": 5465
        },
        "2009-11": {
            "month": "2009-11",
            "price": "10.93",
            "revenue": 7310
        },
        "2009-12": {
            "month": "2009-12",
            "price": "11.92",
            "revenue": 123747
        },
        "2010-01": {
            "month": "2010-01",
            "price": "12.62",
            "revenue": 34084
        },
        "2010-02": {
            "month": "2010-02",
            "price": "11.08",
            "revenue": 55869
        },
        "2010-03": {
            "month": "2010-03",
            "price": "11.83",
            "revenue": 73586
        },
        "2010-04": {
            "month": "2010-04",
            "price": "10.78",
            "revenue": 45608
        },
        "2010-05": {
            "month": "2010-05",
            "price": "9.43",
            "revenue": 19066
        },
        "2010-06": {
            "month": "2010-06",
            "price": "9.95",
            "revenue": 194146
        },
        "2010-07": {
            "month": "2010-07",
            "price": "10.46",
            "revenue": 8857
        },
        "2010-08": {
            "month": "2010-08",
            "price": "10.39",
            "revenue": 43593
        },
        "2010-09": {
            "month": "2010-09",
            "price": "9.91",
            "revenue": 83248
        },
        "2010-10": {
            "month": "2010-10",
            "price": "10.00",
            "revenue": 38748
        },
        "2010-11": {
            "month": "2010-11",
            "price": "9.22",
            "revenue": 17057
        },
        "2010-12": {
            "month": "2010-12",
            "price": "10.19",
            "revenue": 137563
        },
        "2011-01": {
            "month": "2011-01",
            "price": "12.37",
            "revenue": 6997
        },
        "2011-02": {
            "month": "2011-02",
            "price": "12.03",
            "revenue": 22428
        },
        "2011-03": {
            "month": "2011-03",
            "price": "11.47",
            "revenue": 23825
        },
        "2011-04": {
            "month": "2011-04",
            "price": "11.56",
            "revenue": 2052
        },
        "2011-05": {
            "month": "2011-05",
            "price": "11.46",
            "revenue": 14830
        },
        "2011-06": {
            "month": "2011-06",
            "price": "13.48",
            "revenue": 83043
        },
        "2011-07": {
            "month": "2011-07",
            "price": "14.33",
            "revenue": 7847
        },
        "2011-08": {
            "month": "2011-08",
            "price": "11.99",
            "revenue": 8308
        },
        "2011-09": {
            "month": "2011-09",
            "price": "11.43",
            "revenue": 8532
        },
        "2011-10": {
            "month": "2011-10",
            "price": "11.36",
            "revenue": 409
        },
        "2011-11": {
            "month": "2011-11",
            "price": "10.62",
            "revenue": 24310
        },
        "2011-12": {
            "month": "2011-12",
            "price": "9.50",
            "revenue": 13368
        },
        "2012-01": {
            "month": "2012-01",
            "price": "8.75",
            "revenue": 495
        },
        "2012-02": {
            "month": "2012-02",
            "price": "10.18",
            "revenue": 19921
        },
        "2012-03": {
            "month": "2012-03",
            "price": "10.04",
            "revenue": 7831
        },
        "2012-04": {
            "month": "2012-04",
            "price": "9.12",
            "revenue": 7162
        },
        "2012-05": {
            "month": "2012-05",
            "price": "8.72",
            "revenue": 556
        },
        "2012-06": {
            "month": "2012-06",
            "price": "7.79",
            "revenue": 527
        },
        "2012-07": {
            "month": "2012-07",
            "price": "7.47",
            "revenue": 10324
        },
        "2012-08": {
            "month": "2012-08",
            "price": "7.92",
            "revenue": 10157
        },
        "2012-09": {
            "month": "2012-09",
            "price": "8.85",
            "revenue": 10336
        },
        "2012-10": {
            "month": "2012-10",
            "price": "8.44",
            "revenue": 16226
        },
        "2012-11": {
            "month": "2012-11",
            "price": "8.44",
            "revenue": 5548
        },
        "2012-12": {
            "month": "2012-12",
            "price": "8.08",
            "revenue": 23914
        },
        "2013-01": {
            "month": "2013-01",
            "price": "8.20",
            "revenue": 7992
        },
        "2013-02": {
            "month": "2013-02",
            "price": "8.39",
            "revenue": 4791
        },
        "2013-03": {
            "month": "2013-03",
            "price": "9.02",
            "revenue": 199
        },
        "2013-04": {
            "month": "2013-04",
            "price": "9.89",
            "revenue": 8765
        },
        "2013-05": {
            "month": "2013-05",
            "price": "9.02",
            "revenue": 14299
        },
        "2013-06": {
            "month": "2013-06",
            "price": "8.97",
            "revenue": 7736
        },
        "2013-07": {
            "month": "2013-07",
            "price": "7.58",
            "revenue": 16699
        },
        "2013-08": {
            "month": "2013-08",
            "price": "9.74",
            "revenue": 6807
        },
        "2013-09": {
            "month": "2013-09",
            "price": "12.46",
            "revenue": 591
        },
        "2013-10": {
            "month": "2013-10",
            "price": "19.69",
            "revenue": 8379
        },
        "2013-11": {
            "month": "2013-11",
            "price": "18.24",
            "revenue": 24081
        },
        "2013-12": {
            "month": "2013-12",
            "price": "17.71",
            "revenue": 32535
        },
        "2014-01": {
            "month": "2014-01",
            "price": "17.69",
            "revenue": 7455
        },
        "2014-02": {
            "month": "2014-02",
            "price": "17.24",
            "revenue": 16556
        },
        "2014-03": {
            "month": "2014-03",
            "price": "18.08",
            "revenue": 27876
        },
        "2014-04": {
            "month": "2014-04",
            "price": "18.15",
            "revenue": 351
        },
        "2014-05": {
            "month": "2014-05",
            "price": "18.06",
            "revenue": 1141
        },
        "2014-06": {
            "month": "2014-06",
            "price": "17.34",
            "revenue": 308
        },
        "2014-07": {
            "month": "2014-07",
            "price": "17.68",
            "revenue": 353
        },
        "2014-08": {
            "month": "2014-08",
            "price": "17.65",
            "revenue": 1262
        },
        "2014-09": {
            "month": "2014-09",
            "price": "17.77",
            "revenue": 3170
        },
        "2014-10": {
            "month": "2014-10",
            "price": "16.98",
            "revenue": 1845
        },
        "2014-11": {
            "month": "2014-11",
            "price": "16.94",
            "revenue": 896
        },
        "2014-12": {
            "month": "2014-12",
            "price": "16.97",
            "revenue": 1624855
        },
        "2015-01": {
            "month": "2015-01",
            "price": "16.93",
            "revenue": 313
        },
        "2015-02": {
            "month": "2015-02",
            "price": "16.47",
            "revenue": 5
        },
        "2015-03": {
            "month": "2015-03",
            "price": "15.85",
            "revenue": 160
        },
        "2015-04": {
            "month": "2015-04",
            "price": "14.80",
            "revenue": 3375
        },
        "2015-05": {
            "month": "2015-05",
            "price": "14.06",
            "revenue": 2906
        },
        "2015-06": {
            "month": "2015-06",
            "price": "13.27",
            "revenue": 347
        },
        "2015-07": {
            "month": "2015-07",
            "price": "12.14",
            "revenue": 305
        },
        "2015-08": {
            "month": "2015-08",
            "price": "10.56",
            "revenue": 299
        },
        "2015-09": {
            "month": "2015-09",
            "price": "9.27",
            "revenue": 299
        },
        "2015-10": {
            "month": "2015-10",
            "price": "8.24",
            "revenue": 299
        },
        "2015-11": {
            "month": "2015-11",
            "price": "8.11",
            "revenue": 295
        },
        "2015-12": {
            "month": "2015-12",
            "price": "7.90",
            "revenue": 301
        },
        "2016-01": {
            "month": "2016-01",
            "price": "7.66",
            "revenue": 297
        },
        "2016-02": {
            "month": "2016-02",
            "price": "7.76",
            "revenue": 293
        },
        "2016-03": {
            "month": "2016-03",
            "price": "8.66",
            "revenue": 305
        },
        "2016-04": {
            "month": "2016-04",
            "price": "7.82",
            "revenue": 293
        },
        "2016-05": {
            "month": "2016-05",
            "price": "7.86",
            "revenue": 297
        },
        "2016-06": {
            "month": "2016-06",
            "price": "7.51",
            "revenue": 305
        },
        "2016-07": {
            "month": "2016-07",
            "price": "8.34",
            "revenue": 117956
        },
        "2016-08": {
            "month": "2016-08",
            "price": "8.70",
            "revenue": 296
        },
        "2016-09": {
            "month": "2016-09",
            "price": "7.58",
            "revenue": 7241
        },
        "2016-10": {
            "month": "2016-10",
            "price": "7.20",
            "revenue": 332
        },
        "2016-11": {
            "month": "2016-11",
            "price": "7.18",
            "revenue": 299
        },
        "2016-12": {
            "month": "2016-12",
            "price": "7.13",
            "revenue": 155466
        },
        "2017-01": {
            "month": "2017-01",
            "price": "7.30",
            "revenue": 114261
        },
        "2017-02": {
            "month": "2017-02",
            "price": "7.41",
            "revenue": 48125
        },
        "2017-03": {
            "month": "2017-03",
            "price": "10.74",
            "revenue": 94678
        },
        "2017-04": {
            "month": "2017-04",
            "price": "14.86",
            "revenue": 84776
        },
        "2017-05": {
            "month": "2017-05",
            "price": "15.40",
            "revenue": 146571
        },
        "2017-06": {
            "month": "2017-06",
            "price": "14.01",
            "revenue": 187151
        },
        "2017-07": {
            "month": "2017-07",
            "price": "13.27",
            "revenue": 78999
        },
        "2017-08": {
            "month": "2017-08",
            "price": "11.81",
            "revenue": 91502
        },
        "2017-09": {
            "month": "2017-09",
            "price": "12.03",
            "revenue": 109943
        },
        "2017-10": {
            "month": "2017-10",
            "price": "11.14",
            "revenue": 148436
        },
        "2017-11": {
            "month": "2017-11",
            "price": "12.23",
            "revenue": 182106
        },
        "2017-12": {
            "month": "2017-12",
            "price": "11.93",
            "revenue": 232632
        },
        "2018-01": {
            "month": "2018-01",
            "price": "11.90",
            "revenue": 136890
        },
        "2018-02": {
            "month": "2018-02",
            "price": "11.53",
            "revenue": 53924
        },
        "2018-03": {
            "month": "2018-03",
            "price": "11.33",
            "revenue": 92177
        },
        "2018-04": {
            "month": "2018-04",
            "price": "10.78",
            "revenue": 133131
        },
        "2018-05": {
            "month": "2018-05",
            "price": "10.44",
            "revenue": 141291
        },
        "2018-06": {
            "month": "2018-06",
            "price": "10.11",
            "revenue": 119990
        },
        "2018-07": {
            "month": "2018-07",
            "price": "9.55",
            "revenue": 109670
        },
        "2018-08": {
            "month": "2018-08",
            "price": "9.43",
            "revenue": 40777
        },
        "2018-09": {
            "month": "2018-09",
            "price": "9.66",
            "revenue": 21843
        },
        "2018-10": {
            "month": "2018-10",
            "price": "9.39",
            "revenue": 59914
        },
        "2018-11": {
            "month": "2018-11",
            "price": "9.75",
            "revenue": 42290
        },
        "2018-12": {
            "month": "2018-12",
            "price": "9.85",
            "revenue": 17406
        },
        "2019-01": {
            "month": "2019-01",
            "price": "9.58",
            "revenue": 41809
        },
        "2019-02": {
            "month": "2019-02",
            "price": "9.40",
            "revenue": 390
        },
        "2019-03": {
            "month": "2019-03",
            "price": "9.47",
            "revenue": 390
        },
        "2019-04": {
            "month": "2019-04",
            "price": "9.63",
            "revenue": 41193
        },
        "2019-05": {
            "month": "2019-05",
            "price": "9.51",
            "revenue": 390
        },
        "2019-06": {
            "month": "2019-06",
            "price": "9.43",
            "revenue": 45214
        },
        "2019-07": {
            "month": "2019-07",
            "price": "10.45",
            "revenue": 46755
        },
        "2019-08": {
            "month": "2019-08",
            "price": "10.46",
            "revenue": 388
        },
        "2019-09": {
            "month": "2019-09",
            "price": "10.45",
            "revenue": 37470
        },
        "2019-10": {
            "month": "2019-10",
            "price": "10.27",
            "revenue": 371
        },
        "2019-11": {
            "month": "2019-11",
            "price": "12.19",
            "revenue": 402
        },
        "2019-12": {
            "month": "2019-12",
            "price": "11.77",
            "revenue": 16887
        },
        "2020-01": {
            "month": "2020-01",
            "price": "11.78",
            "revenue": 374
        },
        "2020-02": {
            "month": "2020-02",
            "price": "11.34",
            "revenue": 14360
        },
        "2020-03": {
            "month": "2020-03",
            "price": "9.84",
            "revenue": 432
        },
        "2020-04": {
            "month": "2020-04",
            "price": "9.71",
            "revenue": 432
        },
        "2020-05": {
            "month": "2020-05",
            "price": "10.70",
            "revenue": 6665
        },
        "2020-06": {
            "month": "2020-06",
            "price": "10.95",
            "revenue": 16795
        },
        "2020-07": {
            "month": "2020-07",
            "price": "11.82",
            "revenue": 44468
        },
        "2020-08": {
            "month": "2020-08",
            "price": "12.94",
            "revenue": 68782
        },
        "2020-09": {
            "month": "2020-09",
            "price": "13.08",
            "revenue": 47086
        },
        "2020-10": {
            "month": "2020-10",
            "price": "14.58",
            "revenue": 71720
        },
        "2020-11": {
            "month": "2020-11",
            "price": "16.04",
            "revenue": 66518
        },
        "2020-12": {
            "month": "2020-12",
            "price": "16.91",
            "revenue": 322764
        },
        "2021-01": {
            "month": "2021-01",
            "price": "17.81",
            "revenue": 61140
        },
        "2021-02": {
            "month": "2021-02",
            "price": "18.17",
            "revenue": 61762
        },
        "2021-03": {
            "month": "2021-03",
            "price": "19.08",
            "revenue": 392866
        },
        "2021-04": {
            "month": "2021-04",
            "price": "26.64",
            "revenue": 575950
        },
        "2021-05": {
            "month": "2021-05",
            "price": "30.04",
            "revenue": 551495
        },
        "2021-06": {
            "month": "2021-06",
            "price": "29.12",
            "revenue": 443257
        },
        "2021-07": {
            "month": "2021-07",
            "price": "30.82",
            "revenue": 134638
        },
        "2021-08": {
            "month": "2021-08",
            "price": "29.41",
            "revenue": 620163
        },
        "2021-09": {
            "month": "2021-09",
            "price": "28.91",
            "revenue": 79315
        },
        "2021-10": {
            "month": "2021-10",
            "price": "28.30",
            "revenue": 65743
        },
        "2021-11": {
            "month": "2021-11",
            "price": "29.92",
            "revenue": 25555
        },
        "2021-12": {
            "month": "2021-12",
            "price": "29.02",
            "revenue": 51883
        },
        "2022-01": {
            "month": "2022-01",
            "price": "28.59",
            "revenue": 16950
        },
        "2022-02": {
            "month": "2022-02",
            "price": "28.49",
            "revenue": 347
        },
        "2022-03": {
            "month": "2022-03",
            "price": "27.88",
            "revenue": 26924
        },
        "2022-04": {
            "month": "2022-04",
            "price": "24.89",
            "revenue": 11001
        },
        "2022-05": {
            "month": "2022-05",
            "price": "26.60",
            "revenue": 60141
        },
        "2022-06": {
            "month": "2022-06",
            "price": "28.12",
            "revenue": 55025
        },
        "2022-07": {
            "month": "2022-07",
            "price": "27.05",
            "revenue": 33439
        },
        "2022-08": {
            "month": "2022-08",
            "price": "25.58",
            "revenue": 10204
        },
        "2022-09": {
            "month": "2022-09",
            "price": "25.26",
            "revenue": 1418
        },
        "2022-10": {
            "month": "2022-10",
            "price": "25.34",
            "revenue": 349
        },
        "2022-11": {
            "month": "2022-11",
            "price": "24.99",
            "revenue": 386
        },
        "2022-12": {
            "month": "2022-12",
            "price": "24.60",
            "revenue": 1259
        },
        "2023-01": {
            "month": "2023-01",
            "price": "24.97",
            "revenue": 101672
        },
        "2023-02": {
            "month": "2023-02",
            "price": "24.95",
            "revenue": 96356
        },
        "2023-03": {
            "month": "2023-03",
            "price": "25.20",
            "revenue": 737093
        },
        "2023-04": {
            "month": "2023-04",
            "price": "24.97",
            "revenue": 695332
        }
    }
}
