{
    "summary": {
        "stock_name": "順天",
        "stock_id": "5525",
        "category": "建材營造",
        "main_business": "經營委託營造廠商興建國民住宅及商業大樓之出租出售業務<br>工業廠房開發出租辦公大樓出租等業務<br>各種廣告企劃代理及其策劃製作業務",
        "website_url": "http://www.sweeten.com.tw",
        "ceo": "林丙申",
        "pe_ratio": 24,
        "report_year_from": 2001,
        "report_year_to": 2023,
        "age": 22,
        "eps_negative_percentage": 9,
        "eps_growth_avg": {
            "last_all": 2.59,
            "last_2y": -95.45,
            "last_4y": -37.52,
            "last_8y": -18.52,
            "last_12y": -3.97,
            "last_16y": -8.24,
            "last_20y": 2.59,
            "at_2006_last_3y": 26.61,
            "at_2007_last_3y": 17.17,
            "at_2008_last_3y": -16.68,
            "at_2009_last_3y": -21.04,
            "at_2010_last_3y": -13.51,
            "at_2011_last_3y": -30.56,
            "at_2012_last_3y": 3.3,
            "at_2013_last_3y": 25.12,
            "at_2014_last_3y": 17.16,
            "at_2015_last_3y": 36.15,
            "at_2016_last_3y": -11.32,
            "at_2017_last_3y": 0.47,
            "at_2018_last_3y": 27.33,
            "at_2019_last_3y": 12.74,
            "at_2020_last_3y": 12.48,
            "at_2021_last_3y": -37.52,
            "at_2022_last_3y": -83.36,
            "at_2023_last_3y": -83.36,
            "at_2006_last_all": 35.58,
            "at_2007_last_all": 28.21,
            "at_2008_last_all": 19.12,
            "at_2009_last_all": 12.42,
            "at_2010_last_all": 13.76,
            "at_2011_last_all": 4.71,
            "at_2012_last_all": 13.37,
            "at_2013_last_all": 16.66,
            "at_2014_last_all": 14.8,
            "at_2015_last_all": 13.69,
            "at_2016_last_all": 6.79,
            "at_2017_last_all": 12.61,
            "at_2018_last_all": 17.75,
            "at_2019_last_all": 13.48,
            "at_2020_last_all": 7.98,
            "at_2021_last_all": 2.59,
            "at_2022_last_all": 2.59,
            "at_2023_last_all": 2.59
        },
        "latest_eps": 1.15,
        "latest_price": 27.1,
        "latest_roe": 6.6,
        "latest_gross_margin": 24.85,
        "latest_equity": 4826654,
        "latest_revenue": 339679,
        "latest_gross_profit": 84419,
        "latest_net_income": -5923,
        "latest_debt_ratio": 72,
        "latest_current_ratio": 118.05,
        "latest_account_receivable_turnover_ratio": 2.31,
        "latest_inventory_turnover_ratio": 0.02,
        "latest_reinvestment_rate": -3.84,
        "latest_research_to_sale_ratio": null
    },
    "eps_dividends": {
        "1999": {
            "cash": 1,
            "stock": 1,
            "eps": 0
        },
        "2000": {
            "cash": 1,
            "stock": 2,
            "eps": 0
        },
        "2001": {
            "cash": 1,
            "stock": 0,
            "eps": 0.56
        },
        "2002": {
            "cash": 1,
            "stock": 0,
            "eps": 0.96
        },
        "2003": {
            "cash": 1,
            "stock": 0,
            "eps": 1.24
        },
        "2004": {
            "cash": 0,
            "stock": 1,
            "eps": 4.46
        },
        "2005": {
            "cash": 2,
            "stock": 2,
            "eps": 3.7
        },
        "2006": {
            "cash": 2,
            "stock": 1,
            "eps": 3.49
        },
        "2007": {
            "cash": 2,
            "stock": 1,
            "eps": 3.19
        },
        "2008": {
            "cash": 0,
            "stock": 2,
            "eps": 2.06
        },
        "2009": {
            "cash": 0,
            "stock": 1,
            "eps": 1.35
        },
        "2010": {
            "cash": 1,
            "stock": 1,
            "eps": 1.68
        },
        "2011": {
            "cash": 1,
            "stock": 1,
            "eps": 0.39
        },
        "2012": {
            "cash": 0,
            "stock": 0,
            "eps": 1.76
        },
        "2013": {
            "cash": 1,
            "stock": 0,
            "eps": 2.69
        },
        "2014": {
            "cash": 2,
            "stock": 0,
            "eps": 2.49
        },
        "2015": {
            "cash": 1,
            "stock": 0,
            "eps": 2.47
        },
        "2016": {
            "cash": 2,
            "stock": 0,
            "eps": 0.25
        },
        "2017": {
            "cash": 0,
            "stock": 0,
            "eps": 1.3
        },
        "2018": {
            "cash": 1,
            "stock": 0,
            "eps": 4.31
        },
        "2019": {
            "cash": 2,
            "stock": 1,
            "eps": 1.76
        },
        "2020": {
            "cash": 1,
            "stock": 1,
            "eps": 0.16
        },
        "2021": {
            "cash": 1,
            "stock": 0,
            "eps": -0.19
        },
        "2022": {
            "cash": 0,
            "stock": 0,
            "eps": 2.39
        },
        "2023": {
            "cash": 2,
            "stock": 1,
            "eps": -0.03
        }
    },
    "dividends": {
        "1999-05-13": {
            "cash": 0.5,
            "stock": 1
        },
        "2000-04-24": {
            "cash": 1,
            "stock": 1.5
        },
        "2001-05-30": {
            "cash": 0.6,
            "stock": 0.4
        },
        "2002-06-24": {
            "cash": 0.6,
            "stock": 0
        },
        "2003-03-24": {
            "cash": 0.6,
            "stock": 0
        },
        "2004-03-11": {
            "cash": 0.2,
            "stock": 1
        },
        "2005-03-14": {
            "cash": 2,
            "stock": 2
        },
        "2006-03-13": {
            "cash": 1.5,
            "stock": 1
        },
        "2007-03-23": {
            "cash": 1.5,
            "stock": 1
        },
        "2008-03-24": {
            "cash": 0.3,
            "stock": 2.2
        },
        "2009-03-31": {
            "cash": 0.3,
            "stock": 1
        },
        "2010-03-26": {
            "cash": 0.5,
            "stock": 0.5
        },
        "2011-01-01": {
            "cash": 0.4,
            "stock": 0
        },
        "2011-03-21": {
            "cash": 0.6,
            "stock": 0.6
        },
        "2013-03-21": {
            "cash": 0.8,
            "stock": 0.2
        },
        "2014-10-09": {
            "cash": 1.7,
            "stock": 0.3
        },
        "2015-10-08": {
            "cash": 1.2,
            "stock": 0.3
        },
        "2016-09-30": {
            "cash": 1.5,
            "stock": 0
        },
        "2017-08-03": {
            "cash": 0.3,
            "stock": 0
        },
        "2018-08-31": {
            "cash": 1.2,
            "stock": 0
        },
        "2019-10-18": {
            "cash": 2,
            "stock": 1
        },
        "2020-10-16": {
            "cash": 0.5,
            "stock": 0.8
        },
        "2021-10-22": {
            "cash": 0.5,
            "stock": 0
        },
        "2022-08-05": {
            "cash": 0.3,
            "stock": 0
        },
        "2023-03-15": {
            "cash": 1.5,
            "stock": 0.6
        }
    },
    "prices": {
        "200101": "11.56",
        "200102": "13.04",
        "200103": "13.37",
        "200104": "13.00",
        "200105": "12.37",
        "200106": "12.20",
        "200107": "11.72",
        "200108": "10.80",
        "200109": "10.35",
        "200110": "10.04",
        "200111": "10.06",
        "200112": "10.15",
        "200201": "10.19",
        "200202": "10.79",
        "200203": "11.41",
        "200204": "12.06",
        "200205": "12.21",
        "200206": "12.44",
        "200207": "12.60",
        "200208": "12.21",
        "200209": "11.68",
        "200210": "11.26",
        "200211": "11.49",
        "200212": "11.49",
        "200301": "11.76",
        "200302": "11.76",
        "200303": "11.45",
        "200304": "11.39",
        "200305": "11.26",
        "200306": "11.80",
        "200307": "11.83",
        "200308": "11.76",
        "200309": "11.92",
        "200310": "12.20",
        "200311": "13.49",
        "200312": "13.92",
        "200401": "17.75",
        "200402": "19.56",
        "200403": "20.70",
        "200404": "21.96",
        "200405": "20.38",
        "200406": "22.45",
        "200407": "23.04",
        "200408": "21.62",
        "200409": "22.80",
        "200410": "22.86",
        "200411": "23.43",
        "200412": "26.12",
        "200501": "27.12",
        "200502": "27.16",
        "200503": "29.38",
        "200504": "28.14",
        "200505": "27.17",
        "200506": "27.58",
        "200507": "24.80",
        "200508": "20.58",
        "200509": "20.59",
        "200510": "21.24",
        "200511": "20.48",
        "200512": "21.78",
        "200601": "22.09",
        "200602": "21.61",
        "200603": "20.79",
        "200604": "23.53",
        "200605": "31.98",
        "200606": "28.16",
        "200607": "31.44",
        "200608": "29.97",
        "200609": "26.70",
        "200610": "32.78",
        "200611": "36.89",
        "200612": "42.06",
        "200701": "40.08",
        "200702": "38.56",
        "200703": "38.98",
        "200704": "41.15",
        "200705": "40.67",
        "200706": "41.59",
        "200707": "44.52",
        "200708": "42.62",
        "200709": "38.72",
        "200710": "34.75",
        "200711": "30.47",
        "200712": "29.16",
        "200801": "29.74",
        "200802": "30.12",
        "200803": "35.06",
        "200804": "45.71",
        "200805": "45.22",
        "200806": "34.61",
        "200807": "24.98",
        "200808": "22.98",
        "200809": "17.23",
        "200810": "11.82",
        "200811": "10.34",
        "200812": "10.14",
        "200901": "9.84",
        "200902": "9.37",
        "200903": "10.36",
        "200904": "16.32",
        "200905": "18.94",
        "200906": "18.45",
        "200907": "18.56",
        "200908": "16.93",
        "200909": "17.15",
        "200910": "19.03",
        "200911": "18.04",
        "200912": "18.37",
        "201001": "18.75",
        "201002": "16.55",
        "201003": "16.91",
        "201004": "17.40",
        "201005": "16.02",
        "201006": "16.02",
        "201007": "16.45",
        "201008": "17.08",
        "201009": "16.78",
        "201010": "16.80",
        "201011": "16.88",
        "201012": "19.05",
        "201101": "20.44",
        "201102": "18.60",
        "201103": "17.72",
        "201104": "18.33",
        "201105": "18.37",
        "201106": "18.00",
        "201107": "18.78",
        "201108": "16.46",
        "201109": "16.21",
        "201110": "15.65",
        "201111": "15.53",
        "201112": "14.32",
        "201201": "13.58",
        "201202": "15.11",
        "201203": "15.60",
        "201204": "15.48",
        "201205": "15.68",
        "201206": "15.77",
        "201207": "15.71",
        "201208": "15.98",
        "201209": "17.08",
        "201210": "16.38",
        "201211": "16.30",
        "201212": "16.78",
        "201301": "18.05",
        "201302": "18.93",
        "201303": "19.06",
        "201304": "20.08",
        "201305": "21.82",
        "201306": "21.00",
        "201307": "20.76",
        "201308": "20.85",
        "201309": "19.14",
        "201310": "19.04",
        "201311": "18.96",
        "201312": "19.84",
        "201401": "19.69",
        "201402": "19.98",
        "201403": "19.88",
        "201404": "20.07",
        "201405": "19.78",
        "201406": "20.56",
        "201407": "20.45",
        "201408": "20.53",
        "201409": "18.53",
        "201410": "17.65",
        "201411": "17.06",
        "201412": "17.60",
        "201501": "18.28",
        "201502": "18.58",
        "201503": "18.61",
        "201504": "18.62",
        "201505": "18.86",
        "201506": "17.91",
        "201507": "17.74",
        "201508": "16.99",
        "201509": "16.73",
        "201510": "16.19",
        "201511": "16.23",
        "201512": "15.79",
        "201601": "15.58",
        "201602": "15.35",
        "201603": "15.87",
        "201604": "16.23",
        "201605": "15.98",
        "201606": "15.91",
        "201607": "15.94",
        "201608": "15.84",
        "201609": "14.84",
        "201610": "14.74",
        "201611": "14.54",
        "201612": "14.53",
        "201701": "14.09",
        "201702": "14.19",
        "201703": "14.38",
        "201704": "14.29",
        "201705": "14.20",
        "201706": "14.17",
        "201707": "13.81",
        "201708": "13.63",
        "201709": "13.78",
        "201710": "14.48",
        "201711": "14.85",
        "201712": "14.88",
        "201801": "17.04",
        "201802": "16.65",
        "201803": "17.36",
        "201804": "18.00",
        "201805": "19.21",
        "201806": "21.88",
        "201807": "21.65",
        "201808": "21.33",
        "201809": "21.81",
        "201810": "20.79",
        "201811": "20.53",
        "201812": "20.84",
        "201901": "21.19",
        "201902": "22.10",
        "201903": "24.65",
        "201904": "26.78",
        "201905": "26.64",
        "201906": "28.08",
        "201907": "28.49",
        "201908": "26.64",
        "201909": "22.81",
        "201910": "22.92",
        "201911": "22.61",
        "201912": "22.82",
        "202001": "22.65",
        "202002": "20.96",
        "202003": "18.87",
        "202004": "19.43",
        "202005": "20.16",
        "202006": "21.01",
        "202007": "21.79",
        "202008": "21.82",
        "202009": "21.30",
        "202010": "21.56",
        "202011": "21.44",
        "202012": "21.73",
        "202101": "21.76",
        "202102": "21.71",
        "202103": "22.42",
        "202104": "24.83",
        "202105": "24.65",
        "202106": "24.87",
        "202107": "24.96",
        "202108": "24.83",
        "202109": "25.44",
        "202110": "27.63",
        "202111": "28.35",
        "202112": "28.50",
        "202201": "27.21",
        "202202": "27.07",
        "202203": "26.85",
        "202204": "26.71",
        "202205": "25.16",
        "202206": "23.78",
        "202207": "23.60",
        "202208": "24.05",
        "202209": "24.08",
        "202210": "24.29",
        "202211": "23.77",
        "202212": "24.17",
        "202301": "24.50",
        "202302": "24.33",
        "202303": "25.29",
        "202304": "26.84",
        "202305": "26.97"
    },
    "quarters": {
        "20011": {
            "year_quarter": 20011,
            "year": 2001,
            "quarter": 1,
            "eps": -0.08,
            "eps_growth_year": null,
            "eps_4q": 1.36,
            "eps_4q_growth_year": -52.95,
            "roe": -0.63,
            "roe_4q": -0.63,
            "gross_profit": 2900,
            "gross_margin": 3.58,
            "gross_margin_4q_avg": 3.58,
            "net_income": -7850,
            "revenue": 81021,
            "common_shares": 971520,
            "book_valuer_per_share": 12.9,
            "book_valuer_per_share_4q_avg": 12.9,
            "equity": 1253290,
            "current_ratio": 190.41,
            "debt_ratio": 40.06,
            "inventory_turnover_ratio": 0.06,
            "account_receivable_turnover_ratio": null,
            "reinvestment_rate": null,
            "research_to_sale_ratio": null,
            "price_fair": 0,
            "eps_avg_yearly": 0,
            "eps_latest_yearly": 0,
            "eps_growth_yearly": 0
        },
        "20012": {
            "year_quarter": 20012,
            "year": 2001,
            "quarter": 2,
            "eps": -0.21,
            "eps_growth_year": -119.09,
            "eps_4q": 0.2,
            "eps_4q_growth_year": -94.76,
            "roe": -1.7,
            "roe_4q": -2.33,
            "gross_profit": 1056,
            "gross_margin": 1.54,
            "gross_margin_4q_avg": 2.56,
            "net_income": -20714,
            "revenue": 68628,
            "common_shares": 971520,
            "book_valuer_per_share": 12.16,
            "book_valuer_per_share_4q_avg": 12.53,
            "equity": 1181211,
            "current_ratio": 169.84,
            "debt_ratio": 45.15,
            "inventory_turnover_ratio": 0.05,
            "account_receivable_turnover_ratio": null,
            "reinvestment_rate": null,
            "research_to_sale_ratio": null,
            "price_fair": 0,
            "eps_avg_yearly": 0,
            "eps_latest_yearly": 0,
            "eps_growth_yearly": 0
        },
        "20013": {
            "year_quarter": 20013,
            "year": 2001,
            "quarter": 3,
            "eps": -0.25,
            "eps_growth_year": -148.08,
            "eps_4q": -0.55,
            "eps_4q_growth_year": -121.93,
            "roe": -2.13,
            "roe_4q": -4.46,
            "gross_profit": -1618,
            "gross_margin": -2.67,
            "gross_margin_4q_avg": 0.82,
            "net_income": -24885,
            "revenue": 60515,
            "common_shares": 1010381,
            "book_valuer_per_share": 11.44,
            "book_valuer_per_share_4q_avg": 12.17,
            "equity": 1156326,
            "current_ratio": 159.18,
            "debt_ratio": 48.43,
            "inventory_turnover_ratio": 0.04,
            "account_receivable_turnover_ratio": null,
            "reinvestment_rate": null,
            "research_to_sale_ratio": null,
            "price_fair": 0,
            "eps_avg_yearly": 0,
            "eps_latest_yearly": 0,
            "eps_growth_yearly": 0
        },
        "20014": {
            "year_quarter": 20014,
            "year": 2001,
            "quarter": 4,
            "eps": 1.1,
            "eps_growth_year": null,
            "eps_4q": 0.57,
            "eps_4q_growth_year": -60.35,
            "roe": 9.32,
            "roe_4q": 4.86,
            "gross_profit": 180088,
            "gross_margin": 21.8,
            "gross_margin_4q_avg": 6.06,
            "net_income": 111296,
            "revenue": 825929,
            "common_shares": 1010381,
            "book_valuer_per_share": 12.19,
            "book_valuer_per_share_4q_avg": 12.17,
            "equity": 1231948,
            "current_ratio": 247.44,
            "debt_ratio": 30.95,
            "inventory_turnover_ratio": 0.53,
            "account_receivable_turnover_ratio": null,
            "reinvestment_rate": null,
            "research_to_sale_ratio": null,
            "price_fair": 0,
            "eps_avg_yearly": 0,
            "eps_latest_yearly": 0,
            "eps_growth_yearly": 0
        },
        "20021": {
            "year_quarter": 20021,
            "year": 2002,
            "quarter": 1,
            "eps": 0.42,
            "eps_growth_year": null,
            "eps_4q": 1.07,
            "eps_4q_growth_year": -20.95,
            "roe": 3.37,
            "roe_4q": 8.860000000000003,
            "gross_profit": 84140,
            "gross_margin": 24.55,
            "gross_margin_4q_avg": 11.31,
            "net_income": 42206,
            "revenue": 342774,
            "common_shares": 1010381,
            "book_valuer_per_share": 12.63,
            "book_valuer_per_share_4q_avg": 12.11,
            "equity": 1276491,
            "current_ratio": 359.2,
            "debt_ratio": 18.43,
            "inventory_turnover_ratio": 0.31,
            "account_receivable_turnover_ratio": null,
            "reinvestment_rate": null,
            "research_to_sale_ratio": null,
            "price_fair": 5.04,
            "eps_avg_yearly": 1.68,
            "eps_latest_yearly": 1.68,
            "eps_growth_yearly": -247.27
        },
        "20022": {
            "year_quarter": 20022,
            "year": 2002,
            "quarter": 2,
            "eps": 0.77,
            "eps_growth_year": null,
            "eps_4q": 2.13,
            "eps_4q_growth_year": 975.56,
            "roe": 5.75,
            "roe_4q": 16.310000000000002,
            "gross_profit": 126748,
            "gross_margin": 24.37,
            "gross_margin_4q_avg": 17.01,
            "net_income": 72712,
            "revenue": 520167,
            "common_shares": 980381,
            "book_valuer_per_share": 12.76,
            "book_valuer_per_share_4q_avg": 12.26,
            "equity": 1251366,
            "current_ratio": 418.13,
            "debt_ratio": 15.68,
            "inventory_turnover_ratio": 0.72,
            "account_receivable_turnover_ratio": null,
            "reinvestment_rate": null,
            "research_to_sale_ratio": null,
            "price_fair": 83.3,
            "eps_avg_yearly": 2.38,
            "eps_latest_yearly": 3.08,
            "eps_growth_yearly": 43.03
        },
        "20023": {
            "year_quarter": 20023,
            "year": 2002,
            "quarter": 3,
            "eps": -0.11,
            "eps_growth_year": null,
            "eps_4q": 2.2,
            "eps_4q_growth_year": null,
            "roe": -0.83,
            "roe_4q": 17.61,
            "gross_profit": 18543,
            "gross_margin": 17.63,
            "gross_margin_4q_avg": 22.09,
            "net_income": -10319,
            "revenue": 105189,
            "common_shares": 980381,
            "book_valuer_per_share": 12.66,
            "book_valuer_per_share_4q_avg": 12.56,
            "equity": 1241047,
            "current_ratio": 491.33,
            "debt_ratio": 13.09,
            "inventory_turnover_ratio": 0.16,
            "account_receivable_turnover_ratio": null,
            "reinvestment_rate": null,
            "research_to_sale_ratio": null,
            "price_fair": 83.3,
            "eps_avg_yearly": 2.38,
            "eps_latest_yearly": 3.08,
            "eps_growth_yearly": 43.03
        },
        "20024": {
            "year_quarter": 20024,
            "year": 2002,
            "quarter": 4,
            "eps": -0.12,
            "eps_growth_year": -110.91,
            "eps_4q": 0.99,
            "eps_4q_growth_year": 73.48,
            "roe": -0.9,
            "roe_4q": 7.39,
            "gross_profit": 5861,
            "gross_margin": 21.9,
            "gross_margin_4q_avg": 22.11,
            "net_income": -11130,
            "revenue": 26760,
            "common_shares": 980381,
            "book_valuer_per_share": 12.54,
            "book_valuer_per_share_4q_avg": 12.65,
            "equity": 1230199,
            "current_ratio": 290.2,
            "debt_ratio": 24.83,
            "inventory_turnover_ratio": 0.03,
            "account_receivable_turnover_ratio": null,
            "reinvestment_rate": 8.95,
            "research_to_sale_ratio": null,
            "price_fair": 83.3,
            "eps_avg_yearly": 2.38,
            "eps_latest_yearly": 3.08,
            "eps_growth_yearly": 43.03
        },
        "20031": {
            "year_quarter": 20031,
            "year": 2003,
            "quarter": 1,
            "eps": -0.13,
            "eps_growth_year": -130.95,
            "eps_4q": 0.4,
            "eps_4q_growth_year": -62.65,
            "roe": -1.03,
            "roe_4q": 2.9899999999999998,
            "gross_profit": 467,
            "gross_margin": 2.54,
            "gross_margin_4q_avg": 16.61,
            "net_income": -12548,
            "revenue": 18381,
            "common_shares": 980381,
            "book_valuer_per_share": 12.42,
            "book_valuer_per_share_4q_avg": 12.6,
            "equity": 1217368,
            "current_ratio": 209.75,
            "debt_ratio": 33.17,
            "inventory_turnover_ratio": 0.02,
            "account_receivable_turnover_ratio": null,
            "reinvestment_rate": 8.24,
            "research_to_sale_ratio": null,
            "price_fair": 83.3,
            "eps_avg_yearly": 2.38,
            "eps_latest_yearly": 3.08,
            "eps_growth_yearly": 43.03
        },
        "20032": {
            "year_quarter": 20032,
            "year": 2003,
            "quarter": 2,
            "eps": 0.28,
            "eps_growth_year": -63.64,
            "eps_4q": -0.08,
            "eps_4q_growth_year": -103.87,
            "roe": 2.19,
            "roe_4q": -0.5700000000000001,
            "gross_profit": 36743,
            "gross_margin": 34.23,
            "gross_margin_4q_avg": 19.08,
            "net_income": 26259,
            "revenue": 107331,
            "common_shares": 980381,
            "book_valuer_per_share": 12.09,
            "book_valuer_per_share_4q_avg": 12.43,
            "equity": 1185097,
            "current_ratio": 170.98,
            "debt_ratio": 41.06,
            "inventory_turnover_ratio": 0.07,
            "account_receivable_turnover_ratio": null,
            "reinvestment_rate": 17.06,
            "research_to_sale_ratio": null,
            "price_fair": 83.3,
            "eps_avg_yearly": 2.38,
            "eps_latest_yearly": 3.08,
            "eps_growth_yearly": 43.03
        },
        "20033": {
            "year_quarter": 20033,
            "year": 2003,
            "quarter": 3,
            "eps": 0.71,
            "eps_growth_year": null,
            "eps_4q": 0.74,
            "eps_4q_growth_year": -66.51,
            "roe": 5.54,
            "roe_4q": 5.8,
            "gross_profit": 114771,
            "gross_margin": 23.6,
            "gross_margin_4q_avg": 20.57,
            "net_income": 66793,
            "revenue": 486252,
            "common_shares": 980381,
            "book_valuer_per_share": 12.51,
            "book_valuer_per_share_4q_avg": 12.39,
            "equity": 1225992,
            "current_ratio": 229.82,
            "debt_ratio": 30.06,
            "inventory_turnover_ratio": 0.4,
            "account_receivable_turnover_ratio": null,
            "reinvestment_rate": 17.74,
            "research_to_sale_ratio": null,
            "price_fair": 88.67,
            "eps_avg_yearly": 2.53,
            "eps_latest_yearly": 2.84,
            "eps_growth_yearly": 233.45
        },
        "20034": {
            "year_quarter": 20034,
            "year": 2003,
            "quarter": 4,
            "eps": 0.38,
            "eps_growth_year": null,
            "eps_4q": 1.24,
            "eps_4q_growth_year": 24.66,
            "roe": 2.85,
            "roe_4q": 9.55,
            "gross_profit": 105918,
            "gross_margin": 22.55,
            "gross_margin_4q_avg": 20.73,
            "net_income": 35717,
            "revenue": 469735,
            "common_shares": 980381,
            "book_valuer_per_share": 13.1,
            "book_valuer_per_share_4q_avg": 12.53,
            "equity": 1284435,
            "current_ratio": 229.04,
            "debt_ratio": 32.78,
            "inventory_turnover_ratio": 0.43,
            "account_receivable_turnover_ratio": null,
            "reinvestment_rate": 20.87,
            "research_to_sale_ratio": null,
            "price_fair": 79.8,
            "eps_avg_yearly": 2.28,
            "eps_latest_yearly": 1.52,
            "eps_growth_yearly": 128.61
        },
        "20041": {
            "year_quarter": 20041,
            "year": 2004,
            "quarter": 1,
            "eps": 0.09,
            "eps_growth_year": null,
            "eps_4q": 1.45,
            "eps_4q_growth_year": 260.5,
            "roe": 0.66,
            "roe_4q": 11.24,
            "gross_profit": 32580,
            "gross_margin": 21.19,
            "gross_margin_4q_avg": 25.39,
            "net_income": 8547,
            "revenue": 153775,
            "common_shares": 980381,
            "book_valuer_per_share": 13.22,
            "book_valuer_per_share_4q_avg": 12.73,
            "equity": 1295896,
            "current_ratio": 163.75,
            "debt_ratio": 46.65,
            "inventory_turnover_ratio": 0.1,
            "account_receivable_turnover_ratio": null,
            "reinvestment_rate": 18.51,
            "research_to_sale_ratio": null,
            "price_fair": 66.36,
            "eps_avg_yearly": 1.9,
            "eps_latest_yearly": 0.36,
            "eps_growth_yearly": 41.83
        },
        "20042": {
            "year_quarter": 20042,
            "year": 2004,
            "quarter": 2,
            "eps": 0.26,
            "eps_growth_year": -7.14,
            "eps_4q": 1.47,
            "eps_4q_growth_year": null,
            "roe": 1.84,
            "roe_4q": 10.89,
            "gross_profit": 43478,
            "gross_margin": 24.24,
            "gross_margin_4q_avg": 22.9,
            "net_income": 23899,
            "revenue": 179348,
            "common_shares": 980381,
            "book_valuer_per_share": 13.22,
            "book_valuer_per_share_4q_avg": 13.01,
            "equity": 1296196,
            "current_ratio": 160.79,
            "debt_ratio": 49.1,
            "inventory_turnover_ratio": 0.08,
            "account_receivable_turnover_ratio": null,
            "reinvestment_rate": 13.53,
            "research_to_sale_ratio": null,
            "price_fair": 61.37,
            "eps_avg_yearly": 1.75,
            "eps_latest_yearly": 1.04,
            "eps_growth_yearly": 160.79
        },
        "20043": {
            "year_quarter": 20043,
            "year": 2004,
            "quarter": 3,
            "eps": 0.49,
            "eps_growth_year": -30.99,
            "eps_4q": 1.16,
            "eps_4q_growth_year": 57.24,
            "roe": 3.78,
            "roe_4q": 9.13,
            "gross_profit": 85571,
            "gross_margin": 27.98,
            "gross_margin_4q_avg": 23.99,
            "net_income": 49883,
            "revenue": 305848,
            "common_shares": 980381,
            "book_valuer_per_share": 13.73,
            "book_valuer_per_share_4q_avg": 13.32,
            "equity": 1346079,
            "current_ratio": 159.58,
            "debt_ratio": 51.47,
            "inventory_turnover_ratio": 0.12,
            "account_receivable_turnover_ratio": null,
            "reinvestment_rate": 3.73,
            "research_to_sale_ratio": null,
            "price_fair": 62.4,
            "eps_avg_yearly": 1.78,
            "eps_latest_yearly": 1.96,
            "eps_growth_yearly": 188.37
        },
        "20044": {
            "year_quarter": 20044,
            "year": 2004,
            "quarter": 4,
            "eps": 3.62,
            "eps_growth_year": 852.63,
            "eps_4q": 4.42,
            "eps_4q_growth_year": 257.53,
            "roe": 24.31,
            "roe_4q": 30.59,
            "gross_profit": 469420,
            "gross_margin": 33.8,
            "gross_margin_4q_avg": 26.8,
            "net_income": 372127,
            "revenue": 1388930,
            "common_shares": 1078419,
            "book_valuer_per_share": 15.9,
            "book_valuer_per_share_4q_avg": 14.02,
            "equity": 1715071,
            "current_ratio": 236.43,
            "debt_ratio": 35.97,
            "inventory_turnover_ratio": 0.48,
            "account_receivable_turnover_ratio": null,
            "reinvestment_rate": 1.47,
            "research_to_sale_ratio": null,
            "price_fair": 117.95,
            "eps_avg_yearly": 3.37,
            "eps_latest_yearly": 14.48,
            "eps_growth_yearly": 484.21
        },
        "20051": {
            "year_quarter": 20051,
            "year": 2005,
            "quarter": 1,
            "eps": 0.33,
            "eps_growth_year": 266.67,
            "eps_4q": 4.63,
            "eps_4q_growth_year": 220.19,
            "roe": 1.98,
            "roe_4q": 31.91,
            "gross_profit": 65513,
            "gross_margin": 28.74,
            "gross_margin_4q_avg": 28.69,
            "net_income": 34223,
            "revenue": 227939,
            "common_shares": 1078419,
            "book_valuer_per_share": 16.23,
            "book_valuer_per_share_4q_avg": 14.77,
            "equity": 1750450,
            "current_ratio": 252.53,
            "debt_ratio": 32.32,
            "inventory_turnover_ratio": 0.09,
            "account_receivable_turnover_ratio": null,
            "reinvestment_rate": 2.12,
            "research_to_sale_ratio": null,
            "price_fair": 109.98,
            "eps_avg_yearly": 3.14,
            "eps_latest_yearly": 1.32,
            "eps_growth_yearly": 390.02
        },
        "20052": {
            "year_quarter": 20052,
            "year": 2005,
            "quarter": 2,
            "eps": 0.08,
            "eps_growth_year": -69.23,
            "eps_4q": 4.32,
            "eps_4q_growth_year": 194.44,
            "roe": 0.52,
            "roe_4q": 30.59,
            "gross_profit": 16680,
            "gross_margin": 33.24,
            "gross_margin_4q_avg": 30.94,
            "net_income": 8602,
            "revenue": 50178,
            "common_shares": 1078419,
            "book_valuer_per_share": 14.25,
            "book_valuer_per_share_4q_avg": 15.03,
            "equity": 1537213,
            "current_ratio": 185.31,
            "debt_ratio": 45.83,
            "inventory_turnover_ratio": 0.02,
            "account_receivable_turnover_ratio": null,
            "reinvestment_rate": 2.03,
            "research_to_sale_ratio": null,
            "price_fair": 100.1,
            "eps_avg_yearly": 2.86,
            "eps_latest_yearly": 0.32,
            "eps_growth_yearly": 320.71
        },
        "20053": {
            "year_quarter": 20053,
            "year": 2005,
            "quarter": 3,
            "eps": -0.06,
            "eps_growth_year": -112.24,
            "eps_4q": 3.15,
            "eps_4q_growth_year": 171.74,
            "roe": -0.47,
            "roe_4q": 26.34,
            "gross_profit": 11846,
            "gross_margin": 32.99,
            "gross_margin_4q_avg": 32.19,
            "net_income": -7182,
            "revenue": 35912,
            "common_shares": 1294103,
            "book_valuer_per_share": 11.82,
            "book_valuer_per_share_4q_avg": 14.55,
            "equity": 1530031,
            "current_ratio": 157.43,
            "debt_ratio": 55.66,
            "inventory_turnover_ratio": 0.01,
            "account_receivable_turnover_ratio": null,
            "reinvestment_rate": -0.45,
            "research_to_sale_ratio": null,
            "price_fair": 100.1,
            "eps_avg_yearly": 2.86,
            "eps_latest_yearly": 0.32,
            "eps_growth_yearly": 320.71
        },
        "20054": {
            "year_quarter": 20054,
            "year": 2005,
            "quarter": 4,
            "eps": 3.35,
            "eps_growth_year": -7.46,
            "eps_4q": 3.64,
            "eps_4q_growth_year": -17.69,
            "roe": 23.86,
            "roe_4q": 25.89,
            "gross_profit": 533026,
            "gross_margin": 32.88,
            "gross_margin_4q_avg": 31.96,
            "net_income": 413450,
            "revenue": 1621150,
            "common_shares": 1294103,
            "book_valuer_per_share": 14.96,
            "book_valuer_per_share_4q_avg": 14.32,
            "equity": 1936076,
            "current_ratio": 244.99,
            "debt_ratio": 36.45,
            "inventory_turnover_ratio": 0.43,
            "account_receivable_turnover_ratio": null,
            "reinvestment_rate": -2.44,
            "research_to_sale_ratio": null,
            "price_fair": 100.1,
            "eps_avg_yearly": 2.86,
            "eps_latest_yearly": 0.32,
            "eps_growth_yearly": 320.71
        },
        "20061": {
            "year_quarter": 20061,
            "year": 2006,
            "quarter": 1,
            "eps": 0.31,
            "eps_growth_year": -6.06,
            "eps_4q": 3.62,
            "eps_4q_growth_year": -21.81,
            "roe": 1.98,
            "roe_4q": 25.89,
            "gross_profit": 72224,
            "gross_margin": 26.65,
            "gross_margin_4q_avg": 31.44,
            "net_income": 38853,
            "revenue": 270971,
            "common_shares": 1294103,
            "book_valuer_per_share": 15.31,
            "book_valuer_per_share_4q_avg": 14.09,
            "equity": 1981178,
            "current_ratio": 187.96,
            "debt_ratio": 44.85,
            "inventory_turnover_ratio": 0.08,
            "account_receivable_turnover_ratio": null,
            "reinvestment_rate": -1.56,
            "research_to_sale_ratio": null,
            "price_fair": 98.56,
            "eps_avg_yearly": 2.82,
            "eps_latest_yearly": 1.24,
            "eps_growth_yearly": 309.14
        },
        "20062": {
            "year_quarter": 20062,
            "year": 2006,
            "quarter": 2,
            "eps": 0.51,
            "eps_growth_year": 537.5,
            "eps_4q": 4.12,
            "eps_4q_growth_year": -4.73,
            "roe": 3.29,
            "roe_4q": 28.66,
            "gross_profit": 134601,
            "gross_margin": 25.27,
            "gross_margin_4q_avg": 29.45,
            "net_income": 62907,
            "revenue": 532674,
            "common_shares": 1294103,
            "book_valuer_per_share": 14.26,
            "book_valuer_per_share_4q_avg": 14.09,
            "equity": 1845507,
            "current_ratio": 130.14,
            "debt_ratio": 52.51,
            "inventory_turnover_ratio": 0.16,
            "account_receivable_turnover_ratio": null,
            "reinvestment_rate": 57.46,
            "research_to_sale_ratio": null,
            "price_fair": 94.92,
            "eps_avg_yearly": 2.71,
            "eps_latest_yearly": 2.04,
            "eps_growth_yearly": 301.61
        },
        "20063": {
            "year_quarter": 20063,
            "year": 2006,
            "quarter": 3,
            "eps": 0.5,
            "eps_growth_year": null,
            "eps_4q": 4.32,
            "eps_4q_growth_year": 37.04,
            "roe": 3.59,
            "roe_4q": 32.72,
            "gross_profit": 98490,
            "gross_margin": 32.94,
            "gross_margin_4q_avg": 29.44,
            "net_income": 67471,
            "revenue": 298980,
            "common_shares": 1423513,
            "book_valuer_per_share": 13.44,
            "book_valuer_per_share_4q_avg": 14.49,
            "equity": 1912978,
            "current_ratio": 121.02,
            "debt_ratio": 63.38,
            "inventory_turnover_ratio": 0.07,
            "account_receivable_turnover_ratio": null,
            "reinvestment_rate": 53.49,
            "research_to_sale_ratio": null,
            "price_fair": 92.65,
            "eps_avg_yearly": 2.65,
            "eps_latest_yearly": 2,
            "eps_growth_yearly": 273.48
        },
        "20064": {
            "year_quarter": 20064,
            "year": 2006,
            "quarter": 4,
            "eps": 2.17,
            "eps_growth_year": -35.22,
            "eps_4q": 3.41,
            "eps_4q_growth_year": -6.23,
            "roe": 14.31,
            "roe_4q": 23.169999999999998,
            "gross_profit": 362648,
            "gross_margin": 29.25,
            "gross_margin_4q_avg": 28.53,
            "net_income": 295640,
            "revenue": 1239630,
            "common_shares": 1423513,
            "book_valuer_per_share": 15.59,
            "book_valuer_per_share_4q_avg": 14.65,
            "equity": 2220031,
            "current_ratio": 169.76,
            "debt_ratio": 51.78,
            "inventory_turnover_ratio": 0.24,
            "account_receivable_turnover_ratio": null,
            "reinvestment_rate": 2.75,
            "research_to_sale_ratio": null,
            "price_fair": 110.25,
            "eps_avg_yearly": 3.15,
            "eps_latest_yearly": 8.68,
            "eps_growth_yearly": 362.02
        },
        "20071": {
            "year_quarter": 20071,
            "year": 2007,
            "quarter": 1,
            "eps": 0.62,
            "eps_growth_year": 100,
            "eps_4q": 3.76,
            "eps_4q_growth_year": 3.74,
            "roe": 3.72,
            "roe_4q": 24.91,
            "gross_profit": 148623,
            "gross_margin": 30.49,
            "gross_margin_4q_avg": 29.49,
            "net_income": 84235,
            "revenue": 487482,
            "common_shares": 1423513,
            "book_valuer_per_share": 16.18,
            "book_valuer_per_share_4q_avg": 14.87,
            "equity": 2303855,
            "current_ratio": 170.86,
            "debt_ratio": 49.6,
            "inventory_turnover_ratio": 0.09,
            "account_receivable_turnover_ratio": null,
            "reinvestment_rate": 6.22,
            "research_to_sale_ratio": null,
            "price_fair": 108.45,
            "eps_avg_yearly": 3.1,
            "eps_latest_yearly": 2.48,
            "eps_growth_yearly": 312.2
        },
        "20072": {
            "year_quarter": 20072,
            "year": 2007,
            "quarter": 2,
            "eps": 0.17,
            "eps_growth_year": -66.67,
            "eps_4q": 3.39,
            "eps_4q_growth_year": -17.76,
            "roe": 1.07,
            "roe_4q": 22.69,
            "gross_profit": 77630,
            "gross_margin": 29.62,
            "gross_margin_4q_avg": 30.58,
            "net_income": 23639,
            "revenue": 262078,
            "common_shares": 1423513,
            "book_valuer_per_share": 14.81,
            "book_valuer_per_share_4q_avg": 15.01,
            "equity": 2108683,
            "current_ratio": 152.92,
            "debt_ratio": 56.74,
            "inventory_turnover_ratio": 0.05,
            "account_receivable_turnover_ratio": null,
            "reinvestment_rate": 0.35,
            "research_to_sale_ratio": null,
            "price_fair": 102.4,
            "eps_avg_yearly": 2.93,
            "eps_latest_yearly": 0.68,
            "eps_growth_yearly": 269.16
        },
        "20073": {
            "year_quarter": 20073,
            "year": 2007,
            "quarter": 3,
            "eps": 0.15,
            "eps_growth_year": -70,
            "eps_4q": 3.13,
            "eps_4q_growth_year": -27.58,
            "roe": 0.96,
            "roe_4q": 20.060000000000002,
            "gross_profit": 56433,
            "gross_margin": 38.56,
            "gross_margin_4q_avg": 31.98,
            "net_income": 20332,
            "revenue": 146348,
            "common_shares": 1423513,
            "book_valuer_per_share": 15.03,
            "book_valuer_per_share_4q_avg": 15.4,
            "equity": 2139341,
            "current_ratio": 123.39,
            "debt_ratio": 60.32,
            "inventory_turnover_ratio": 0.02,
            "account_receivable_turnover_ratio": null,
            "reinvestment_rate": 48.07,
            "research_to_sale_ratio": null,
            "price_fair": 96.8,
            "eps_avg_yearly": 2.77,
            "eps_latest_yearly": 0.6,
            "eps_growth_yearly": 221.92
        },
        "20074": {
            "year_quarter": 20074,
            "year": 2007,
            "quarter": 4,
            "eps": 2.25,
            "eps_growth_year": 3.69,
            "eps_4q": 3.1,
            "eps_4q_growth_year": -9.05,
            "roe": 14.65,
            "roe_4q": 20.4,
            "gross_profit": 432137,
            "gross_margin": 36.41,
            "gross_margin_4q_avg": 33.77,
            "net_income": 338085,
            "revenue": 1186999,
            "common_shares": 1565864,
            "book_valuer_per_share": 15.81,
            "book_valuer_per_share_4q_avg": 15.46,
            "equity": 2476107,
            "current_ratio": 153.74,
            "debt_ratio": 47.59,
            "inventory_turnover_ratio": 0.22,
            "account_receivable_turnover_ratio": null,
            "reinvestment_rate": 39.12,
            "research_to_sale_ratio": null,
            "price_fair": 115.5,
            "eps_avg_yearly": 3.3,
            "eps_latest_yearly": 9,
            "eps_growth_yearly": 635.2
        },
        "20081": {
            "year_quarter": 20081,
            "year": 2008,
            "quarter": 1,
            "eps": 0.7,
            "eps_growth_year": 12.9,
            "eps_4q": 3.23,
            "eps_4q_growth_year": -13.98,
            "roe": 4.17,
            "roe_4q": 20.85,
            "gross_profit": 144785,
            "gross_margin": 35.99,
            "gross_margin_4q_avg": 35.15,
            "net_income": 105677,
            "revenue": 402327,
            "common_shares": 1565864,
            "book_valuer_per_share": 16.53,
            "book_valuer_per_share_4q_avg": 15.55,
            "equity": 2588582,
            "current_ratio": 184.88,
            "debt_ratio": 48.29,
            "inventory_turnover_ratio": 0.07,
            "account_receivable_turnover_ratio": null,
            "reinvestment_rate": 1.04,
            "research_to_sale_ratio": null,
            "price_fair": 121.6,
            "eps_avg_yearly": 3.47,
            "eps_latest_yearly": 2.8,
            "eps_growth_yearly": 637.32
        },
        "20082": {
            "year_quarter": 20082,
            "year": 2008,
            "quarter": 2,
            "eps": 0.91,
            "eps_growth_year": 435.29,
            "eps_4q": 3.99,
            "eps_4q_growth_year": 17.7,
            "roe": 5.17,
            "roe_4q": 24.950000000000003,
            "gross_profit": 141530,
            "gross_margin": 20.79,
            "gross_margin_4q_avg": 32.94,
            "net_income": 137207,
            "revenue": 680828,
            "common_shares": 1565864,
            "book_valuer_per_share": 17.38,
            "book_valuer_per_share_4q_avg": 16.19,
            "equity": 2722676,
            "current_ratio": 191.98,
            "debt_ratio": 47.32,
            "inventory_turnover_ratio": 0.14,
            "account_receivable_turnover_ratio": null,
            "reinvestment_rate": 2.46,
            "research_to_sale_ratio": null,
            "price_fair": 128.1,
            "eps_avg_yearly": 3.66,
            "eps_latest_yearly": 3.64,
            "eps_growth_yearly": 591.93
        },
        "20083": {
            "year_quarter": 20083,
            "year": 2008,
            "quarter": 3,
            "eps": 0.18,
            "eps_growth_year": 20,
            "eps_4q": 3.4,
            "eps_4q_growth_year": 8.73,
            "roe": 1.19,
            "roe_4q": 25.18,
            "gross_profit": 57609,
            "gross_margin": 26.17,
            "gross_margin_4q_avg": 29.84,
            "net_income": 32466,
            "revenue": 220158,
            "common_shares": 1910354,
            "book_valuer_per_share": 14.42,
            "book_valuer_per_share_4q_avg": 16.04,
            "equity": 2755141,
            "current_ratio": 145.94,
            "debt_ratio": 52.93,
            "inventory_turnover_ratio": 0.04,
            "account_receivable_turnover_ratio": null,
            "reinvestment_rate": 45.42,
            "research_to_sale_ratio": null,
            "price_fair": 125,
            "eps_avg_yearly": 3.57,
            "eps_latest_yearly": 0.72,
            "eps_growth_yearly": 543.73
        },
        "20084": {
            "year_quarter": 20084,
            "year": 2008,
            "quarter": 4,
            "eps": 0.27,
            "eps_growth_year": -88,
            "eps_4q": 1.77,
            "eps_4q_growth_year": -43.11,
            "roe": 1.79,
            "roe_4q": 12.32,
            "gross_profit": 166400,
            "gross_margin": 23.29,
            "gross_margin_4q_avg": 26.56,
            "net_income": 49679,
            "revenue": 714566,
            "common_shares": 1910354,
            "book_valuer_per_share": 14.66,
            "book_valuer_per_share_4q_avg": 15.75,
            "equity": 2800901,
            "current_ratio": 145.77,
            "debt_ratio": 53.54,
            "inventory_turnover_ratio": 0.13,
            "account_receivable_turnover_ratio": 69.65,
            "reinvestment_rate": 53.08,
            "research_to_sale_ratio": null,
            "price_fair": 91.5,
            "eps_avg_yearly": 2.61,
            "eps_latest_yearly": 1.08,
            "eps_growth_yearly": 375.51
        },
        "20091": {
            "year_quarter": 20091,
            "year": 2009,
            "quarter": 1,
            "eps": 0.3,
            "eps_growth_year": -57.14,
            "eps_4q": 1.47,
            "eps_4q_growth_year": -54.54,
            "roe": 1.99,
            "roe_4q": 10.14,
            "gross_profit": 102070,
            "gross_margin": 46.26,
            "gross_margin_4q_avg": 29.13,
            "net_income": 56263,
            "revenue": 220621,
            "common_shares": 1910354,
            "book_valuer_per_share": 14.95,
            "book_valuer_per_share_4q_avg": 15.35,
            "equity": 2857164,
            "current_ratio": 136.69,
            "debt_ratio": 59.74,
            "inventory_turnover_ratio": 0.02,
            "account_receivable_turnover_ratio": 8.66,
            "reinvestment_rate": 53.22,
            "research_to_sale_ratio": null,
            "price_fair": 91.2,
            "eps_avg_yearly": 2.61,
            "eps_latest_yearly": 1.2,
            "eps_growth_yearly": 404.65
        },
        "20092": {
            "year_quarter": 20092,
            "year": 2009,
            "quarter": 2,
            "eps": 0.1,
            "eps_growth_year": -89.01,
            "eps_4q": 0.85,
            "eps_4q_growth_year": -78.74,
            "roe": 0.65,
            "roe_4q": 5.619999999999999,
            "gross_profit": 43878,
            "gross_margin": 26.06,
            "gross_margin_4q_avg": 30.45,
            "net_income": 18515,
            "revenue": 168390,
            "common_shares": 1910354,
            "book_valuer_per_share": 14.76,
            "book_valuer_per_share_4q_avg": 14.7,
            "equity": 2820267,
            "current_ratio": 162.99,
            "debt_ratio": 61.05,
            "inventory_turnover_ratio": 0.02,
            "account_receivable_turnover_ratio": 6.83,
            "reinvestment_rate": -14.19,
            "research_to_sale_ratio": null,
            "price_fair": 91.4,
            "eps_avg_yearly": 2.61,
            "eps_latest_yearly": 0.4,
            "eps_growth_yearly": 407.25
        },
        "20093": {
            "year_quarter": 20093,
            "year": 2009,
            "quarter": 3,
            "eps": 0.18,
            "eps_growth_year": 0,
            "eps_4q": 0.8,
            "eps_4q_growth_year": -76.34,
            "roe": 1.26,
            "roe_4q": 5.69,
            "gross_profit": 54392,
            "gross_margin": 27.32,
            "gross_margin_4q_avg": 30.73,
            "net_income": 35865,
            "revenue": 199071,
            "common_shares": 2101390,
            "book_valuer_per_share": 13.6,
            "book_valuer_per_share_4q_avg": 14.49,
            "equity": 2858373,
            "current_ratio": 152.33,
            "debt_ratio": 63.74,
            "inventory_turnover_ratio": 0.02,
            "account_receivable_turnover_ratio": 6.53,
            "reinvestment_rate": -2.64,
            "research_to_sale_ratio": null,
            "price_fair": 86.99,
            "eps_avg_yearly": 2.49,
            "eps_latest_yearly": 0.72,
            "eps_growth_yearly": 401.43
        },
        "20094": {
            "year_quarter": 20094,
            "year": 2009,
            "quarter": 4,
            "eps": 0.77,
            "eps_growth_year": 185.19,
            "eps_4q": 1.32,
            "eps_4q_growth_year": -25.33,
            "roe": 5.35,
            "roe_4q": 9.25,
            "gross_profit": 247544,
            "gross_margin": 22.02,
            "gross_margin_4q_avg": 30.42,
            "net_income": 157017,
            "revenue": 1124180,
            "common_shares": 2101390,
            "book_valuer_per_share": 14.85,
            "book_valuer_per_share_4q_avg": 14.54,
            "equity": 3015017,
            "current_ratio": 163.59,
            "debt_ratio": 59.25,
            "inventory_turnover_ratio": 0.14,
            "account_receivable_turnover_ratio": 26.04,
            "reinvestment_rate": -1.33,
            "research_to_sale_ratio": null,
            "price_fair": 88.29,
            "eps_avg_yearly": 2.52,
            "eps_latest_yearly": 3.08,
            "eps_growth_yearly": 458.29
        },
        "20101": {
            "year_quarter": 20101,
            "year": 2010,
            "quarter": 1,
            "eps": 0.35,
            "eps_growth_year": 16.67,
            "eps_4q": 1.4,
            "eps_4q_growth_year": -4.98,
            "roe": 2.36,
            "roe_4q": 9.62,
            "gross_profit": 118484,
            "gross_margin": 21.5,
            "gross_margin_4q_avg": 24.23,
            "net_income": 71977,
            "revenue": 551175,
            "common_shares": 2101390,
            "book_valuer_per_share": 15.2,
            "book_valuer_per_share_4q_avg": 14.6,
            "equity": 3086989,
            "current_ratio": 160.58,
            "debt_ratio": 60.03,
            "inventory_turnover_ratio": 0.07,
            "account_receivable_turnover_ratio": 9.29,
            "reinvestment_rate": 2.98,
            "research_to_sale_ratio": null,
            "price_fair": 88.64,
            "eps_avg_yearly": 2.53,
            "eps_latest_yearly": 1.4,
            "eps_growth_yearly": 467.34
        },
        "20102": {
            "year_quarter": 20102,
            "year": 2010,
            "quarter": 2,
            "eps": 0.47,
            "eps_growth_year": 370.84,
            "eps_4q": 1.71,
            "eps_4q_growth_year": 101.83,
            "roe": 3.26,
            "roe_4q": 12.229999999999999,
            "gross_profit": 144922,
            "gross_margin": 24.76,
            "gross_margin_4q_avg": 23.9,
            "net_income": 100562,
            "revenue": 585263,
            "common_shares": 2101390,
            "book_valuer_per_share": 15.2,
            "book_valuer_per_share_4q_avg": 14.71,
            "equity": 3085983,
            "current_ratio": 157.86,
            "debt_ratio": 61.12,
            "inventory_turnover_ratio": 0.07,
            "account_receivable_turnover_ratio": 23.44,
            "reinvestment_rate": -39.89,
            "research_to_sale_ratio": null,
            "price_fair": 88.29,
            "eps_avg_yearly": 2.52,
            "eps_latest_yearly": 1.88,
            "eps_growth_yearly": 459.78
        },
        "20103": {
            "year_quarter": 20103,
            "year": 2010,
            "quarter": 3,
            "eps": 0.37,
            "eps_growth_year": 104.13,
            "eps_4q": 1.91,
            "eps_4q_growth_year": 137.77,
            "roe": 2.51,
            "roe_4q": 13.479999999999999,
            "gross_profit": 118740,
            "gross_margin": 24.39,
            "gross_margin_4q_avg": 23.17,
            "net_income": 78476,
            "revenue": 486808,
            "common_shares": 2206459,
            "book_valuer_per_share": 14.84,
            "book_valuer_per_share_4q_avg": 15.02,
            "equity": 3164459,
            "current_ratio": 154.23,
            "debt_ratio": 62.66,
            "inventory_turnover_ratio": 0.06,
            "account_receivable_turnover_ratio": 31.3,
            "reinvestment_rate": -39.61,
            "research_to_sale_ratio": null,
            "price_fair": 87.15,
            "eps_avg_yearly": 2.49,
            "eps_latest_yearly": 1.48,
            "eps_growth_yearly": 454.95
        },
        "20104": {
            "year_quarter": 20104,
            "year": 2010,
            "quarter": 4,
            "eps": 0.49,
            "eps_growth_year": -36.77,
            "eps_4q": 1.66,
            "eps_4q_growth_year": 26.19,
            "roe": 3.23,
            "roe_4q": 11.36,
            "gross_profit": 174693,
            "gross_margin": 21.76,
            "gross_margin_4q_avg": 23.1,
            "net_income": 103771,
            "revenue": 802672,
            "common_shares": 2206459,
            "book_valuer_per_share": 15.32,
            "book_valuer_per_share_4q_avg": 15.14,
            "equity": 3268870,
            "current_ratio": 147.02,
            "debt_ratio": 63.59,
            "inventory_turnover_ratio": 0.09,
            "account_receivable_turnover_ratio": 41.06,
            "reinvestment_rate": 16.26,
            "research_to_sale_ratio": null,
            "price_fair": 72.45,
            "eps_avg_yearly": 2.07,
            "eps_latest_yearly": 1.96,
            "eps_growth_yearly": 379.56
        },
        "20111": {
            "year_quarter": 20111,
            "year": 2011,
            "quarter": 1,
            "eps": 0.2,
            "eps_growth_year": -42.86,
            "eps_4q": 1.53,
            "eps_4q_growth_year": 9.6,
            "roe": 1.32,
            "roe_4q": 10.32,
            "gross_profit": 90399,
            "gross_margin": 27.44,
            "gross_margin_4q_avg": 24.59,
            "net_income": 43364,
            "revenue": 329425,
            "common_shares": 2206459,
            "book_valuer_per_share": 15.53,
            "book_valuer_per_share_4q_avg": 15.22,
            "equity": 3312235,
            "current_ratio": 136.76,
            "debt_ratio": 59.79,
            "inventory_turnover_ratio": 0.04,
            "account_receivable_turnover_ratio": 15.98,
            "reinvestment_rate": 80.86,
            "research_to_sale_ratio": null,
            "price_fair": 68.78,
            "eps_avg_yearly": 1.97,
            "eps_latest_yearly": 0.8,
            "eps_growth_yearly": 382.62
        },
        "20112": {
            "year_quarter": 20112,
            "year": 2011,
            "quarter": 2,
            "eps": -0.06,
            "eps_growth_year": -113.47,
            "eps_4q": 0.93,
            "eps_4q_growth_year": -45.49,
            "roe": -0.44,
            "roe_4q": 6.62,
            "gross_profit": 28166,
            "gross_margin": 20.83,
            "gross_margin_4q_avg": 23.61,
            "net_income": -14356,
            "revenue": 135234,
            "common_shares": 2206459,
            "book_valuer_per_share": 14.86,
            "book_valuer_per_share_4q_avg": 15.14,
            "equity": 3168718,
            "current_ratio": 132.01,
            "debt_ratio": 62.08,
            "inventory_turnover_ratio": 0.02,
            "account_receivable_turnover_ratio": 5.43,
            "reinvestment_rate": 87.87,
            "research_to_sale_ratio": null,
            "price_fair": 71.77,
            "eps_avg_yearly": 2.05,
            "eps_latest_yearly": 0.8,
            "eps_growth_yearly": 427.48
        },
        "20113": {
            "year_quarter": 20113,
            "year": 2011,
            "quarter": 3,
            "eps": 0.28,
            "eps_growth_year": -23.47,
            "eps_4q": 0.87,
            "eps_4q_growth_year": -54.58,
            "roe": 1.99,
            "roe_4q": 6.1,
            "gross_profit": 108507,
            "gross_margin": 19.05,
            "gross_margin_4q_avg": 22.27,
            "net_income": 63685,
            "revenue": 569720,
            "common_shares": 2338847,
            "book_valuer_per_share": 14.3,
            "book_valuer_per_share_4q_avg": 15,
            "equity": 3231601,
            "current_ratio": 149.79,
            "debt_ratio": 61.77,
            "inventory_turnover_ratio": 0.08,
            "account_receivable_turnover_ratio": 19.75,
            "reinvestment_rate": 33.92,
            "research_to_sale_ratio": null,
            "price_fair": 75.4,
            "eps_avg_yearly": 2.15,
            "eps_latest_yearly": 0.8,
            "eps_growth_yearly": 461.38
        },
        "20114": {
            "year_quarter": 20114,
            "year": 2011,
            "quarter": 4,
            "eps": -0.03,
            "eps_growth_year": -106.41,
            "eps_4q": 0.38,
            "eps_4q_growth_year": -77.25,
            "roe": -0.22,
            "roe_4q": 2.6500000000000004,
            "gross_profit": 46875,
            "gross_margin": 18.98,
            "gross_margin_4q_avg": 21.58,
            "net_income": -7050,
            "revenue": 246966,
            "common_shares": 2338847,
            "book_valuer_per_share": 14.26,
            "book_valuer_per_share_4q_avg": 14.74,
            "equity": 3223537,
            "current_ratio": 160.59,
            "debt_ratio": 61.75,
            "inventory_turnover_ratio": 0.03,
            "account_receivable_turnover_ratio": 12.76,
            "reinvestment_rate": 3.44,
            "research_to_sale_ratio": null,
            "price_fair": 56.97,
            "eps_avg_yearly": 1.63,
            "eps_latest_yearly": 0.8,
            "eps_growth_yearly": 66.1
        },
        "20121": {
            "year_quarter": 20121,
            "year": 2012,
            "quarter": 1,
            "eps": -0.19,
            "eps_growth_year": -195,
            "eps_4q": -0.01,
            "eps_4q_growth_year": -100.48,
            "roe": -1.37,
            "roe_4q": -0.04000000000000009,
            "gross_profit": -14986,
            "gross_margin": -68.83,
            "gross_margin_4q_avg": -2.49,
            "net_income": -43789,
            "revenue": 21771,
            "common_shares": 2338847,
            "book_valuer_per_share": 14.07,
            "book_valuer_per_share_4q_avg": 14.37,
            "equity": 3179747,
            "current_ratio": 151.78,
            "debt_ratio": 64.75,
            "inventory_turnover_ratio": 0.01,
            "account_receivable_turnover_ratio": 1.61,
            "reinvestment_rate": 84.86,
            "research_to_sale_ratio": null,
            "price_fair": 53.55,
            "eps_avg_yearly": 1.53,
            "eps_latest_yearly": 0.8,
            "eps_growth_yearly": 94.57
        },
        "20122": {
            "year_quarter": 20122,
            "year": 2012,
            "quarter": 2,
            "eps": 0.58,
            "eps_growth_year": null,
            "eps_4q": 0.64,
            "eps_4q_growth_year": -31.47,
            "roe": 4.12,
            "roe_4q": 4.52,
            "gross_profit": 198748,
            "gross_margin": 25.51,
            "gross_margin_4q_avg": -1.32,
            "net_income": 131697,
            "revenue": 779043,
            "common_shares": 2338847,
            "book_valuer_per_share": 14.25,
            "book_valuer_per_share_4q_avg": 14.22,
            "equity": 3221072,
            "current_ratio": 152.72,
            "debt_ratio": 64.43,
            "inventory_turnover_ratio": 0.08,
            "account_receivable_turnover_ratio": 36.65,
            "reinvestment_rate": 84.5,
            "research_to_sale_ratio": null,
            "price_fair": 46.84,
            "eps_avg_yearly": 1.34,
            "eps_latest_yearly": 0.8,
            "eps_growth_yearly": 92.26
        },
        "20123": {
            "year_quarter": 20123,
            "year": 2012,
            "quarter": 3,
            "eps": 0.61,
            "eps_growth_year": 116.47,
            "eps_4q": 0.97,
            "eps_4q_growth_year": 11.24,
            "roe": 4.18,
            "roe_4q": 6.710000000000001,
            "gross_profit": 206820,
            "gross_margin": 30.42,
            "gross_margin_4q_avg": 1.52,
            "net_income": 137520,
            "revenue": 679777,
            "common_shares": 2338847,
            "book_valuer_per_share": 14.86,
            "book_valuer_per_share_4q_avg": 14.36,
            "equity": 3358593,
            "current_ratio": 155.59,
            "debt_ratio": 63.34,
            "inventory_turnover_ratio": 0.07,
            "account_receivable_turnover_ratio": 36.04,
            "reinvestment_rate": -10.5,
            "research_to_sale_ratio": null,
            "price_fair": 52.31,
            "eps_avg_yearly": 1.49,
            "eps_latest_yearly": 2.44,
            "eps_growth_yearly": 123.31
        },
        "20124": {
            "year_quarter": 20124,
            "year": 2012,
            "quarter": 4,
            "eps": 0.76,
            "eps_growth_year": null,
            "eps_4q": 1.76,
            "eps_4q_growth_year": 364.02,
            "roe": 4.97,
            "roe_4q": 11.899999999999999,
            "gross_profit": 316940,
            "gross_margin": 25.51,
            "gross_margin_4q_avg": 3.15,
            "net_income": 171316,
            "revenue": 1242454,
            "common_shares": 2338847,
            "book_valuer_per_share": 15.62,
            "book_valuer_per_share_4q_avg": 14.7,
            "equity": 3529811,
            "current_ratio": 181.14,
            "debt_ratio": 58.66,
            "inventory_turnover_ratio": 0.14,
            "account_receivable_turnover_ratio": 64.27,
            "reinvestment_rate": -10.19,
            "research_to_sale_ratio": null,
            "price_fair": 58.55,
            "eps_avg_yearly": 1.67,
            "eps_latest_yearly": 3.04,
            "eps_growth_yearly": 114.07
        },
        "20131": {
            "year_quarter": 20131,
            "year": 2013,
            "quarter": 1,
            "eps": -0.15,
            "eps_growth_year": null,
            "eps_4q": 1.8,
            "eps_4q_growth_year": null,
            "roe": -0.97,
            "roe_4q": 12.3,
            "gross_profit": 18725,
            "gross_margin": 15.16,
            "gross_margin_4q_avg": 24.15,
            "net_income": -33156,
            "revenue": 123537,
            "common_shares": 2338847,
            "book_valuer_per_share": 14.48,
            "book_valuer_per_share_4q_avg": 14.8,
            "equity": 3272648,
            "current_ratio": 136.73,
            "debt_ratio": 61.64,
            "inventory_turnover_ratio": 0.02,
            "account_receivable_turnover_ratio": 3.07,
            "reinvestment_rate": -105.62,
            "research_to_sale_ratio": null,
            "price_fair": 60.2,
            "eps_avg_yearly": 1.72,
            "eps_latest_yearly": 3.04,
            "eps_growth_yearly": 121.03
        },
        "20132": {
            "year_quarter": 20132,
            "year": 2013,
            "quarter": 2,
            "eps": 2.36,
            "eps_growth_year": 304.86,
            "eps_4q": 3.5,
            "eps_4q_growth_year": 448.11,
            "roe": 15.43,
            "roe_4q": 23.61,
            "gross_profit": 612321,
            "gross_margin": 35.82,
            "gross_margin_4q_avg": 26.73,
            "net_income": 532138,
            "revenue": 1709198,
            "common_shares": 2338847,
            "book_valuer_per_share": 16.04,
            "book_valuer_per_share_4q_avg": 15.25,
            "equity": 3624189,
            "current_ratio": 153.17,
            "debt_ratio": 54.7,
            "inventory_turnover_ratio": 0.21,
            "account_receivable_turnover_ratio": 30.06,
            "reinvestment_rate": 6.1,
            "research_to_sale_ratio": null,
            "price_fair": 65.33,
            "eps_avg_yearly": 1.87,
            "eps_latest_yearly": 3.04,
            "eps_growth_yearly": 164.11
        },
        "20133": {
            "year_quarter": 20133,
            "year": 2013,
            "quarter": 3,
            "eps": -0.11,
            "eps_growth_year": -118.07,
            "eps_4q": 2.84,
            "eps_4q_growth_year": 194.07,
            "roe": -0.42,
            "roe_4q": 19.009999999999998,
            "gross_profit": 29867,
            "gross_margin": 22.17,
            "gross_margin_4q_avg": 24.67,
            "net_income": -15238,
            "revenue": 134693,
            "common_shares": 2385624,
            "book_valuer_per_share": 15.66,
            "book_valuer_per_share_4q_avg": 15.45,
            "equity": 3608951,
            "current_ratio": 133.12,
            "debt_ratio": 55.09,
            "inventory_turnover_ratio": 0.02,
            "account_receivable_turnover_ratio": 1.87,
            "reinvestment_rate": -6.96,
            "research_to_sale_ratio": null,
            "price_fair": 70.35,
            "eps_avg_yearly": 2.01,
            "eps_latest_yearly": 3.04,
            "eps_growth_yearly": 144.63
        },
        "20134": {
            "year_quarter": 20134,
            "year": 2013,
            "quarter": 4,
            "eps": 0.59,
            "eps_growth_year": -21.7,
            "eps_4q": 2.69,
            "eps_4q_growth_year": 53.34,
            "roe": 3.72,
            "roe_4q": 17.76,
            "gross_profit": 197768,
            "gross_margin": 20.27,
            "gross_margin_4q_avg": 23.36,
            "net_income": 136825,
            "revenue": 975545,
            "common_shares": 2385624,
            "book_valuer_per_share": 16.25,
            "book_valuer_per_share_4q_avg": 15.61,
            "equity": 3746182,
            "current_ratio": 139.34,
            "debt_ratio": 55.98,
            "inventory_turnover_ratio": 0.14,
            "account_receivable_turnover_ratio": 15.17,
            "reinvestment_rate": -10.03,
            "research_to_sale_ratio": null,
            "price_fair": 5.57,
            "eps_avg_yearly": 1.86,
            "eps_latest_yearly": 3.04,
            "eps_growth_yearly": -22.01
        },
        "20141": {
            "year_quarter": 20141,
            "year": 2014,
            "quarter": 1,
            "eps": 0.32,
            "eps_growth_year": null,
            "eps_4q": 3.16,
            "eps_4q_growth_year": 75.14,
            "roe": 1.96,
            "roe_4q": 20.689999999999998,
            "gross_profit": 159618,
            "gross_margin": 30.34,
            "gross_margin_4q_avg": 27.15,
            "net_income": 74057,
            "revenue": 526075,
            "common_shares": 2385624,
            "book_valuer_per_share": 16.57,
            "book_valuer_per_share_4q_avg": 16.13,
            "equity": 3820239,
            "current_ratio": 140.22,
            "debt_ratio": 56.02,
            "inventory_turnover_ratio": 0.06,
            "account_receivable_turnover_ratio": 10.18,
            "reinvestment_rate": -13.54,
            "research_to_sale_ratio": null,
            "price_fair": 5.52,
            "eps_avg_yearly": 1.84,
            "eps_latest_yearly": 1.28,
            "eps_growth_yearly": -17
        },
        "20142": {
            "year_quarter": 20142,
            "year": 2014,
            "quarter": 2,
            "eps": 0.34,
            "eps_growth_year": -85.59,
            "eps_4q": 1.15,
            "eps_4q_growth_year": -67.25,
            "roe": 2.1,
            "roe_4q": 7.360000000000001,
            "gross_profit": 160602,
            "gross_margin": 28.9,
            "gross_margin_4q_avg": 25.42,
            "net_income": 76968,
            "revenue": 555786,
            "common_shares": 2385624,
            "book_valuer_per_share": 15.21,
            "book_valuer_per_share_4q_avg": 15.92,
            "equity": 3505440,
            "current_ratio": 130.98,
            "debt_ratio": 59.88,
            "inventory_turnover_ratio": 0.07,
            "account_receivable_turnover_ratio": 5.03,
            "reinvestment_rate": -13.52,
            "research_to_sale_ratio": null,
            "price_fair": 5.3,
            "eps_avg_yearly": 1.77,
            "eps_latest_yearly": 1.36,
            "eps_growth_yearly": -33.02
        },
        "20143": {
            "year_quarter": 20143,
            "year": 2014,
            "quarter": 3,
            "eps": -0.07,
            "eps_growth_year": null,
            "eps_4q": 1.14,
            "eps_4q_growth_year": -60.05,
            "roe": -0.52,
            "roe_4q": 7.26,
            "gross_profit": 32227,
            "gross_margin": 10.02,
            "gross_margin_4q_avg": 22.38,
            "net_income": -18315,
            "revenue": 321574,
            "common_shares": 2457193,
            "book_valuer_per_share": 14.69,
            "book_valuer_per_share_4q_avg": 15.68,
            "equity": 3487125,
            "current_ratio": 128.55,
            "debt_ratio": 61.67,
            "inventory_turnover_ratio": 0.05,
            "account_receivable_turnover_ratio": 1.49,
            "reinvestment_rate": -14.58,
            "research_to_sale_ratio": null,
            "price_fair": 5.44,
            "eps_avg_yearly": 1.81,
            "eps_latest_yearly": 1.36,
            "eps_growth_yearly": -24.33
        },
        "20144": {
            "year_quarter": 20144,
            "year": 2014,
            "quarter": 4,
            "eps": 1.9,
            "eps_growth_year": 220.31,
            "eps_4q": 2.46,
            "eps_4q_growth_year": -8.61,
            "roe": 12.16,
            "roe_4q": 15.7,
            "gross_profit": 600726,
            "gross_margin": 22.76,
            "gross_margin_4q_avg": 23.01,
            "net_income": 451418,
            "revenue": 2638971,
            "common_shares": 2457193,
            "book_valuer_per_share": 16.59,
            "book_valuer_per_share_4q_avg": 15.77,
            "equity": 3939329,
            "current_ratio": 130.83,
            "debt_ratio": 61.9,
            "inventory_turnover_ratio": 0.36,
            "account_receivable_turnover_ratio": 9.64,
            "reinvestment_rate": -29.37,
            "research_to_sale_ratio": null,
            "price_fair": 5.35,
            "eps_avg_yearly": 1.78,
            "eps_latest_yearly": 1.36,
            "eps_growth_yearly": -55.15
        },
        "20151": {
            "year_quarter": 20151,
            "year": 2015,
            "quarter": 1,
            "eps": 0.83,
            "eps_growth_year": 159.38,
            "eps_4q": 2.98,
            "eps_4q_growth_year": -5.65,
            "roe": 4.84,
            "roe_4q": 18.580000000000002,
            "gross_profit": 287885,
            "gross_margin": 24.7,
            "gross_margin_4q_avg": 21.6,
            "net_income": 197193,
            "revenue": 1165655,
            "common_shares": 2457193,
            "book_valuer_per_share": 17.42,
            "book_valuer_per_share_4q_avg": 15.98,
            "equity": 4204022,
            "current_ratio": 137.59,
            "debt_ratio": 58.9,
            "inventory_turnover_ratio": 0.17,
            "account_receivable_turnover_ratio": 3.94,
            "reinvestment_rate": -76.94,
            "research_to_sale_ratio": null,
            "price_fair": 6.86,
            "eps_avg_yearly": 2.29,
            "eps_latest_yearly": 3.32,
            "eps_growth_yearly": -52.85
        },
        "20152": {
            "year_quarter": 20152,
            "year": 2015,
            "quarter": 2,
            "eps": 1.27,
            "eps_growth_year": 273.53,
            "eps_4q": 3.81,
            "eps_4q_growth_year": 232.32,
            "roe": 7.07,
            "roe_4q": 23.55,
            "gross_profit": 371628,
            "gross_margin": 29.25,
            "gross_margin_4q_avg": 21.68,
            "net_income": 302088,
            "revenue": 1270573,
            "common_shares": 2457193,
            "book_valuer_per_share": 17.5,
            "book_valuer_per_share_4q_avg": 16.55,
            "equity": 4338271,
            "current_ratio": 145,
            "debt_ratio": 55.4,
            "inventory_turnover_ratio": 0.18,
            "account_receivable_turnover_ratio": 4.33,
            "reinvestment_rate": -66.48,
            "research_to_sale_ratio": null,
            "price_fair": 8.26,
            "eps_avg_yearly": 2.75,
            "eps_latest_yearly": 5.08,
            "eps_growth_yearly": -8.7
        },
        "20153": {
            "year_quarter": 20153,
            "year": 2015,
            "quarter": 3,
            "eps": 0.52,
            "eps_growth_year": null,
            "eps_4q": 4.41,
            "eps_4q_growth_year": 288.2,
            "roe": 2.87,
            "roe_4q": 26.94,
            "gross_profit": 184627,
            "gross_margin": 25.85,
            "gross_margin_4q_avg": 25.64,
            "net_income": 126311,
            "revenue": 714211,
            "common_shares": 2530909,
            "book_valuer_per_share": 17.51,
            "book_valuer_per_share_4q_avg": 17.26,
            "equity": 4464582,
            "current_ratio": 149.94,
            "debt_ratio": 53.56,
            "inventory_turnover_ratio": 0.1,
            "account_receivable_turnover_ratio": 2.66,
            "reinvestment_rate": -65.44,
            "research_to_sale_ratio": null,
            "price_fair": 7.97,
            "eps_avg_yearly": 2.66,
            "eps_latest_yearly": 2.08,
            "eps_growth_yearly": -41.21
        },
        "20154": {
            "year_quarter": 20154,
            "year": 2015,
            "quarter": 4,
            "eps": -0.15,
            "eps_growth_year": -108.11,
            "eps_4q": 2.41,
            "eps_4q_growth_year": -2.16,
            "roe": -0.85,
            "roe_4q": 13.93,
            "gross_profit": 89661,
            "gross_margin": 14.92,
            "gross_margin_4q_avg": 23.68,
            "net_income": -37659,
            "revenue": 600858,
            "common_shares": 2530909,
            "book_valuer_per_share": 17.34,
            "book_valuer_per_share_4q_avg": 17.44,
            "equity": 4425170,
            "current_ratio": 137.55,
            "debt_ratio": 53.96,
            "inventory_turnover_ratio": 0.11,
            "account_receivable_turnover_ratio": 1.55,
            "reinvestment_rate": -46.64,
            "research_to_sale_ratio": null,
            "price_fair": 7.97,
            "eps_avg_yearly": 2.66,
            "eps_latest_yearly": 2.08,
            "eps_growth_yearly": -41.21
        },
        "20161": {
            "year_quarter": 20161,
            "year": 2016,
            "quarter": 1,
            "eps": -0.04,
            "eps_growth_year": -104.82,
            "eps_4q": 1.56,
            "eps_4q_growth_year": -47.65,
            "roe": -0.23,
            "roe_4q": 8.86,
            "gross_profit": 38986,
            "gross_margin": 24.99,
            "gross_margin_4q_avg": 23.75,
            "net_income": -10105,
            "revenue": 155983,
            "common_shares": 2530909,
            "book_valuer_per_share": 17.3,
            "book_valuer_per_share_4q_avg": 17.41,
            "equity": 4415065,
            "current_ratio": 134.18,
            "debt_ratio": 52.78,
            "inventory_turnover_ratio": 0.03,
            "account_receivable_turnover_ratio": 0.31,
            "reinvestment_rate": -45.55,
            "research_to_sale_ratio": null,
            "price_fair": 7.97,
            "eps_avg_yearly": 2.66,
            "eps_latest_yearly": 2.08,
            "eps_growth_yearly": -41.21
        },
        "20162": {
            "year_quarter": 20162,
            "year": 2016,
            "quarter": 2,
            "eps": 0.02,
            "eps_growth_year": -98.43,
            "eps_4q": 0.34,
            "eps_4q_growth_year": -91.04,
            "roe": 0.12,
            "roe_4q": 1.9100000000000001,
            "gross_profit": 42336,
            "gross_margin": 20.59,
            "gross_margin_4q_avg": 21.59,
            "net_income": 4934,
            "revenue": 205655,
            "common_shares": 2530909,
            "book_valuer_per_share": 15.82,
            "book_valuer_per_share_4q_avg": 16.99,
            "equity": 4053271,
            "current_ratio": 126.08,
            "debt_ratio": 57.3,
            "inventory_turnover_ratio": 0.04,
            "account_receivable_turnover_ratio": 0.48,
            "reinvestment_rate": -47.65,
            "research_to_sale_ratio": null,
            "price_fair": 7.97,
            "eps_avg_yearly": 2.66,
            "eps_latest_yearly": 2.08,
            "eps_growth_yearly": -41.21
        },
        "20163": {
            "year_quarter": 20163,
            "year": 2016,
            "quarter": 3,
            "eps": 0.22,
            "eps_growth_year": -57.69,
            "eps_4q": 0.04,
            "eps_4q_growth_year": -99.01,
            "roe": 1.31,
            "roe_4q": 0.3500000000000002,
            "gross_profit": 103149,
            "gross_margin": 28.66,
            "gross_margin_4q_avg": 22.29,
            "net_income": 53443,
            "revenue": 359922,
            "common_shares": 2530909,
            "book_valuer_per_share": 16.05,
            "book_valuer_per_share_4q_avg": 16.63,
            "equity": 4108344,
            "current_ratio": 126.84,
            "debt_ratio": 57.29,
            "inventory_turnover_ratio": 0.05,
            "account_receivable_turnover_ratio": 1.16,
            "reinvestment_rate": -49.27,
            "research_to_sale_ratio": null,
            "price_fair": 85.2,
            "eps_avg_yearly": 2.43,
            "eps_latest_yearly": 0.88,
            "eps_growth_yearly": 527.27
        },
        "20164": {
            "year_quarter": 20164,
            "year": 2016,
            "quarter": 4,
            "eps": 0.05,
            "eps_growth_year": null,
            "eps_4q": 0.24,
            "eps_4q_growth_year": -89.85,
            "roe": 0.27,
            "roe_4q": 1.4700000000000002,
            "gross_profit": 79936,
            "gross_margin": 29.36,
            "gross_margin_4q_avg": 25.9,
            "net_income": 11290,
            "revenue": 272240,
            "common_shares": 2530909,
            "book_valuer_per_share": 16.09,
            "book_valuer_per_share_4q_avg": 16.32,
            "equity": 4118256,
            "current_ratio": 127.11,
            "debt_ratio": 56.71,
            "inventory_turnover_ratio": 0.04,
            "account_receivable_turnover_ratio": 1.12,
            "reinvestment_rate": -53.05,
            "research_to_sale_ratio": null,
            "price_fair": 71,
            "eps_avg_yearly": 2.03,
            "eps_latest_yearly": 0.2,
            "eps_growth_yearly": 469.06
        },
        "20171": {
            "year_quarter": 20171,
            "year": 2017,
            "quarter": 1,
            "eps": -0.08,
            "eps_growth_year": null,
            "eps_4q": 0.21,
            "eps_4q_growth_year": -86.6,
            "roe": -0.46,
            "roe_4q": 1.2400000000000002,
            "gross_profit": 21808,
            "gross_margin": 21.62,
            "gross_margin_4q_avg": 25.06,
            "net_income": -18787,
            "revenue": 100877,
            "common_shares": 2530909,
            "book_valuer_per_share": 16.01,
            "book_valuer_per_share_4q_avg": 15.99,
            "equity": 4099476,
            "current_ratio": 123.1,
            "debt_ratio": 60.47,
            "inventory_turnover_ratio": 0.02,
            "account_receivable_turnover_ratio": 0.44,
            "reinvestment_rate": -1.32,
            "research_to_sale_ratio": null,
            "price_fair": 71,
            "eps_avg_yearly": 2.03,
            "eps_latest_yearly": 0.2,
            "eps_growth_yearly": 469.06
        },
        "20172": {
            "year_quarter": 20172,
            "year": 2017,
            "quarter": 2,
            "eps": 0.09,
            "eps_growth_year": 350,
            "eps_4q": 0.28,
            "eps_4q_growth_year": -19.4,
            "roe": 0.52,
            "roe_4q": 1.6400000000000001,
            "gross_profit": 67094,
            "gross_margin": 22.99,
            "gross_margin_4q_avg": 25.66,
            "net_income": 21158,
            "revenue": 291811,
            "common_shares": 2530909,
            "book_valuer_per_share": 15.8,
            "book_valuer_per_share_4q_avg": 15.99,
            "equity": 4047333,
            "current_ratio": 120.13,
            "debt_ratio": 61.52,
            "inventory_turnover_ratio": 0.04,
            "account_receivable_turnover_ratio": 1.28,
            "reinvestment_rate": -1.81,
            "research_to_sale_ratio": null,
            "price_fair": 71,
            "eps_avg_yearly": 2.03,
            "eps_latest_yearly": 0.2,
            "eps_growth_yearly": 469.06
        },
        "20173": {
            "year_quarter": 20173,
            "year": 2017,
            "quarter": 3,
            "eps": 0.08,
            "eps_growth_year": -63.64,
            "eps_4q": 0.14,
            "eps_4q_growth_year": 227.01,
            "roe": 0.43,
            "roe_4q": 0.76,
            "gross_profit": 59467,
            "gross_margin": 23.64,
            "gross_margin_4q_avg": 24.4,
            "net_income": 16703,
            "revenue": 251540,
            "common_shares": 2227199,
            "book_valuer_per_share": 16.67,
            "book_valuer_per_share_4q_avg": 16.14,
            "equity": 3770652,
            "current_ratio": 124.98,
            "debt_ratio": 63.59,
            "inventory_turnover_ratio": 0.04,
            "account_receivable_turnover_ratio": 1.05,
            "reinvestment_rate": -1.75,
            "research_to_sale_ratio": null,
            "price_fair": 63.53,
            "eps_avg_yearly": 1.82,
            "eps_latest_yearly": 0.32,
            "eps_growth_yearly": 404.87
        },
        "20174": {
            "year_quarter": 20174,
            "year": 2017,
            "quarter": 4,
            "eps": 1.21,
            "eps_growth_year": 2482.58,
            "eps_4q": 1.3,
            "eps_4q_growth_year": 430.95,
            "roe": 6.66,
            "roe_4q": 7.1499999999999995,
            "gross_profit": 371971,
            "gross_margin": 44.51,
            "gross_margin_4q_avg": 28.19,
            "net_income": 259961,
            "revenue": 835734,
            "common_shares": 2227199,
            "book_valuer_per_share": 17.88,
            "book_valuer_per_share_4q_avg": 16.59,
            "equity": 4030696,
            "current_ratio": 128.68,
            "debt_ratio": 62.04,
            "inventory_turnover_ratio": 0.08,
            "account_receivable_turnover_ratio": 2.65,
            "reinvestment_rate": -1.61,
            "research_to_sale_ratio": null,
            "price_fair": 75.29,
            "eps_avg_yearly": 2.15,
            "eps_latest_yearly": 4.84,
            "eps_growth_yearly": 987.66
        },
        "20181": {
            "year_quarter": 20181,
            "year": 2018,
            "quarter": 1,
            "eps": 0.1,
            "eps_growth_year": null,
            "eps_4q": 1.49,
            "eps_4q_growth_year": 612.29,
            "roe": 0.55,
            "roe_4q": 8.16,
            "gross_profit": 73925,
            "gross_margin": 20.85,
            "gross_margin_4q_avg": 28,
            "net_income": 22214,
            "revenue": 354479,
            "common_shares": 2227199,
            "book_valuer_per_share": 17.98,
            "book_valuer_per_share_4q_avg": 17.08,
            "equity": 4052580,
            "current_ratio": 128.9,
            "debt_ratio": 62.06,
            "inventory_turnover_ratio": 0.05,
            "account_receivable_turnover_ratio": 1.11,
            "reinvestment_rate": -1.71,
            "research_to_sale_ratio": null,
            "price_fair": 71.87,
            "eps_avg_yearly": 2.05,
            "eps_latest_yearly": 0.4,
            "eps_growth_yearly": 967.23
        },
        "20182": {
            "year_quarter": 20182,
            "year": 2018,
            "quarter": 2,
            "eps": 1.33,
            "eps_growth_year": 1377.78,
            "eps_4q": 2.73,
            "eps_4q_growth_year": 890.46,
            "roe": 7.05,
            "roe_4q": 14.69,
            "gross_profit": 380298,
            "gross_margin": 30.54,
            "gross_margin_4q_avg": 29.89,
            "net_income": 286658,
            "revenue": 1245312,
            "common_shares": 2227199,
            "book_valuer_per_share": 18.14,
            "book_valuer_per_share_4q_avg": 17.67,
            "equity": 4081064,
            "current_ratio": 130.53,
            "debt_ratio": 60.87,
            "inventory_turnover_ratio": 0.14,
            "account_receivable_turnover_ratio": 4.51,
            "reinvestment_rate": -1.49,
            "research_to_sale_ratio": null,
            "price_fair": 87.27,
            "eps_avg_yearly": 2.49,
            "eps_latest_yearly": 5.32,
            "eps_growth_yearly": 1511.12
        },
        "20183": {
            "year_quarter": 20183,
            "year": 2018,
            "quarter": 3,
            "eps": 1.21,
            "eps_growth_year": 1412.5,
            "eps_4q": 3.85,
            "eps_4q_growth_year": 2611.76,
            "roe": 6.16,
            "roe_4q": 20.42,
            "gross_profit": 339110,
            "gross_margin": 34.06,
            "gross_margin_4q_avg": 32.49,
            "net_income": 259600,
            "revenue": 995534,
            "common_shares": 2227199,
            "book_valuer_per_share": 19.32,
            "book_valuer_per_share_4q_avg": 18.33,
            "equity": 4340665,
            "current_ratio": 130.04,
            "debt_ratio": 59.89,
            "inventory_turnover_ratio": 0.1,
            "account_receivable_turnover_ratio": 3.38,
            "reinvestment_rate": 10.47,
            "research_to_sale_ratio": null,
            "price_fair": 95.48,
            "eps_avg_yearly": 2.73,
            "eps_latest_yearly": 4.84,
            "eps_growth_yearly": 1356.4
        },
        "20184": {
            "year_quarter": 20184,
            "year": 2018,
            "quarter": 4,
            "eps": 1.67,
            "eps_growth_year": 38.19,
            "eps_4q": 4.31,
            "eps_4q_growth_year": 232.4,
            "roe": 8.01,
            "roe_4q": 21.77,
            "gross_profit": 542470,
            "gross_margin": 34.06,
            "gross_margin_4q_avg": 29.88,
            "net_income": 359345,
            "revenue": 1592520,
            "common_shares": 2227199,
            "book_valuer_per_share": 21.14,
            "book_valuer_per_share_4q_avg": 19.15,
            "equity": 4630753,
            "current_ratio": 139.45,
            "debt_ratio": 54.66,
            "inventory_turnover_ratio": 0.16,
            "account_receivable_turnover_ratio": 5.04,
            "reinvestment_rate": 11.28,
            "research_to_sale_ratio": null,
            "price_fair": 108.05,
            "eps_avg_yearly": 3.09,
            "eps_latest_yearly": 6.68,
            "eps_growth_yearly": 1246.91
        },
        "20191": {
            "year_quarter": 20191,
            "year": 2019,
            "quarter": 1,
            "eps": 0.61,
            "eps_growth_year": 510,
            "eps_4q": 4.82,
            "eps_4q_growth_year": 223.91,
            "roe": 2.78,
            "roe_4q": 24,
            "gross_profit": 212076,
            "gross_margin": 28.13,
            "gross_margin_4q_avg": 31.7,
            "net_income": 131287,
            "revenue": 753805,
            "common_shares": 2227199,
            "book_valuer_per_share": 21.79,
            "book_valuer_per_share_4q_avg": 20.1,
            "equity": 4802062,
            "current_ratio": 144.72,
            "debt_ratio": 54.71,
            "inventory_turnover_ratio": 0.09,
            "account_receivable_turnover_ratio": 2.5,
            "reinvestment_rate": 11.75,
            "research_to_sale_ratio": null,
            "price_fair": 105.25,
            "eps_avg_yearly": 3.01,
            "eps_latest_yearly": 2.44,
            "eps_growth_yearly": 1244.31
        },
        "20192": {
            "year_quarter": 20192,
            "year": 2019,
            "quarter": 2,
            "eps": 0.42,
            "eps_growth_year": -68.42,
            "eps_4q": 3.54,
            "eps_4q_growth_year": 29.95,
            "roe": 1.96,
            "roe_4q": 18.91,
            "gross_profit": 174935,
            "gross_margin": 29.58,
            "gross_margin_4q_avg": 31.46,
            "net_income": 90635,
            "revenue": 591349,
            "common_shares": 2227199,
            "book_valuer_per_share": 20.21,
            "book_valuer_per_share_4q_avg": 20.62,
            "equity": 4462408,
            "current_ratio": 129.42,
            "debt_ratio": 61.61,
            "inventory_turnover_ratio": 0.06,
            "account_receivable_turnover_ratio": 1.99,
            "reinvestment_rate": 13.33,
            "research_to_sale_ratio": null,
            "price_fair": 94.44,
            "eps_avg_yearly": 2.7,
            "eps_latest_yearly": 1.68,
            "eps_growth_yearly": 1213.71
        },
        "20193": {
            "year_quarter": 20193,
            "year": 2019,
            "quarter": 3,
            "eps": 0.22,
            "eps_growth_year": -81.82,
            "eps_4q": 2.67,
            "eps_4q_growth_year": -30.8,
            "roe": 1.1,
            "roe_4q": 13.85,
            "gross_profit": 132366,
            "gross_margin": 28.54,
            "gross_margin_4q_avg": 30.08,
            "net_income": 49388,
            "revenue": 463728,
            "common_shares": 2449919,
            "book_valuer_per_share": 18.62,
            "book_valuer_per_share_4q_avg": 20.44,
            "equity": 4489003,
            "current_ratio": 119.55,
            "debt_ratio": 62.91,
            "inventory_turnover_ratio": 0.05,
            "account_receivable_turnover_ratio": 1.45,
            "reinvestment_rate": 14.03,
            "research_to_sale_ratio": null,
            "price_fair": 90.62,
            "eps_avg_yearly": 2.59,
            "eps_latest_yearly": 0.88,
            "eps_growth_yearly": 1217.87
        },
        "20194": {
            "year_quarter": 20194,
            "year": 2019,
            "quarter": 4,
            "eps": 0.51,
            "eps_growth_year": -69.33,
            "eps_4q": 1.66,
            "eps_4q_growth_year": -61.54,
            "roe": 2.66,
            "roe_4q": 8.5,
            "gross_profit": 239793,
            "gross_margin": 30.77,
            "gross_margin_4q_avg": 29.26,
            "net_income": 121128,
            "revenue": 779393,
            "common_shares": 2449919,
            "book_valuer_per_share": 19.14,
            "book_valuer_per_share_4q_avg": 19.94,
            "equity": 4611068,
            "current_ratio": 121.41,
            "debt_ratio": 62.36,
            "inventory_turnover_ratio": 0.09,
            "account_receivable_turnover_ratio": 2.44,
            "reinvestment_rate": 12.63,
            "research_to_sale_ratio": null,
            "price_fair": 89.02,
            "eps_avg_yearly": 2.54,
            "eps_latest_yearly": 2.04,
            "eps_growth_yearly": 1160.32
        },
        "20201": {
            "year_quarter": 20201,
            "year": 2020,
            "quarter": 1,
            "eps": 0.05,
            "eps_growth_year": -91.8,
            "eps_4q": 1.16,
            "eps_4q_growth_year": -75.94,
            "roe": 0.28,
            "roe_4q": 6.000000000000001,
            "gross_profit": 70124,
            "gross_margin": 19.44,
            "gross_margin_4q_avg": 27.08,
            "net_income": 13141,
            "revenue": 360658,
            "common_shares": 2449919,
            "book_valuer_per_share": 19.19,
            "book_valuer_per_share_4q_avg": 19.29,
            "equity": 4624209,
            "current_ratio": 135.83,
            "debt_ratio": 62.33,
            "inventory_turnover_ratio": 0.04,
            "account_receivable_turnover_ratio": 1.06,
            "reinvestment_rate": 12.42,
            "research_to_sale_ratio": null,
            "price_fair": 82.71,
            "eps_avg_yearly": 2.36,
            "eps_latest_yearly": 0.2,
            "eps_growth_yearly": 1043.31
        },
        "20202": {
            "year_quarter": 20202,
            "year": 2020,
            "quarter": 2,
            "eps": -0.1,
            "eps_growth_year": -123.81,
            "eps_4q": 0.63,
            "eps_4q_growth_year": -82.24,
            "roe": -0.5,
            "roe_4q": 3.5400000000000005,
            "gross_profit": 18665,
            "gross_margin": 8.03,
            "gross_margin_4q_avg": 21.7,
            "net_income": -22626,
            "revenue": 232398,
            "common_shares": 2449919,
            "book_valuer_per_share": 18.6,
            "book_valuer_per_share_4q_avg": 18.89,
            "equity": 4483266,
            "current_ratio": 132.6,
            "debt_ratio": 64.09,
            "inventory_turnover_ratio": 0.03,
            "account_receivable_turnover_ratio": 0.65,
            "reinvestment_rate": 12.2,
            "research_to_sale_ratio": null,
            "price_fair": 82.71,
            "eps_avg_yearly": 2.36,
            "eps_latest_yearly": 0.2,
            "eps_growth_yearly": 1043.31
        },
        "20203": {
            "year_quarter": 20203,
            "year": 2020,
            "quarter": 3,
            "eps": -0.01,
            "eps_growth_year": -104.55,
            "eps_4q": 0.43,
            "eps_4q_growth_year": -83.83,
            "roe": -0.04,
            "roe_4q": 2.4000000000000004,
            "gross_profit": 44674,
            "gross_margin": 24.99,
            "gross_margin_4q_avg": 20.81,
            "net_income": -1619,
            "revenue": 178791,
            "common_shares": 2645913,
            "book_valuer_per_share": 17.21,
            "book_valuer_per_share_4q_avg": 18.54,
            "equity": 4481640,
            "current_ratio": 131.22,
            "debt_ratio": 64.54,
            "inventory_turnover_ratio": 0.02,
            "account_receivable_turnover_ratio": 0.5,
            "reinvestment_rate": 12.57,
            "research_to_sale_ratio": null,
            "price_fair": 87.03,
            "eps_avg_yearly": 2.49,
            "eps_latest_yearly": 0.2,
            "eps_growth_yearly": 796.92
        },
        "20204": {
            "year_quarter": 20204,
            "year": 2020,
            "quarter": 4,
            "eps": 0.22,
            "eps_growth_year": -57.64,
            "eps_4q": 0.17,
            "eps_4q_growth_year": -89.53,
            "roe": 1.22,
            "roe_4q": 0.96,
            "gross_profit": 98091,
            "gross_margin": 42.92,
            "gross_margin_4q_avg": 23.85,
            "net_income": 55236,
            "revenue": 228529,
            "common_shares": 2645913,
            "book_valuer_per_share": 17.43,
            "book_valuer_per_share_4q_avg": 18.11,
            "equity": 4537095,
            "current_ratio": 120.75,
            "debt_ratio": 72,
            "inventory_turnover_ratio": 0.01,
            "account_receivable_turnover_ratio": 1.06,
            "reinvestment_rate": 12.17,
            "research_to_sale_ratio": null,
            "price_fair": 94.31,
            "eps_avg_yearly": 2.69,
            "eps_latest_yearly": 0.2,
            "eps_growth_yearly": 897.47
        },
        "20211": {
            "year_quarter": 20211,
            "year": 2021,
            "quarter": 1,
            "eps": -0.12,
            "eps_growth_year": -340,
            "eps_4q": 0,
            "eps_4q_growth_year": -99.85,
            "roe": -0.68,
            "roe_4q": -5.551115123125783e-17,
            "gross_profit": 43740,
            "gross_margin": 31.97,
            "gross_margin_4q_avg": 26.98,
            "net_income": -30813,
            "revenue": 136817,
            "common_shares": 2645913,
            "book_valuer_per_share": 17.31,
            "book_valuer_per_share_4q_avg": 17.64,
            "equity": 4506282,
            "current_ratio": 119.01,
            "debt_ratio": 73.57,
            "inventory_turnover_ratio": 0.01,
            "account_receivable_turnover_ratio": 1.72,
            "reinvestment_rate": 12.2,
            "research_to_sale_ratio": null,
            "price_fair": 94.31,
            "eps_avg_yearly": 2.69,
            "eps_latest_yearly": 0.2,
            "eps_growth_yearly": 897.47
        },
        "20212": {
            "year_quarter": 20212,
            "year": 2021,
            "quarter": 2,
            "eps": -0.08,
            "eps_growth_year": null,
            "eps_4q": 0.01,
            "eps_4q_growth_year": -98.12,
            "roe": -0.45,
            "roe_4q": 0.04999999999999986,
            "gross_profit": 55174,
            "gross_margin": 40.16,
            "gross_margin_4q_avg": 35.01,
            "net_income": -20075,
            "revenue": 137399,
            "common_shares": 2645913,
            "book_valuer_per_share": 17.23,
            "book_valuer_per_share_4q_avg": 17.3,
            "equity": 4486221,
            "current_ratio": 118.2,
            "debt_ratio": 74.43,
            "inventory_turnover_ratio": 0.01,
            "account_receivable_turnover_ratio": 1.35,
            "reinvestment_rate": 12.5,
            "research_to_sale_ratio": null,
            "price_fair": 94.31,
            "eps_avg_yearly": 2.69,
            "eps_latest_yearly": 0.2,
            "eps_growth_yearly": 897.47
        },
        "20213": {
            "year_quarter": 20213,
            "year": 2021,
            "quarter": 3,
            "eps": -0.19,
            "eps_growth_year": null,
            "eps_4q": -0.18,
            "eps_4q_growth_year": -140.71,
            "roe": -1.21,
            "roe_4q": -1.1199999999999999,
            "gross_profit": 38171,
            "gross_margin": 27.53,
            "gross_margin_4q_avg": 35.65,
            "net_income": -53372,
            "revenue": 138674,
            "common_shares": 2645913,
            "book_valuer_per_share": 16.54,
            "book_valuer_per_share_4q_avg": 17.13,
            "equity": 4305052,
            "current_ratio": 115.97,
            "debt_ratio": 76.34,
            "inventory_turnover_ratio": 0.01,
            "account_receivable_turnover_ratio": 1.23,
            "reinvestment_rate": 13.03,
            "research_to_sale_ratio": null,
            "price_fair": 102.62,
            "eps_avg_yearly": 2.93,
            "eps_latest_yearly": 0.2,
            "eps_growth_yearly": 991.66
        },
        "20214": {
            "year_quarter": 20214,
            "year": 2021,
            "quarter": 4,
            "eps": 0.2,
            "eps_growth_year": -9.04,
            "eps_4q": -0.2,
            "eps_4q_growth_year": -212.35,
            "roe": 1.1,
            "roe_4q": -1.2399999999999998,
            "gross_profit": 84578,
            "gross_margin": 23.18,
            "gross_margin_4q_avg": 30.71,
            "net_income": 47646,
            "revenue": 364822,
            "common_shares": 2645913,
            "book_valuer_per_share": 16.74,
            "book_valuer_per_share_4q_avg": 16.96,
            "equity": 4353852,
            "current_ratio": 114.95,
            "debt_ratio": 77.12,
            "inventory_turnover_ratio": 0.02,
            "account_receivable_turnover_ratio": 2.96,
            "reinvestment_rate": 15.04,
            "research_to_sale_ratio": null,
            "price_fair": 95.2,
            "eps_avg_yearly": 2.72,
            "eps_latest_yearly": 0.2,
            "eps_growth_yearly": 474.06
        },
        "20221": {
            "year_quarter": 20221,
            "year": 2022,
            "quarter": 1,
            "eps": 1.21,
            "eps_growth_year": null,
            "eps_4q": 1.13,
            "eps_4q_growth_year": 64043.51,
            "roe": 7.47,
            "roe_4q": 6.91,
            "gross_profit": 512581,
            "gross_margin": 22.95,
            "gross_margin_4q_avg": 28.46,
            "net_income": 337693,
            "revenue": 2233794,
            "common_shares": 2645913,
            "book_valuer_per_share": 17.95,
            "book_valuer_per_share_4q_avg": 17.12,
            "equity": 4691559,
            "current_ratio": 119.46,
            "debt_ratio": 73.71,
            "inventory_turnover_ratio": 0.12,
            "account_receivable_turnover_ratio": 15.06,
            "reinvestment_rate": 12.32,
            "research_to_sale_ratio": null,
            "price_fair": 112.47,
            "eps_avg_yearly": 3.21,
            "eps_latest_yearly": 4.84,
            "eps_growth_yearly": 739.28
        },
        "20222": {
            "year_quarter": 20222,
            "year": 2022,
            "quarter": 2,
            "eps": 0.8,
            "eps_growth_year": null,
            "eps_4q": 2.01,
            "eps_4q_growth_year": 16858.81,
            "roe": 4.78,
            "roe_4q": 12.14,
            "gross_profit": 358503,
            "gross_margin": 21.48,
            "gross_margin_4q_avg": 23.79,
            "net_income": 226021,
            "revenue": 1668638,
            "common_shares": 2645913,
            "book_valuer_per_share": 18.45,
            "book_valuer_per_share_4q_avg": 17.42,
            "equity": 4773238,
            "current_ratio": 117.95,
            "debt_ratio": 71.47,
            "inventory_turnover_ratio": 0.1,
            "account_receivable_turnover_ratio": 11.22,
            "reinvestment_rate": 12.95,
            "research_to_sale_ratio": null,
            "price_fair": 104.22,
            "eps_avg_yearly": 2.98,
            "eps_latest_yearly": 3.2,
            "eps_growth_yearly": 177.55
        },
        "20223": {
            "year_quarter": 20223,
            "year": 2022,
            "quarter": 3,
            "eps": 0.05,
            "eps_growth_year": null,
            "eps_4q": 2.26,
            "eps_4q_growth_year": null,
            "roe": 0.24,
            "roe_4q": 13.59,
            "gross_profit": 82626,
            "gross_margin": 26.45,
            "gross_margin_4q_avg": 23.52,
            "net_income": 11603,
            "revenue": 312417,
            "common_shares": 2645913,
            "book_valuer_per_share": 18.5,
            "book_valuer_per_share_4q_avg": 17.91,
            "equity": 4784841,
            "current_ratio": 117.47,
            "debt_ratio": 72.29,
            "inventory_turnover_ratio": 0.02,
            "account_receivable_turnover_ratio": 2.52,
            "reinvestment_rate": -2.57,
            "research_to_sale_ratio": null,
            "price_fair": 86.18,
            "eps_avg_yearly": 2.46,
            "eps_latest_yearly": 0.2,
            "eps_growth_yearly": 139.9
        },
        "20224": {
            "year_quarter": 20224,
            "year": 2022,
            "quarter": 4,
            "eps": 0.33,
            "eps_growth_year": 65.3,
            "eps_4q": 2.39,
            "eps_4q_growth_year": null,
            "roe": 1.7,
            "roe_4q": 14.190000000000001,
            "gross_profit": 283001,
            "gross_margin": 23.74,
            "gross_margin_4q_avg": 23.66,
            "net_income": 82186,
            "revenue": 1192322,
            "common_shares": 2645913,
            "book_valuer_per_share": 18.83,
            "book_valuer_per_share_4q_avg": 18.43,
            "equity": 4868476,
            "current_ratio": 118.85,
            "debt_ratio": 71.42,
            "inventory_turnover_ratio": 0.07,
            "account_receivable_turnover_ratio": 9.3,
            "reinvestment_rate": -3.09,
            "research_to_sale_ratio": null,
            "price_fair": 65.33,
            "eps_avg_yearly": 1.87,
            "eps_latest_yearly": 1.32,
            "eps_growth_yearly": 371.89
        },
        "20231": {
            "year_quarter": 20231,
            "year": 2023,
            "quarter": 1,
            "eps": -0.03,
            "eps_growth_year": -102.48,
            "eps_4q": 1.15,
            "eps_4q_growth_year": 1.75,
            "roe": -0.12,
            "roe_4q": 6.6000000000000005,
            "gross_profit": 84419,
            "gross_margin": 24.85,
            "gross_margin_4q_avg": 24.13,
            "net_income": -5923,
            "revenue": 339679,
            "common_shares": 2645913,
            "book_valuer_per_share": 18.8,
            "book_valuer_per_share_4q_avg": 18.65,
            "equity": 4826654,
            "current_ratio": 118.05,
            "debt_ratio": 72,
            "inventory_turnover_ratio": 0.02,
            "account_receivable_turnover_ratio": 2.31,
            "reinvestment_rate": -3.84,
            "research_to_sale_ratio": null,
            "price_fair": 62.83,
            "eps_avg_yearly": 1.8,
            "eps_latest_yearly": 1.32,
            "eps_growth_yearly": 450.11
        }
    },
    "months": {
        "2001-06": {
            "month": "2001-06",
            "price": "12.20",
            "revenue": 4084
        },
        "2001-07": {
            "month": "2001-07",
            "price": "11.72",
            "revenue": 38383
        },
        "2001-08": {
            "month": "2001-08",
            "price": "10.80",
            "revenue": 15257
        },
        "2001-09": {
            "month": "2001-09",
            "price": "10.35",
            "revenue": 6875
        },
        "2001-10": {
            "month": "2001-10",
            "price": "10.04",
            "revenue": 28095
        },
        "2001-11": {
            "month": "2001-11",
            "price": "10.06",
            "revenue": 134193
        },
        "2001-12": {
            "month": "2001-12",
            "price": "10.15",
            "revenue": 663641
        },
        "2002-01": {
            "month": "2002-01",
            "price": "10.19",
            "revenue": 34013
        },
        "2002-02": {
            "month": "2002-02",
            "price": "10.79",
            "revenue": 98526
        },
        "2002-03": {
            "month": "2002-03",
            "price": "11.41",
            "revenue": 210234
        },
        "2002-04": {
            "month": "2002-04",
            "price": "12.06",
            "revenue": 302223
        },
        "2002-05": {
            "month": "2002-05",
            "price": "12.21",
            "revenue": 139899
        },
        "2002-06": {
            "month": "2002-06",
            "price": "12.44",
            "revenue": 78046
        },
        "2002-07": {
            "month": "2002-07",
            "price": "12.60",
            "revenue": 54452
        },
        "2002-08": {
            "month": "2002-08",
            "price": "12.21",
            "revenue": 32315
        },
        "2002-09": {
            "month": "2002-09",
            "price": "11.68",
            "revenue": 18422
        },
        "2002-10": {
            "month": "2002-10",
            "price": "11.26",
            "revenue": 12054
        },
        "2002-11": {
            "month": "2002-11",
            "price": "11.49",
            "revenue": 9605
        },
        "2002-12": {
            "month": "2002-12",
            "price": "11.49",
            "revenue": 5100
        },
        "2003-01": {
            "month": "2003-01",
            "price": "11.76",
            "revenue": 6502
        },
        "2003-02": {
            "month": "2003-02",
            "price": "11.76",
            "revenue": 2119
        },
        "2003-03": {
            "month": "2003-03",
            "price": "11.45",
            "revenue": 9760
        },
        "2003-04": {
            "month": "2003-04",
            "price": "11.39",
            "revenue": 13483
        },
        "2003-05": {
            "month": "2003-05",
            "price": "11.26",
            "revenue": 38370
        },
        "2003-06": {
            "month": "2003-06",
            "price": "11.80",
            "revenue": 55478
        },
        "2003-07": {
            "month": "2003-07",
            "price": "11.83",
            "revenue": 121472
        },
        "2003-08": {
            "month": "2003-08",
            "price": "11.76",
            "revenue": 275386
        },
        "2003-09": {
            "month": "2003-09",
            "price": "11.92",
            "revenue": 89395
        },
        "2003-10": {
            "month": "2003-10",
            "price": "12.20",
            "revenue": 127125
        },
        "2003-11": {
            "month": "2003-11",
            "price": "13.49",
            "revenue": 109441
        },
        "2003-12": {
            "month": "2003-12",
            "price": "13.92",
            "revenue": 233169
        },
        "2004-01": {
            "month": "2004-01",
            "price": "17.75",
            "revenue": 60489
        },
        "2004-02": {
            "month": "2004-02",
            "price": "19.56",
            "revenue": 70333
        },
        "2004-03": {
            "month": "2004-03",
            "price": "20.70",
            "revenue": 22953
        },
        "2004-04": {
            "month": "2004-04",
            "price": "21.96",
            "revenue": 47756
        },
        "2004-05": {
            "month": "2004-05",
            "price": "20.38",
            "revenue": 57243
        },
        "2004-06": {
            "month": "2004-06",
            "price": "22.45",
            "revenue": 74062
        },
        "2004-07": {
            "month": "2004-07",
            "price": "23.04",
            "revenue": 120122
        },
        "2004-08": {
            "month": "2004-08",
            "price": "21.62",
            "revenue": 77050
        },
        "2004-09": {
            "month": "2004-09",
            "price": "22.80",
            "revenue": 108963
        },
        "2004-10": {
            "month": "2004-10",
            "price": "22.86",
            "revenue": 849410
        },
        "2004-11": {
            "month": "2004-11",
            "price": "23.43",
            "revenue": 375668
        },
        "2004-12": {
            "month": "2004-12",
            "price": "26.12",
            "revenue": 163852
        },
        "2005-01": {
            "month": "2005-01",
            "price": "27.12",
            "revenue": 108382
        },
        "2005-02": {
            "month": "2005-02",
            "price": "27.16",
            "revenue": 67170
        },
        "2005-03": {
            "month": "2005-03",
            "price": "29.38",
            "revenue": 52387
        },
        "2005-04": {
            "month": "2005-04",
            "price": "28.14",
            "revenue": 21697
        },
        "2005-05": {
            "month": "2005-05",
            "price": "27.17",
            "revenue": 15160
        },
        "2005-06": {
            "month": "2005-06",
            "price": "27.58",
            "revenue": 13321
        },
        "2005-07": {
            "month": "2005-07",
            "price": "24.80",
            "revenue": 1075
        },
        "2005-08": {
            "month": "2005-08",
            "price": "20.58",
            "revenue": 11873
        },
        "2005-09": {
            "month": "2005-09",
            "price": "20.59",
            "revenue": 22964
        },
        "2005-10": {
            "month": "2005-10",
            "price": "21.24",
            "revenue": 419567
        },
        "2005-11": {
            "month": "2005-11",
            "price": "20.48",
            "revenue": 367056
        },
        "2005-12": {
            "month": "2005-12",
            "price": "21.78",
            "revenue": 834527
        },
        "2006-01": {
            "month": "2006-01",
            "price": "22.09",
            "revenue": 31881
        },
        "2006-02": {
            "month": "2006-02",
            "price": "21.61",
            "revenue": 75406
        },
        "2006-03": {
            "month": "2006-03",
            "price": "20.79",
            "revenue": 163684
        },
        "2006-04": {
            "month": "2006-04",
            "price": "23.53",
            "revenue": 155052
        },
        "2006-05": {
            "month": "2006-05",
            "price": "31.98",
            "revenue": 227809
        },
        "2006-06": {
            "month": "2006-06",
            "price": "28.16",
            "revenue": 149812
        },
        "2006-07": {
            "month": "2006-07",
            "price": "31.44",
            "revenue": 102722
        },
        "2006-08": {
            "month": "2006-08",
            "price": "29.97",
            "revenue": 108945
        },
        "2006-09": {
            "month": "2006-09",
            "price": "26.70",
            "revenue": 87314
        },
        "2006-10": {
            "month": "2006-10",
            "price": "32.78",
            "revenue": 43876
        },
        "2006-11": {
            "month": "2006-11",
            "price": "36.89",
            "revenue": 391488
        },
        "2006-12": {
            "month": "2006-12",
            "price": "42.06",
            "revenue": 804266
        },
        "2007-01": {
            "month": "2007-01",
            "price": "40.08",
            "revenue": 133806
        },
        "2007-02": {
            "month": "2007-02",
            "price": "38.56",
            "revenue": 153339
        },
        "2007-03": {
            "month": "2007-03",
            "price": "38.98",
            "revenue": 200337
        },
        "2007-04": {
            "month": "2007-04",
            "price": "41.15",
            "revenue": 111214
        },
        "2007-05": {
            "month": "2007-05",
            "price": "40.67",
            "revenue": 118886
        },
        "2007-06": {
            "month": "2007-06",
            "price": "41.59",
            "revenue": 31978
        },
        "2007-07": {
            "month": "2007-07",
            "price": "44.52",
            "revenue": 32319
        },
        "2007-08": {
            "month": "2007-08",
            "price": "42.62",
            "revenue": 38857
        },
        "2007-09": {
            "month": "2007-09",
            "price": "38.72",
            "revenue": 75172
        },
        "2007-10": {
            "month": "2007-10",
            "price": "34.75",
            "revenue": 455592
        },
        "2007-11": {
            "month": "2007-11",
            "price": "30.47",
            "revenue": 443175
        },
        "2007-12": {
            "month": "2007-12",
            "price": "29.16",
            "revenue": 288232
        },
        "2008-01": {
            "month": "2008-01",
            "price": "29.74",
            "revenue": 27397
        },
        "2008-02": {
            "month": "2008-02",
            "price": "30.12",
            "revenue": 324594
        },
        "2008-03": {
            "month": "2008-03",
            "price": "35.06",
            "revenue": 26541
        },
        "2008-04": {
            "month": "2008-04",
            "price": "45.71",
            "revenue": 14248
        },
        "2008-05": {
            "month": "2008-05",
            "price": "45.22",
            "revenue": 247719
        },
        "2008-06": {
            "month": "2008-06",
            "price": "34.61",
            "revenue": 237742
        },
        "2008-07": {
            "month": "2008-07",
            "price": "24.98",
            "revenue": 134328
        },
        "2008-08": {
            "month": "2008-08",
            "price": "22.98",
            "revenue": 7497
        },
        "2008-09": {
            "month": "2008-09",
            "price": "17.23",
            "revenue": 28298
        },
        "2008-10": {
            "month": "2008-10",
            "price": "11.82",
            "revenue": 7689
        },
        "2008-11": {
            "month": "2008-11",
            "price": "10.34",
            "revenue": 3921
        },
        "2008-12": {
            "month": "2008-12",
            "price": "10.14",
            "revenue": 424322
        },
        "2009-01": {
            "month": "2009-01",
            "price": "9.84",
            "revenue": 33706
        },
        "2009-02": {
            "month": "2009-02",
            "price": "9.37",
            "revenue": 33815
        },
        "2009-03": {
            "month": "2009-03",
            "price": "10.36",
            "revenue": 90742
        },
        "2009-04": {
            "month": "2009-04",
            "price": "16.32",
            "revenue": 46122
        },
        "2009-05": {
            "month": "2009-05",
            "price": "18.94",
            "revenue": 21411
        },
        "2009-06": {
            "month": "2009-06",
            "price": "18.45",
            "revenue": 45936
        },
        "2009-07": {
            "month": "2009-07",
            "price": "18.56",
            "revenue": 42677
        },
        "2009-08": {
            "month": "2009-08",
            "price": "16.93",
            "revenue": 30086
        },
        "2009-09": {
            "month": "2009-09",
            "price": "17.15",
            "revenue": 53344
        },
        "2009-10": {
            "month": "2009-10",
            "price": "19.03",
            "revenue": 41298
        },
        "2009-11": {
            "month": "2009-11",
            "price": "18.04",
            "revenue": 29123
        },
        "2009-12": {
            "month": "2009-12",
            "price": "18.37",
            "revenue": 511314
        },
        "2010-01": {
            "month": "2010-01",
            "price": "18.75",
            "revenue": 48050
        },
        "2010-02": {
            "month": "2010-02",
            "price": "16.55",
            "revenue": 37374
        },
        "2010-03": {
            "month": "2010-03",
            "price": "16.91",
            "revenue": 180523
        },
        "2010-04": {
            "month": "2010-04",
            "price": "17.40",
            "revenue": 113947
        },
        "2010-05": {
            "month": "2010-05",
            "price": "16.02",
            "revenue": 114703
        },
        "2010-06": {
            "month": "2010-06",
            "price": "16.02",
            "revenue": 108344
        },
        "2010-07": {
            "month": "2010-07",
            "price": "16.45",
            "revenue": 49789
        },
        "2010-08": {
            "month": "2010-08",
            "price": "17.08",
            "revenue": 14136
        },
        "2010-09": {
            "month": "2010-09",
            "price": "16.78",
            "revenue": 70354
        },
        "2010-10": {
            "month": "2010-10",
            "price": "16.80",
            "revenue": 38594
        },
        "2010-11": {
            "month": "2010-11",
            "price": "16.88",
            "revenue": 28094
        },
        "2010-12": {
            "month": "2010-12",
            "price": "19.05",
            "revenue": 274720
        },
        "2011-01": {
            "month": "2011-01",
            "price": "20.44",
            "revenue": 132406
        },
        "2011-02": {
            "month": "2011-02",
            "price": "18.60",
            "revenue": 81843
        },
        "2011-03": {
            "month": "2011-03",
            "price": "17.72",
            "revenue": 46696
        },
        "2011-04": {
            "month": "2011-04",
            "price": "18.33",
            "revenue": 59189
        },
        "2011-05": {
            "month": "2011-05",
            "price": "18.37",
            "revenue": 44720
        },
        "2011-06": {
            "month": "2011-06",
            "price": "18.00",
            "revenue": 26091
        },
        "2011-07": {
            "month": "2011-07",
            "price": "18.78",
            "revenue": 35088
        },
        "2011-08": {
            "month": "2011-08",
            "price": "16.46",
            "revenue": 33444
        },
        "2011-09": {
            "month": "2011-09",
            "price": "16.21",
            "revenue": 359478
        },
        "2011-10": {
            "month": "2011-10",
            "price": "15.65",
            "revenue": 193563
        },
        "2011-11": {
            "month": "2011-11",
            "price": "15.53",
            "revenue": 22108
        },
        "2011-12": {
            "month": "2011-12",
            "price": "14.32",
            "revenue": 23798
        },
        "2012-01": {
            "month": "2012-01",
            "price": "13.58",
            "revenue": 6267
        },
        "2012-02": {
            "month": "2012-02",
            "price": "15.11",
            "revenue": 6252
        },
        "2012-03": {
            "month": "2012-03",
            "price": "15.60",
            "revenue": 9398
        },
        "2012-04": {
            "month": "2012-04",
            "price": "15.48",
            "revenue": 6757
        },
        "2012-05": {
            "month": "2012-05",
            "price": "15.68",
            "revenue": 25754
        },
        "2012-06": {
            "month": "2012-06",
            "price": "15.77",
            "revenue": 595289
        },
        "2012-07": {
            "month": "2012-07",
            "price": "15.71",
            "revenue": 219885
        },
        "2012-08": {
            "month": "2012-08",
            "price": "15.98",
            "revenue": 40535
        },
        "2012-09": {
            "month": "2012-09",
            "price": "17.08",
            "revenue": 277373
        },
        "2012-10": {
            "month": "2012-10",
            "price": "16.38",
            "revenue": 675168
        },
        "2012-11": {
            "month": "2012-11",
            "price": "16.30",
            "revenue": 348986
        },
        "2012-12": {
            "month": "2012-12",
            "price": "16.78",
            "revenue": 214184
        },
        "2013-01": {
            "month": "2013-01",
            "price": "18.05",
            "revenue": 49233
        },
        "2013-02": {
            "month": "2013-02",
            "price": "18.93",
            "revenue": 22284
        },
        "2013-03": {
            "month": "2013-03",
            "price": "19.06",
            "revenue": 52020
        },
        "2013-04": {
            "month": "2013-04",
            "price": "20.08",
            "revenue": 26832
        },
        "2013-05": {
            "month": "2013-05",
            "price": "21.82",
            "revenue": 1646008
        },
        "2013-06": {
            "month": "2013-06",
            "price": "21.00",
            "revenue": 36357
        },
        "2013-07": {
            "month": "2013-07",
            "price": "20.76",
            "revenue": 26957
        },
        "2013-08": {
            "month": "2013-08",
            "price": "20.85",
            "revenue": 60755
        },
        "2013-09": {
            "month": "2013-09",
            "price": "19.14",
            "revenue": 46980
        },
        "2013-10": {
            "month": "2013-10",
            "price": "19.04",
            "revenue": 12511
        },
        "2013-11": {
            "month": "2013-11",
            "price": "18.96",
            "revenue": 39491
        },
        "2013-12": {
            "month": "2013-12",
            "price": "19.84",
            "revenue": 598139
        },
        "2014-01": {
            "month": "2014-01",
            "price": "19.69",
            "revenue": 138347
        },
        "2014-02": {
            "month": "2014-02",
            "price": "19.98",
            "revenue": 122480
        },
        "2014-03": {
            "month": "2014-03",
            "price": "19.88",
            "revenue": 265248
        },
        "2014-04": {
            "month": "2014-04",
            "price": "20.07",
            "revenue": 295607
        },
        "2014-05": {
            "month": "2014-05",
            "price": "19.78",
            "revenue": 167802
        },
        "2014-06": {
            "month": "2014-06",
            "price": "20.56",
            "revenue": 92378
        },
        "2014-07": {
            "month": "2014-07",
            "price": "20.45",
            "revenue": 78701
        },
        "2014-08": {
            "month": "2014-08",
            "price": "20.53",
            "revenue": 108203
        },
        "2014-09": {
            "month": "2014-09",
            "price": "18.53",
            "revenue": 134669
        },
        "2014-10": {
            "month": "2014-10",
            "price": "17.65",
            "revenue": 141812
        },
        "2014-11": {
            "month": "2014-11",
            "price": "17.06",
            "revenue": 118446
        },
        "2014-12": {
            "month": "2014-12",
            "price": "17.60",
            "revenue": 1539352
        },
        "2015-01": {
            "month": "2015-01",
            "price": "18.28",
            "revenue": 226874
        },
        "2015-02": {
            "month": "2015-02",
            "price": "18.58",
            "revenue": 201696
        },
        "2015-03": {
            "month": "2015-03",
            "price": "18.61",
            "revenue": 737168
        },
        "2015-04": {
            "month": "2015-04",
            "price": "18.62",
            "revenue": 560621
        },
        "2015-05": {
            "month": "2015-05",
            "price": "18.86",
            "revenue": 350867
        },
        "2015-06": {
            "month": "2015-06",
            "price": "17.91",
            "revenue": 359002
        },
        "2015-07": {
            "month": "2015-07",
            "price": "17.74",
            "revenue": 351128
        },
        "2015-08": {
            "month": "2015-08",
            "price": "16.99",
            "revenue": 263244
        },
        "2015-09": {
            "month": "2015-09",
            "price": "16.73",
            "revenue": 99838
        },
        "2015-10": {
            "month": "2015-10",
            "price": "16.19",
            "revenue": 118131
        },
        "2015-11": {
            "month": "2015-11",
            "price": "16.23",
            "revenue": 80007
        },
        "2015-12": {
            "month": "2015-12",
            "price": "15.79",
            "revenue": 402720
        },
        "2016-01": {
            "month": "2016-01",
            "price": "15.58",
            "revenue": 58848
        },
        "2016-02": {
            "month": "2016-02",
            "price": "15.35",
            "revenue": 26021
        },
        "2016-03": {
            "month": "2016-03",
            "price": "15.87",
            "revenue": 71114
        },
        "2016-04": {
            "month": "2016-04",
            "price": "16.23",
            "revenue": 49379
        },
        "2016-05": {
            "month": "2016-05",
            "price": "15.98",
            "revenue": 74693
        },
        "2016-06": {
            "month": "2016-06",
            "price": "15.91",
            "revenue": 81583
        },
        "2016-07": {
            "month": "2016-07",
            "price": "15.94",
            "revenue": 190486
        },
        "2016-08": {
            "month": "2016-08",
            "price": "15.84",
            "revenue": 38454
        },
        "2016-09": {
            "month": "2016-09",
            "price": "14.84",
            "revenue": 130982
        },
        "2016-10": {
            "month": "2016-10",
            "price": "14.74",
            "revenue": 100263
        },
        "2016-11": {
            "month": "2016-11",
            "price": "14.54",
            "revenue": 93557
        },
        "2016-12": {
            "month": "2016-12",
            "price": "14.53",
            "revenue": 78420
        },
        "2017-01": {
            "month": "2017-01",
            "price": "14.09",
            "revenue": 25669
        },
        "2017-02": {
            "month": "2017-02",
            "price": "14.19",
            "revenue": 40576
        },
        "2017-03": {
            "month": "2017-03",
            "price": "14.38",
            "revenue": 34632
        },
        "2017-04": {
            "month": "2017-04",
            "price": "14.29",
            "revenue": 55690
        },
        "2017-05": {
            "month": "2017-05",
            "price": "14.20",
            "revenue": 56866
        },
        "2017-06": {
            "month": "2017-06",
            "price": "14.17",
            "revenue": 179255
        },
        "2017-07": {
            "month": "2017-07",
            "price": "13.81",
            "revenue": 109811
        },
        "2017-08": {
            "month": "2017-08",
            "price": "13.63",
            "revenue": 109043
        },
        "2017-09": {
            "month": "2017-09",
            "price": "13.78",
            "revenue": 32686
        },
        "2017-10": {
            "month": "2017-10",
            "price": "14.48",
            "revenue": 73397
        },
        "2017-11": {
            "month": "2017-11",
            "price": "14.85",
            "revenue": 48140
        },
        "2017-12": {
            "month": "2017-12",
            "price": "14.88",
            "revenue": 714197
        },
        "2018-01": {
            "month": "2018-01",
            "price": "17.04",
            "revenue": 135137
        },
        "2018-02": {
            "month": "2018-02",
            "price": "16.65",
            "revenue": 113733
        },
        "2018-03": {
            "month": "2018-03",
            "price": "17.36",
            "revenue": 105609
        },
        "2018-04": {
            "month": "2018-04",
            "price": "18.00",
            "revenue": 67379
        },
        "2018-05": {
            "month": "2018-05",
            "price": "19.21",
            "revenue": 105324
        },
        "2018-06": {
            "month": "2018-06",
            "price": "21.88",
            "revenue": 1072609
        },
        "2018-07": {
            "month": "2018-07",
            "price": "21.65",
            "revenue": 236988
        },
        "2018-08": {
            "month": "2018-08",
            "price": "21.33",
            "revenue": 103214
        },
        "2018-09": {
            "month": "2018-09",
            "price": "21.81",
            "revenue": 655332
        },
        "2018-10": {
            "month": "2018-10",
            "price": "20.79",
            "revenue": 690126
        },
        "2018-11": {
            "month": "2018-11",
            "price": "20.53",
            "revenue": 290697
        },
        "2018-12": {
            "month": "2018-12",
            "price": "20.84",
            "revenue": 611696
        },
        "2019-01": {
            "month": "2019-01",
            "price": "21.19",
            "revenue": 511500
        },
        "2019-02": {
            "month": "2019-02",
            "price": "22.10",
            "revenue": 123453
        },
        "2019-03": {
            "month": "2019-03",
            "price": "24.65",
            "revenue": 118402
        },
        "2019-04": {
            "month": "2019-04",
            "price": "26.78",
            "revenue": 183786
        },
        "2019-05": {
            "month": "2019-05",
            "price": "26.64",
            "revenue": 210099
        },
        "2019-06": {
            "month": "2019-06",
            "price": "28.08",
            "revenue": 197916
        },
        "2019-07": {
            "month": "2019-07",
            "price": "28.49",
            "revenue": 187606
        },
        "2019-08": {
            "month": "2019-08",
            "price": "26.64",
            "revenue": 157800
        },
        "2019-09": {
            "month": "2019-09",
            "price": "22.81",
            "revenue": 118331
        },
        "2019-10": {
            "month": "2019-10",
            "price": "22.92",
            "revenue": 194963
        },
        "2019-11": {
            "month": "2019-11",
            "price": "22.61",
            "revenue": 258883
        },
        "2019-12": {
            "month": "2019-12",
            "price": "22.82",
            "revenue": 319606
        },
        "2020-01": {
            "month": "2020-01",
            "price": "22.65",
            "revenue": 74884
        },
        "2020-02": {
            "month": "2020-02",
            "price": "20.96",
            "revenue": 150526
        },
        "2020-03": {
            "month": "2020-03",
            "price": "18.87",
            "revenue": 135249
        },
        "2020-04": {
            "month": "2020-04",
            "price": "19.43",
            "revenue": 66287
        },
        "2020-05": {
            "month": "2020-05",
            "price": "20.16",
            "revenue": 83912
        },
        "2020-06": {
            "month": "2020-06",
            "price": "21.01",
            "revenue": 82199
        },
        "2020-07": {
            "month": "2020-07",
            "price": "21.79",
            "revenue": 53958
        },
        "2020-08": {
            "month": "2020-08",
            "price": "21.82",
            "revenue": 83901
        },
        "2020-09": {
            "month": "2020-09",
            "price": "21.30",
            "revenue": 40934
        },
        "2020-10": {
            "month": "2020-10",
            "price": "21.56",
            "revenue": 45367
        },
        "2020-11": {
            "month": "2020-11",
            "price": "21.44",
            "revenue": 85913
        },
        "2020-12": {
            "month": "2020-12",
            "price": "21.73",
            "revenue": 97246
        },
        "2021-01": {
            "month": "2021-01",
            "price": "21.76",
            "revenue": 39872
        },
        "2021-02": {
            "month": "2021-02",
            "price": "21.71",
            "revenue": 30858
        },
        "2021-03": {
            "month": "2021-03",
            "price": "22.42",
            "revenue": 66086
        },
        "2021-04": {
            "month": "2021-04",
            "price": "24.83",
            "revenue": 64202
        },
        "2021-05": {
            "month": "2021-05",
            "price": "24.65",
            "revenue": 45381
        },
        "2021-06": {
            "month": "2021-06",
            "price": "24.87",
            "revenue": 27817
        },
        "2021-07": {
            "month": "2021-07",
            "price": "24.96",
            "revenue": 40220
        },
        "2021-08": {
            "month": "2021-08",
            "price": "24.83",
            "revenue": 67454
        },
        "2021-09": {
            "month": "2021-09",
            "price": "25.44",
            "revenue": 31000
        },
        "2021-10": {
            "month": "2021-10",
            "price": "27.63",
            "revenue": 30364
        },
        "2021-11": {
            "month": "2021-11",
            "price": "28.35",
            "revenue": 69954
        },
        "2021-12": {
            "month": "2021-12",
            "price": "28.50",
            "revenue": 264504
        },
        "2022-01": {
            "month": "2022-01",
            "price": "27.21",
            "revenue": 194627
        },
        "2022-02": {
            "month": "2022-02",
            "price": "27.07",
            "revenue": 297449
        },
        "2022-03": {
            "month": "2022-03",
            "price": "26.85",
            "revenue": 1741718
        },
        "2022-04": {
            "month": "2022-04",
            "price": "26.71",
            "revenue": 1072169
        },
        "2022-05": {
            "month": "2022-05",
            "price": "25.16",
            "revenue": 287931
        },
        "2022-06": {
            "month": "2022-06",
            "price": "23.78",
            "revenue": 308538
        },
        "2022-07": {
            "month": "2022-07",
            "price": "23.60",
            "revenue": 136415
        },
        "2022-08": {
            "month": "2022-08",
            "price": "24.05",
            "revenue": 106626
        },
        "2022-09": {
            "month": "2022-09",
            "price": "24.08",
            "revenue": 69376
        },
        "2022-10": {
            "month": "2022-10",
            "price": "24.29",
            "revenue": 77051
        },
        "2022-11": {
            "month": "2022-11",
            "price": "23.77",
            "revenue": 38409
        },
        "2022-12": {
            "month": "2022-12",
            "price": "24.17",
            "revenue": 1076862
        },
        "2023-01": {
            "month": "2023-01",
            "price": "24.50",
            "revenue": 110151
        },
        "2023-02": {
            "month": "2023-02",
            "price": "24.33",
            "revenue": 98487
        },
        "2023-03": {
            "month": "2023-03",
            "price": "25.29",
            "revenue": 131041
        },
        "2023-04": {
            "month": "2023-04",
            "price": "26.84",
            "revenue": 96963
        }
    }
}
