{
    "summary": {
        "stock_name": "鉅陞",
        "stock_id": "5529",
        "category": "建材營造",
        "main_business": "住宅及大樓開發租售業<br>新市鎮、新社區開發業<br>不動產租賃業",
        "website_url": "https://mega-international.com.tw",
        "ceo": "褚學忠",
        "pe_ratio": -19,
        "report_year_from": 2001,
        "report_year_to": 2023,
        "age": 22,
        "eps_negative_percentage": 70,
        "eps_growth_avg": {
            "last_all": -75.2,
            "last_2y": null,
            "last_4y": null,
            "last_8y": -100,
            "last_12y": -99.09,
            "last_16y": -95.39,
            "last_20y": -75.2,
            "at_2006_last_3y": -49.82,
            "at_2007_last_3y": -49.82,
            "at_2008_last_3y": -55.73,
            "at_2009_last_3y": -89.83,
            "at_2010_last_3y": -89.83,
            "at_2011_last_3y": -89.83,
            "at_2012_last_3y": -89.83,
            "at_2013_last_3y": -98.64,
            "at_2014_last_3y": -98.64,
            "at_2015_last_3y": -98.64,
            "at_2016_last_3y": -98.64,
            "at_2017_last_3y": -100,
            "at_2018_last_3y": null,
            "at_2019_last_3y": null,
            "at_2020_last_3y": null,
            "at_2021_last_3y": null,
            "at_2022_last_3y": null,
            "at_2023_last_3y": null,
            "at_2006_last_all": -49.82,
            "at_2007_last_all": -49.82,
            "at_2008_last_all": -49.82,
            "at_2009_last_all": -57.28,
            "at_2010_last_all": -65.83,
            "at_2011_last_all": -65.83,
            "at_2012_last_all": -65.83,
            "at_2013_last_all": -71.07,
            "at_2014_last_all": -75.2,
            "at_2015_last_all": -75.2,
            "at_2016_last_all": -75.2,
            "at_2017_last_all": -75.2,
            "at_2018_last_all": -75.2,
            "at_2019_last_all": -75.2,
            "at_2020_last_all": -75.2,
            "at_2021_last_all": -75.2,
            "at_2022_last_all": -75.2,
            "at_2023_last_all": -75.2
        },
        "latest_eps": -0.6,
        "latest_price": 11.25,
        "latest_roe": -8.55,
        "latest_gross_margin": 63.58,
        "latest_equity": 836839,
        "latest_revenue": 23532,
        "latest_gross_profit": 14961,
        "latest_net_income": -15894,
        "latest_debt_ratio": 74.06,
        "latest_current_ratio": 128.73,
        "latest_account_receivable_turnover_ratio": 11.27,
        "latest_inventory_turnover_ratio": 0,
        "latest_reinvestment_rate": null,
        "latest_research_to_sale_ratio": null
    },
    "eps_dividends": {
        "1993": {
            "cash": 0,
            "stock": 4.69,
            "eps": 0
        },
        "1995": {
            "cash": 0,
            "stock": 3,
            "eps": 0
        },
        "1996": {
            "cash": 0,
            "stock": 1,
            "eps": 0
        },
        "1997": {
            "cash": 0,
            "stock": 0.5,
            "eps": 0
        },
        "1999": {
            "cash": 1.5,
            "stock": 2.5,
            "eps": 0
        },
        "2001": {
            "cash": 0,
            "stock": 0,
            "eps": -3.1
        },
        "2002": {
            "cash": 0,
            "stock": 0,
            "eps": -6.21
        },
        "2003": {
            "cash": 0,
            "stock": 0,
            "eps": 7.89
        },
        "2004": {
            "cash": 0,
            "stock": 0,
            "eps": 4.89
        },
        "2005": {
            "cash": 0.11,
            "stock": 0.99,
            "eps": 4.33
        },
        "2006": {
            "cash": 0.22,
            "stock": 2,
            "eps": -1.21
        },
        "2007": {
            "cash": 0,
            "stock": 1,
            "eps": -0.44
        },
        "2008": {
            "cash": 0,
            "stock": 0,
            "eps": 1.77
        },
        "2009": {
            "cash": 0.05,
            "stock": 0.45,
            "eps": 0.36
        },
        "2010": {
            "cash": 0.05,
            "stock": 0.45,
            "eps": -1.28
        },
        "2011": {
            "cash": 0,
            "stock": 1,
            "eps": -1.69
        },
        "2012": {
            "cash": 0,
            "stock": 0,
            "eps": 15.08
        },
        "2013": {
            "cash": 1.5,
            "stock": 7,
            "eps": 0.41
        },
        "2014": {
            "cash": 0.8,
            "stock": 1.2,
            "eps": -0.15
        },
        "2015": {
            "cash": 0.25,
            "stock": 0.25,
            "eps": -0.63
        },
        "2016": {
            "cash": 0,
            "stock": 0,
            "eps": -1.38
        },
        "2017": {
            "cash": 0,
            "stock": 0,
            "eps": -1.5
        },
        "2018": {
            "cash": 0,
            "stock": 0,
            "eps": -1.39
        },
        "2019": {
            "cash": 0,
            "stock": 0,
            "eps": -1.41
        },
        "2020": {
            "cash": 0,
            "stock": 0,
            "eps": -1.51
        },
        "2021": {
            "cash": 0,
            "stock": 0,
            "eps": -0.99
        },
        "2022": {
            "cash": 0,
            "stock": 0,
            "eps": -0.71
        },
        "2023": {
            "cash": 0,
            "stock": 0,
            "eps": -0.39
        }
    },
    "dividends": {
        "1993-05-10": {
            "cash": 0,
            "stock": 4.69
        },
        "1995-04-10": {
            "cash": 0,
            "stock": 3
        },
        "1996-05-24": {
            "cash": 0,
            "stock": 1
        },
        "1997-04-30": {
            "cash": 0,
            "stock": 0.5
        },
        "1999-03-31": {
            "cash": 1.5,
            "stock": 2.5
        },
        "2005-04-27": {
            "cash": 0.11,
            "stock": 0.99
        },
        "2006-04-26": {
            "cash": 0.22,
            "stock": 2
        },
        "2007-04-26": {
            "cash": 0,
            "stock": 1
        },
        "2009-04-29": {
            "cash": 0.05,
            "stock": 0.45
        },
        "2010-04-27": {
            "cash": 0.05,
            "stock": 0.45
        },
        "2011-04-22": {
            "cash": 0,
            "stock": 1
        },
        "2013-06-11": {
            "cash": 1.5,
            "stock": 7
        },
        "2014-05-30": {
            "cash": 0.8,
            "stock": 1.2
        },
        "2015-09-30": {
            "cash": 0.25,
            "stock": 0.25
        }
    },
    "prices": {
        "200101": "3.53",
        "200102": "4.06",
        "200103": "5.32",
        "200104": "11.00",
        "200105": "7.13",
        "200106": "6.24",
        "200107": "6.05",
        "200108": "7.62",
        "200109": "5.24",
        "200110": "4.19",
        "200111": "3.73",
        "200112": "3.63",
        "200201": "4.04",
        "200202": "3.62",
        "200203": "4.39",
        "200204": "5.90",
        "200205": "9.97",
        "200206": "6.21",
        "200207": "4.14",
        "200208": "3.22",
        "200209": "1.62",
        "200210": "0.95",
        "200211": "1.35",
        "200212": "2.00",
        "200301": "2.30",
        "200302": "2.20",
        "200303": "1.21",
        "200304": "1.36",
        "200305": "1.10",
        "200306": "1.29",
        "200307": "1.19",
        "200308": "1.29",
        "200309": "1.41",
        "200310": "12.88",
        "200311": "13.20",
        "200312": "21.08",
        "200401": "33.02",
        "200402": "34.60",
        "200403": "28.50",
        "200404": "30.41",
        "200405": "29.82",
        "200406": "23.82",
        "200407": "26.25",
        "200408": "24.38",
        "200409": "19.54",
        "200410": "20.58",
        "200411": "21.44",
        "200412": "19.88",
        "200501": "15.72",
        "200502": "13.58",
        "200503": "14.46",
        "200504": "13.08",
        "200505": "12.68",
        "200506": "13.38",
        "200507": "13.86",
        "200508": "13.64",
        "200509": "17.03",
        "200510": "16.04",
        "200511": "15.95",
        "200512": "18.87",
        "200601": "19.46",
        "200602": "17.78",
        "200603": "16.91",
        "200604": "18.81",
        "200605": "18.92",
        "200606": "16.71",
        "200607": "17.27",
        "200608": "14.34",
        "200609": "12.46",
        "200610": "13.19",
        "200611": "15.25",
        "200612": "28.40",
        "200701": "26.88",
        "200702": "28.73",
        "200703": "29.61",
        "200704": "29.73",
        "200705": "29.38",
        "200706": "28.10",
        "200707": "29.56",
        "200708": "26.85",
        "200709": "27.29",
        "200710": "26.82",
        "200711": "25.99",
        "200712": "25.46",
        "200801": "25.74",
        "200802": "26.80",
        "200803": "28.37",
        "200804": "33.05",
        "200805": "29.86",
        "200806": "27.53",
        "200807": "23.22",
        "200808": "22.12",
        "200809": "13.48",
        "200810": "8.46",
        "200811": "9.99",
        "200812": "10.23",
        "200901": "9.02",
        "200902": "5.06",
        "200903": "7.88",
        "200904": "9.22",
        "200905": "9.78",
        "200906": "10.00",
        "200907": "10.65",
        "200908": "9.91",
        "200909": "10.15",
        "200910": "11.63",
        "200911": "10.27",
        "200912": "10.20",
        "201001": "10.97",
        "201002": "9.58",
        "201003": "9.95",
        "201004": "10.84",
        "201005": "10.21",
        "201006": "10.03",
        "201007": "10.30",
        "201008": "10.25",
        "201009": "10.06",
        "201010": "9.98",
        "201011": "9.35",
        "201012": "9.56",
        "201101": "9.43",
        "201102": "9.26",
        "201103": "8.91",
        "201104": "9.35",
        "201105": "9.71",
        "201106": "12.22",
        "201107": "12.72",
        "201108": "12.13",
        "201109": "10.71",
        "201110": "10.26",
        "201111": "10.50",
        "201112": "10.81",
        "201201": "11.16",
        "201202": "13.45",
        "201203": "14.01",
        "201204": "14.18",
        "201205": "14.15",
        "201206": "15.25",
        "201207": "15.69",
        "201208": "15.98",
        "201209": "17.71",
        "201210": "20.73",
        "201211": "24.69",
        "201212": "25.01",
        "201301": "24.85",
        "201302": "24.89",
        "201303": "27.37",
        "201304": "55.37",
        "201305": "80.00",
        "201306": "74.43",
        "201307": "60.80",
        "201308": "43.50",
        "201309": "29.00",
        "201310": "33.45",
        "201311": "31.94",
        "201312": "29.94",
        "201401": "29.37",
        "201402": "28.73",
        "201403": "25.07",
        "201404": "27.02",
        "201405": "25.24",
        "201406": "23.76",
        "201407": "20.56",
        "201408": "18.10",
        "201409": "18.31",
        "201410": "17.89",
        "201411": "15.99",
        "201412": "14.49",
        "201501": "14.78",
        "201502": "13.94",
        "201503": "13.93",
        "201504": "12.42",
        "201505": "11.14",
        "201506": "9.87",
        "201507": "9.19",
        "201508": "7.42",
        "201509": "8.06",
        "201510": "8.87",
        "201511": "8.57",
        "201512": "8.19",
        "201601": "7.65",
        "201602": "7.86",
        "201603": "10.36",
        "201604": "10.81",
        "201605": "9.95",
        "201606": "10.68",
        "201607": "10.41",
        "201608": "9.97",
        "201609": "9.72",
        "201610": "9.14",
        "201611": "8.29",
        "201612": "7.94",
        "201701": "7.27",
        "201702": "7.59",
        "201703": "8.40",
        "201704": "9.87",
        "201705": "11.57",
        "201706": "9.82",
        "201707": "8.86",
        "201708": "8.34",
        "201709": "9.35",
        "201710": "9.21",
        "201711": "8.81",
        "201712": "9.22",
        "201801": "9.06",
        "201802": "8.48",
        "201803": "8.22",
        "201804": "8.17",
        "201805": "8.51",
        "201806": "8.24",
        "201807": "7.35",
        "201808": "6.68",
        "201809": "6.11",
        "201810": "6.07",
        "201811": "8.24",
        "201812": "8.89",
        "201901": "8.04",
        "201902": "8.51",
        "201903": "7.75",
        "201904": "7.30",
        "201905": "6.64",
        "201906": "7.12",
        "201907": "6.53",
        "201908": "6.52",
        "201909": "5.69",
        "201910": "5.69",
        "201911": "7.80",
        "201912": "7.73",
        "202001": "7.68",
        "202002": "9.11",
        "202003": "7.56",
        "202004": "6.91",
        "202005": "6.54",
        "202006": "6.21",
        "202007": "6.13",
        "202008": "5.98",
        "202009": "6.30",
        "202010": "7.54",
        "202011": "7.43",
        "202012": "8.21",
        "202101": "11.27",
        "202102": "11.50",
        "202103": "12.79",
        "202104": "19.97",
        "202105": "17.77",
        "202106": "18.61",
        "202107": "18.56",
        "202108": "17.35",
        "202109": "16.84",
        "202110": "16.42",
        "202111": "17.06",
        "202112": "17.29",
        "202201": "16.94",
        "202202": "17.41",
        "202203": "16.72",
        "202204": "16.17",
        "202205": "14.61",
        "202206": "14.52",
        "202207": "13.78",
        "202208": "13.41",
        "202209": "12.84",
        "202210": "12.44",
        "202211": "13.71",
        "202212": "12.97",
        "202301": "12.60",
        "202302": "12.75",
        "202303": "12.08",
        "202304": "11.49",
        "202305": "11.96",
        "202306": "11.88",
        "202307": "11.49",
        "202308": "11.35",
        "202309": "11.66"
    },
    "quarters": {
        "20011": {
            "year_quarter": 20011,
            "year": 2001,
            "quarter": 1,
            "eps": -0.23,
            "eps_growth_year": null,
            "eps_4q": -2.78,
            "eps_4q_growth_year": null,
            "roe": -4.41,
            "roe_4q": -4.41,
            "gross_profit": 5794,
            "gross_margin": 6.3,
            "gross_margin_4q_avg": 6.3,
            "net_income": -16987,
            "revenue": 92037,
            "common_shares": 744949,
            "book_valuer_per_share": 5.05,
            "book_valuer_per_share_4q_avg": 5.05,
            "equity": 376279,
            "current_ratio": 106.56,
            "debt_ratio": 77.26,
            "inventory_turnover_ratio": 0.13,
            "account_receivable_turnover_ratio": null,
            "reinvestment_rate": null,
            "research_to_sale_ratio": null,
            "price_fair": 0,
            "eps_avg_yearly": 0,
            "eps_latest_yearly": 0,
            "eps_growth_yearly": 0
        },
        "20012": {
            "year_quarter": 20012,
            "year": 2001,
            "quarter": 2,
            "eps": 0.08,
            "eps_growth_year": null,
            "eps_4q": -2.11,
            "eps_4q_growth_year": null,
            "roe": 1.61,
            "roe_4q": -2.8,
            "gross_profit": 37994,
            "gross_margin": 31.76,
            "gross_margin_4q_avg": 19.03,
            "net_income": 6098,
            "revenue": 119633,
            "common_shares": 744949,
            "book_valuer_per_share": 5.13,
            "book_valuer_per_share_4q_avg": 5.09,
            "equity": 382377,
            "current_ratio": 108.04,
            "debt_ratio": 75.44,
            "inventory_turnover_ratio": 0.14,
            "account_receivable_turnover_ratio": null,
            "reinvestment_rate": null,
            "research_to_sale_ratio": null,
            "price_fair": 0,
            "eps_avg_yearly": 0,
            "eps_latest_yearly": 0,
            "eps_growth_yearly": 0
        },
        "20013": {
            "year_quarter": 20013,
            "year": 2001,
            "quarter": 3,
            "eps": -0.05,
            "eps_growth_year": null,
            "eps_4q": -1.29,
            "eps_4q_growth_year": null,
            "roe": -0.95,
            "roe_4q": -3.75,
            "gross_profit": 23239,
            "gross_margin": 28.78,
            "gross_margin_4q_avg": 22.28,
            "net_income": -3630,
            "revenue": 80736,
            "common_shares": 744949,
            "book_valuer_per_share": 5.08,
            "book_valuer_per_share_4q_avg": 5.09,
            "equity": 378747,
            "current_ratio": 113.48,
            "debt_ratio": 72.87,
            "inventory_turnover_ratio": 0.1,
            "account_receivable_turnover_ratio": null,
            "reinvestment_rate": null,
            "research_to_sale_ratio": null,
            "price_fair": 0,
            "eps_avg_yearly": 0,
            "eps_latest_yearly": 0,
            "eps_growth_yearly": 0
        },
        "20014": {
            "year_quarter": 20014,
            "year": 2001,
            "quarter": 4,
            "eps": -2.9,
            "eps_growth_year": null,
            "eps_4q": -3.28,
            "eps_4q_growth_year": null,
            "roe": -33.21,
            "roe_4q": -36.96000000000001,
            "gross_profit": -1368,
            "gross_margin": -2.14,
            "gross_margin_4q_avg": 16.18,
            "net_income": -107873,
            "revenue": 63921,
            "common_shares": 372475,
            "book_valuer_per_share": 7.27,
            "book_valuer_per_share_4q_avg": 5.63,
            "equity": 270874,
            "current_ratio": 109.87,
            "debt_ratio": 77.42,
            "inventory_turnover_ratio": 0.12,
            "account_receivable_turnover_ratio": null,
            "reinvestment_rate": null,
            "research_to_sale_ratio": null,
            "price_fair": 0,
            "eps_avg_yearly": 0,
            "eps_latest_yearly": 0,
            "eps_growth_yearly": 0
        },
        "20021": {
            "year_quarter": 20021,
            "year": 2002,
            "quarter": 1,
            "eps": -1.22,
            "eps_growth_year": null,
            "eps_4q": -4.06,
            "eps_4q_growth_year": null,
            "roe": -18.26,
            "roe_4q": -50.81,
            "gross_profit": -47964,
            "gross_margin": -233.49,
            "gross_margin_4q_avg": -43.77,
            "net_income": -45338,
            "revenue": 20542,
            "common_shares": 372475,
            "book_valuer_per_share": 6.06,
            "book_valuer_per_share_4q_avg": 5.89,
            "equity": 225762,
            "current_ratio": 124.38,
            "debt_ratio": 79.57,
            "inventory_turnover_ratio": 0.13,
            "account_receivable_turnover_ratio": null,
            "reinvestment_rate": null,
            "research_to_sale_ratio": null,
            "price_fair": 0,
            "eps_avg_yearly": 0,
            "eps_latest_yearly": 0,
            "eps_growth_yearly": 0
        },
        "20022": {
            "year_quarter": 20022,
            "year": 2002,
            "quarter": 2,
            "eps": -2.78,
            "eps_growth_year": -3575,
            "eps_4q": -6.96,
            "eps_4q_growth_year": null,
            "roe": -58.59,
            "roe_4q": -111.01,
            "gross_profit": 5768,
            "gross_margin": 24.17,
            "gross_margin_4q_avg": -45.67,
            "net_income": -102310,
            "revenue": 23863,
            "common_shares": 372475,
            "book_valuer_per_share": 3.31,
            "book_valuer_per_share_4q_avg": 5.43,
            "equity": 123452,
            "current_ratio": 112.38,
            "debt_ratio": 85.04,
            "inventory_turnover_ratio": 0.04,
            "account_receivable_turnover_ratio": null,
            "reinvestment_rate": null,
            "research_to_sale_ratio": null,
            "price_fair": 0,
            "eps_avg_yearly": 0,
            "eps_latest_yearly": 0,
            "eps_growth_yearly": 0
        },
        "20023": {
            "year_quarter": 20023,
            "year": 2002,
            "quarter": 3,
            "eps": -1.58,
            "eps_growth_year": null,
            "eps_4q": -8.43,
            "eps_4q_growth_year": null,
            "roe": -61.98,
            "roe_4q": -172.04,
            "gross_profit": -23865,
            "gross_margin": -41.81,
            "gross_margin_4q_avg": -63.32,
            "net_income": -58410,
            "revenue": 57084,
            "common_shares": 372475,
            "book_valuer_per_share": 1.75,
            "book_valuer_per_share_4q_avg": 4.6,
            "equity": 65042,
            "current_ratio": 106.65,
            "debt_ratio": 91.32,
            "inventory_turnover_ratio": 0.18,
            "account_receivable_turnover_ratio": null,
            "reinvestment_rate": null,
            "research_to_sale_ratio": null,
            "price_fair": 0,
            "eps_avg_yearly": 0,
            "eps_latest_yearly": 0,
            "eps_growth_yearly": 0
        },
        "20024": {
            "year_quarter": 20024,
            "year": 2002,
            "quarter": 4,
            "eps": -0.63,
            "eps_growth_year": null,
            "eps_4q": -6.2,
            "eps_4q_growth_year": null,
            "roe": -43.68,
            "roe_4q": -182.51,
            "gross_profit": -19737,
            "gross_margin": -19.63,
            "gross_margin_4q_avg": -67.69,
            "net_income": -23317,
            "revenue": 100553,
            "common_shares": 372475,
            "book_valuer_per_share": 1.12,
            "book_valuer_per_share_4q_avg": 3.06,
            "equity": 41725,
            "current_ratio": 102.08,
            "debt_ratio": 93.21,
            "inventory_turnover_ratio": 0.29,
            "account_receivable_turnover_ratio": null,
            "reinvestment_rate": null,
            "research_to_sale_ratio": null,
            "price_fair": 0,
            "eps_avg_yearly": 0,
            "eps_latest_yearly": 0,
            "eps_growth_yearly": 0
        },
        "20031": {
            "year_quarter": 20031,
            "year": 2003,
            "quarter": 1,
            "eps": -0.13,
            "eps_growth_year": null,
            "eps_4q": -5.06,
            "eps_4q_growth_year": null,
            "roe": -12.35,
            "roe_4q": -176.6,
            "gross_profit": 4195,
            "gross_margin": 11.1,
            "gross_margin_4q_avg": -6.54,
            "net_income": -4855,
            "revenue": 37800,
            "common_shares": 372475,
            "book_valuer_per_share": 0.99,
            "book_valuer_per_share_4q_avg": 1.79,
            "equity": 36871,
            "current_ratio": 101.12,
            "debt_ratio": 93.74,
            "inventory_turnover_ratio": 0.09,
            "account_receivable_turnover_ratio": null,
            "reinvestment_rate": null,
            "research_to_sale_ratio": null,
            "price_fair": 0,
            "eps_avg_yearly": 0,
            "eps_latest_yearly": 0,
            "eps_growth_yearly": 0
        },
        "20032": {
            "year_quarter": 20032,
            "year": 2003,
            "quarter": 2,
            "eps": -0.1,
            "eps_growth_year": null,
            "eps_4q": -2.42,
            "eps_4q_growth_year": null,
            "roe": -10.69,
            "roe_4q": -128.7,
            "gross_profit": 6406,
            "gross_margin": 25.24,
            "gross_margin_4q_avg": -6.28,
            "net_income": -3741,
            "revenue": 25381,
            "common_shares": 372475,
            "book_valuer_per_share": 0.89,
            "book_valuer_per_share_4q_avg": 1.19,
            "equity": 33130,
            "current_ratio": 98.94,
            "debt_ratio": 94.28,
            "inventory_turnover_ratio": 0.05,
            "account_receivable_turnover_ratio": null,
            "reinvestment_rate": null,
            "research_to_sale_ratio": null,
            "price_fair": 0,
            "eps_avg_yearly": 0,
            "eps_latest_yearly": 0,
            "eps_growth_yearly": 0
        },
        "20033": {
            "year_quarter": 20033,
            "year": 2003,
            "quarter": 3,
            "eps": -0.24,
            "eps_growth_year": null,
            "eps_4q": -3.35,
            "eps_4q_growth_year": null,
            "roe": -2.7,
            "roe_4q": -69.42,
            "gross_profit": 12051,
            "gross_margin": 12.42,
            "gross_margin_4q_avg": 7.28,
            "net_income": -1547,
            "revenue": 97007,
            "common_shares": 100000,
            "book_valuer_per_share": 8.16,
            "book_valuer_per_share_4q_avg": 2.79,
            "equity": 81583,
            "current_ratio": 111.14,
            "debt_ratio": 87.38,
            "inventory_turnover_ratio": 0.25,
            "account_receivable_turnover_ratio": null,
            "reinvestment_rate": null,
            "research_to_sale_ratio": null,
            "price_fair": 0,
            "eps_avg_yearly": 0,
            "eps_latest_yearly": 0,
            "eps_growth_yearly": 0
        },
        "20034": {
            "year_quarter": 20034,
            "year": 2003,
            "quarter": 4,
            "eps": 8.36,
            "eps_growth_year": null,
            "eps_4q": 6.97,
            "eps_4q_growth_year": null,
            "roe": 54.42,
            "roe_4q": 28.68,
            "gross_profit": 6015,
            "gross_margin": 24.65,
            "gross_margin_4q_avg": 18.35,
            "net_income": 60997,
            "revenue": 24401,
            "common_shares": 100000,
            "book_valuer_per_share": 14.26,
            "book_valuer_per_share_4q_avg": 6.08,
            "equity": 142580,
            "current_ratio": 121.24,
            "debt_ratio": 82.4,
            "inventory_turnover_ratio": 0.06,
            "account_receivable_turnover_ratio": null,
            "reinvestment_rate": null,
            "research_to_sale_ratio": null,
            "price_fair": 0,
            "eps_avg_yearly": 0,
            "eps_latest_yearly": 0,
            "eps_growth_yearly": 0
        },
        "20041": {
            "year_quarter": 20041,
            "year": 2004,
            "quarter": 1,
            "eps": -0.25,
            "eps_growth_year": null,
            "eps_4q": 5.39,
            "eps_4q_growth_year": null,
            "roe": -1.75,
            "roe_4q": 39.28,
            "gross_profit": 6912,
            "gross_margin": 32.26,
            "gross_margin_4q_avg": 23.64,
            "net_income": -2469,
            "revenue": 21429,
            "common_shares": 100000,
            "book_valuer_per_share": 14.01,
            "book_valuer_per_share_4q_avg": 9.33,
            "equity": 140111,
            "current_ratio": 203.29,
            "debt_ratio": 87.22,
            "inventory_turnover_ratio": 0.03,
            "account_receivable_turnover_ratio": null,
            "reinvestment_rate": null,
            "research_to_sale_ratio": null,
            "price_fair": 0,
            "eps_avg_yearly": 0,
            "eps_latest_yearly": 0,
            "eps_growth_yearly": 0
        },
        "20042": {
            "year_quarter": 20042,
            "year": 2004,
            "quarter": 2,
            "eps": 2.21,
            "eps_growth_year": null,
            "eps_4q": 7.9,
            "eps_4q_growth_year": null,
            "roe": 14.63,
            "roe_4q": 64.6,
            "gross_profit": 32473,
            "gross_margin": 27.73,
            "gross_margin_4q_avg": 24.27,
            "net_income": 22123,
            "revenue": 117104,
            "common_shares": 100000,
            "book_valuer_per_share": 16.22,
            "book_valuer_per_share_4q_avg": 13.16,
            "equity": 162234,
            "current_ratio": 166.73,
            "debt_ratio": 90.68,
            "inventory_turnover_ratio": 0.08,
            "account_receivable_turnover_ratio": null,
            "reinvestment_rate": null,
            "research_to_sale_ratio": null,
            "price_fair": 0,
            "eps_avg_yearly": 0,
            "eps_latest_yearly": 0,
            "eps_growth_yearly": 0
        },
        "20043": {
            "year_quarter": 20043,
            "year": 2004,
            "quarter": 3,
            "eps": 2.03,
            "eps_growth_year": null,
            "eps_4q": 9.28,
            "eps_4q_growth_year": null,
            "roe": 6.05,
            "roe_4q": 73.35,
            "gross_profit": 42574,
            "gross_margin": 19.38,
            "gross_margin_4q_avg": 26.01,
            "net_income": 22582,
            "revenue": 219731,
            "common_shares": 300000,
            "book_valuer_per_share": 19.49,
            "book_valuer_per_share_4q_avg": 16,
            "equity": 584816,
            "current_ratio": 258.31,
            "debt_ratio": 67.11,
            "inventory_turnover_ratio": 0.14,
            "account_receivable_turnover_ratio": null,
            "reinvestment_rate": null,
            "research_to_sale_ratio": null,
            "price_fair": 24.36,
            "eps_avg_yearly": 8.12,
            "eps_latest_yearly": 8.12,
            "eps_growth_yearly": -32.58
        },
        "20044": {
            "year_quarter": 20044,
            "year": 2004,
            "quarter": 4,
            "eps": 0.9,
            "eps_growth_year": -89.23,
            "eps_4q": 3.56,
            "eps_4q_growth_year": -48.96,
            "roe": 2.42,
            "roe_4q": 21.35,
            "gross_profit": 26754,
            "gross_margin": 27.1,
            "gross_margin_4q_avg": 26.62,
            "net_income": 14306,
            "revenue": 98727,
            "common_shares": 300000,
            "book_valuer_per_share": 19.97,
            "book_valuer_per_share_4q_avg": 17.42,
            "equity": 599122,
            "current_ratio": 211.28,
            "debt_ratio": 66.53,
            "inventory_turnover_ratio": 0.06,
            "account_receivable_turnover_ratio": null,
            "reinvestment_rate": null,
            "research_to_sale_ratio": null,
            "price_fair": 17.58,
            "eps_avg_yearly": 5.86,
            "eps_latest_yearly": 3.6,
            "eps_growth_yearly": -127.62
        },
        "20051": {
            "year_quarter": 20051,
            "year": 2005,
            "quarter": 1,
            "eps": -0.23,
            "eps_growth_year": null,
            "eps_4q": 1.76,
            "eps_4q_growth_year": -67.39,
            "roe": -1.17,
            "roe_4q": 21.93,
            "gross_profit": 0,
            "gross_margin": null,
            "gross_margin_4q_avg": 18.55,
            "net_income": -6827,
            "revenue": 0,
            "common_shares": 300000,
            "book_valuer_per_share": 19.03,
            "book_valuer_per_share_4q_avg": 18.68,
            "equity": 570917,
            "current_ratio": 201.38,
            "debt_ratio": 68.78,
            "inventory_turnover_ratio": 0,
            "account_receivable_turnover_ratio": null,
            "reinvestment_rate": null,
            "research_to_sale_ratio": null,
            "price_fair": 17.58,
            "eps_avg_yearly": 5.86,
            "eps_latest_yearly": 3.6,
            "eps_growth_yearly": -127.62
        },
        "20052": {
            "year_quarter": 20052,
            "year": 2005,
            "quarter": 2,
            "eps": 3.33,
            "eps_growth_year": 50.68,
            "eps_4q": 4.33,
            "eps_4q_growth_year": -45.18,
            "roe": 16.64,
            "roe_4q": 23.94,
            "gross_profit": 3362,
            "gross_margin": 18.24,
            "gross_margin_4q_avg": 16.18,
            "net_income": 99869,
            "revenue": 18431,
            "common_shares": 300000,
            "book_valuer_per_share": 20.97,
            "book_valuer_per_share_4q_avg": 19.87,
            "equity": 629105,
            "current_ratio": 220.54,
            "debt_ratio": 64.14,
            "inventory_turnover_ratio": 0.01,
            "account_receivable_turnover_ratio": null,
            "reinvestment_rate": null,
            "research_to_sale_ratio": null,
            "price_fair": 17.58,
            "eps_avg_yearly": 5.86,
            "eps_latest_yearly": 3.6,
            "eps_growth_yearly": -127.62
        },
        "20053": {
            "year_quarter": 20053,
            "year": 2005,
            "quarter": 3,
            "eps": 1.36,
            "eps_growth_year": -33,
            "eps_4q": 4.6,
            "eps_4q_growth_year": -50.48,
            "roe": 6.92,
            "roe_4q": 24.810000000000002,
            "gross_profit": 70170,
            "gross_margin": 21.83,
            "gross_margin_4q_avg": 16.79,
            "net_income": 45120,
            "revenue": 321501,
            "common_shares": 331400,
            "book_valuer_per_share": 20.34,
            "book_valuer_per_share_4q_avg": 20.08,
            "equity": 674224,
            "current_ratio": 286.06,
            "debt_ratio": 56.4,
            "inventory_turnover_ratio": 0.16,
            "account_receivable_turnover_ratio": null,
            "reinvestment_rate": null,
            "research_to_sale_ratio": null,
            "price_fair": 17.16,
            "eps_avg_yearly": 5.72,
            "eps_latest_yearly": 5.44,
            "eps_growth_yearly": -163.96
        },
        "20054": {
            "year_quarter": 20054,
            "year": 2005,
            "quarter": 4,
            "eps": -0.13,
            "eps_growth_year": -114.44,
            "eps_4q": 4.04,
            "eps_4q_growth_year": 13.58,
            "roe": -0.64,
            "roe_4q": 21.75,
            "gross_profit": 21397,
            "gross_margin": 27.85,
            "gross_margin_4q_avg": 16.98,
            "net_income": -4287,
            "revenue": 76820,
            "common_shares": 331400,
            "book_valuer_per_share": 20.22,
            "book_valuer_per_share_4q_avg": 20.14,
            "equity": 669938,
            "current_ratio": 373.58,
            "debt_ratio": 60.58,
            "inventory_turnover_ratio": 0.04,
            "account_receivable_turnover_ratio": null,
            "reinvestment_rate": -6.81,
            "research_to_sale_ratio": null,
            "price_fair": 17.16,
            "eps_avg_yearly": 5.72,
            "eps_latest_yearly": 5.44,
            "eps_growth_yearly": -163.96
        },
        "20061": {
            "year_quarter": 20061,
            "year": 2006,
            "quarter": 1,
            "eps": 0.13,
            "eps_growth_year": null,
            "eps_4q": 4.54,
            "eps_4q_growth_year": 158.52,
            "roe": 0.62,
            "roe_4q": 23.54,
            "gross_profit": 16607,
            "gross_margin": 24.82,
            "gross_margin_4q_avg": 23.19,
            "net_income": 4143,
            "revenue": 66908,
            "common_shares": 331400,
            "book_valuer_per_share": 20.34,
            "book_valuer_per_share_4q_avg": 20.47,
            "equity": 674081,
            "current_ratio": 494.97,
            "debt_ratio": 59.32,
            "inventory_turnover_ratio": 0.03,
            "account_receivable_turnover_ratio": null,
            "reinvestment_rate": -1.05,
            "research_to_sale_ratio": null,
            "price_fair": 17.16,
            "eps_avg_yearly": 5.72,
            "eps_latest_yearly": 5.44,
            "eps_growth_yearly": -163.96
        },
        "20062": {
            "year_quarter": 20062,
            "year": 2006,
            "quarter": 2,
            "eps": -0.41,
            "eps_growth_year": -112.31,
            "eps_4q": 0.95,
            "eps_4q_growth_year": -78.15,
            "roe": -2.05,
            "roe_4q": 4.85,
            "gross_profit": 0,
            "gross_margin": null,
            "gross_margin_4q_avg": 18.63,
            "net_income": -13609,
            "revenue": 0,
            "common_shares": 331400,
            "book_valuer_per_share": 19.66,
            "book_valuer_per_share_4q_avg": 20.14,
            "equity": 651465,
            "current_ratio": 490.36,
            "debt_ratio": 60.37,
            "inventory_turnover_ratio": 0,
            "account_receivable_turnover_ratio": null,
            "reinvestment_rate": -0.32,
            "research_to_sale_ratio": null,
            "price_fair": 17.16,
            "eps_avg_yearly": 5.72,
            "eps_latest_yearly": 5.44,
            "eps_growth_yearly": -163.96
        },
        "20063": {
            "year_quarter": 20063,
            "year": 2006,
            "quarter": 3,
            "eps": -0.2,
            "eps_growth_year": -114.71,
            "eps_4q": -0.54,
            "eps_4q_growth_year": -111.73,
            "roe": -1.22,
            "roe_4q": -3.2899999999999996,
            "gross_profit": 3652,
            "gross_margin": 16.33,
            "gross_margin_4q_avg": 17.25,
            "net_income": -7904,
            "revenue": 22357,
            "common_shares": 401580,
            "book_valuer_per_share": 16.03,
            "book_valuer_per_share_4q_avg": 19.06,
            "equity": 643561,
            "current_ratio": 599.3,
            "debt_ratio": 63.09,
            "inventory_turnover_ratio": 0.01,
            "account_receivable_turnover_ratio": null,
            "reinvestment_rate": -0.21,
            "research_to_sale_ratio": null,
            "price_fair": 17.16,
            "eps_avg_yearly": 5.72,
            "eps_latest_yearly": 5.44,
            "eps_growth_yearly": -163.96
        },
        "20064": {
            "year_quarter": 20064,
            "year": 2006,
            "quarter": 4,
            "eps": -0.73,
            "eps_growth_year": null,
            "eps_4q": -1.16,
            "eps_4q_growth_year": -128.71,
            "roe": -4.65,
            "roe_4q": -7.3,
            "gross_profit": 7415,
            "gross_margin": 27.13,
            "gross_margin_4q_avg": 17.07,
            "net_income": -29268,
            "revenue": 27334,
            "common_shares": 401580,
            "book_valuer_per_share": 15.3,
            "book_valuer_per_share_4q_avg": 17.83,
            "equity": 614293,
            "current_ratio": 173.33,
            "debt_ratio": 70.18,
            "inventory_turnover_ratio": 0.01,
            "account_receivable_turnover_ratio": null,
            "reinvestment_rate": -0.18,
            "research_to_sale_ratio": null,
            "price_fair": 17.16,
            "eps_avg_yearly": 5.72,
            "eps_latest_yearly": 5.44,
            "eps_growth_yearly": -163.96
        },
        "20071": {
            "year_quarter": 20071,
            "year": 2007,
            "quarter": 1,
            "eps": -0.22,
            "eps_growth_year": -269.23,
            "eps_4q": -1.49,
            "eps_4q_growth_year": -132.72,
            "roe": -1.45,
            "roe_4q": -9.370000000000001,
            "gross_profit": 0,
            "gross_margin": null,
            "gross_margin_4q_avg": 10.87,
            "net_income": -8817,
            "revenue": 0,
            "common_shares": 401580,
            "book_valuer_per_share": 15.08,
            "book_valuer_per_share_4q_avg": 16.52,
            "equity": 605476,
            "current_ratio": 179.73,
            "debt_ratio": 70.96,
            "inventory_turnover_ratio": 0,
            "account_receivable_turnover_ratio": null,
            "reinvestment_rate": -0.16,
            "research_to_sale_ratio": null,
            "price_fair": 17.16,
            "eps_avg_yearly": 5.72,
            "eps_latest_yearly": 5.44,
            "eps_growth_yearly": -163.96
        },
        "20072": {
            "year_quarter": 20072,
            "year": 2007,
            "quarter": 2,
            "eps": 0.15,
            "eps_growth_year": null,
            "eps_4q": -0.97,
            "eps_4q_growth_year": -201.99,
            "roe": 1.02,
            "roe_4q": -6.3,
            "gross_profit": 22651,
            "gross_margin": 27.33,
            "gross_margin_4q_avg": 17.7,
            "net_income": 6185,
            "revenue": 82878,
            "common_shares": 401580,
            "book_valuer_per_share": 15.23,
            "book_valuer_per_share_4q_avg": 15.41,
            "equity": 611661,
            "current_ratio": 179.65,
            "debt_ratio": 70.9,
            "inventory_turnover_ratio": 0.03,
            "account_receivable_turnover_ratio": null,
            "reinvestment_rate": -0.14,
            "research_to_sale_ratio": null,
            "price_fair": 17.16,
            "eps_avg_yearly": 5.72,
            "eps_latest_yearly": 5.44,
            "eps_growth_yearly": -163.96
        },
        "20073": {
            "year_quarter": 20073,
            "year": 2007,
            "quarter": 3,
            "eps": -0.17,
            "eps_growth_year": null,
            "eps_4q": -0.9,
            "eps_4q_growth_year": null,
            "roe": -1.26,
            "roe_4q": -6.34,
            "gross_profit": 0,
            "gross_margin": null,
            "gross_margin_4q_avg": 13.62,
            "net_income": -7667,
            "revenue": 0,
            "common_shares": 441738,
            "book_valuer_per_share": 13.67,
            "book_valuer_per_share_4q_avg": 14.82,
            "equity": 603994,
            "current_ratio": 172.34,
            "debt_ratio": 71.86,
            "inventory_turnover_ratio": 0,
            "account_receivable_turnover_ratio": null,
            "reinvestment_rate": -0.11,
            "research_to_sale_ratio": null,
            "price_fair": 17.16,
            "eps_avg_yearly": 5.72,
            "eps_latest_yearly": 5.44,
            "eps_growth_yearly": -163.96
        },
        "20074": {
            "year_quarter": 20074,
            "year": 2007,
            "quarter": 4,
            "eps": -0.2,
            "eps_growth_year": null,
            "eps_4q": -0.44,
            "eps_4q_growth_year": null,
            "roe": -1.5,
            "roe_4q": -3.1899999999999995,
            "gross_profit": 7793,
            "gross_margin": 27.72,
            "gross_margin_4q_avg": 13.76,
            "net_income": -9003,
            "revenue": 28115,
            "common_shares": 441738,
            "book_valuer_per_share": 13.47,
            "book_valuer_per_share_4q_avg": 14.36,
            "equity": 594991,
            "current_ratio": 134.88,
            "debt_ratio": 73.38,
            "inventory_turnover_ratio": 0.01,
            "account_receivable_turnover_ratio": null,
            "reinvestment_rate": -0.17,
            "research_to_sale_ratio": null,
            "price_fair": 17.16,
            "eps_avg_yearly": 5.72,
            "eps_latest_yearly": 5.44,
            "eps_growth_yearly": -163.96
        },
        "20081": {
            "year_quarter": 20081,
            "year": 2008,
            "quarter": 1,
            "eps": 0.09,
            "eps_growth_year": null,
            "eps_4q": -0.14,
            "eps_4q_growth_year": null,
            "roe": 0.68,
            "roe_4q": -1.06,
            "gross_profit": 31602,
            "gross_margin": 18.44,
            "gross_margin_4q_avg": 18.37,
            "net_income": 4073,
            "revenue": 171402,
            "common_shares": 441738,
            "book_valuer_per_share": 13.56,
            "book_valuer_per_share_4q_avg": 13.98,
            "equity": 599064,
            "current_ratio": 133.51,
            "debt_ratio": 74.28,
            "inventory_turnover_ratio": 0.06,
            "account_receivable_turnover_ratio": null,
            "reinvestment_rate": -0.16,
            "research_to_sale_ratio": null,
            "price_fair": 17.16,
            "eps_avg_yearly": 5.72,
            "eps_latest_yearly": 5.44,
            "eps_growth_yearly": -163.96
        },
        "20082": {
            "year_quarter": 20082,
            "year": 2008,
            "quarter": 2,
            "eps": 1.42,
            "eps_growth_year": 846.67,
            "eps_4q": 1.13,
            "eps_4q_growth_year": null,
            "roe": 9.95,
            "roe_4q": 7.869999999999999,
            "gross_profit": 116625,
            "gross_margin": 22.05,
            "gross_margin_4q_avg": 17.05,
            "net_income": 62754,
            "revenue": 528830,
            "common_shares": 441738,
            "book_valuer_per_share": 14.98,
            "book_valuer_per_share_4q_avg": 13.92,
            "equity": 661818,
            "current_ratio": 149.11,
            "debt_ratio": 66.59,
            "inventory_turnover_ratio": 0.21,
            "account_receivable_turnover_ratio": null,
            "reinvestment_rate": -98.99,
            "research_to_sale_ratio": null,
            "price_fair": 199.85,
            "eps_avg_yearly": 5.71,
            "eps_latest_yearly": 5.68,
            "eps_growth_yearly": 1354.81
        },
        "20083": {
            "year_quarter": 20083,
            "year": 2008,
            "quarter": 3,
            "eps": 0.51,
            "eps_growth_year": null,
            "eps_4q": 1.81,
            "eps_4q_growth_year": null,
            "roe": 3.36,
            "roe_4q": 12.489999999999998,
            "gross_profit": 53059,
            "gross_margin": 29.71,
            "gross_margin_4q_avg": 24.48,
            "net_income": 22614,
            "revenue": 178580,
            "common_shares": 441738,
            "book_valuer_per_share": 15.49,
            "book_valuer_per_share_4q_avg": 14.38,
            "equity": 684432,
            "current_ratio": 161.51,
            "debt_ratio": 61.5,
            "inventory_turnover_ratio": 0.07,
            "account_receivable_turnover_ratio": null,
            "reinvestment_rate": -98.93,
            "research_to_sale_ratio": null,
            "price_fair": 146.65,
            "eps_avg_yearly": 4.19,
            "eps_latest_yearly": 2.04,
            "eps_growth_yearly": 1298.87
        },
        "20084": {
            "year_quarter": 20084,
            "year": 2008,
            "quarter": 4,
            "eps": -0.25,
            "eps_growth_year": null,
            "eps_4q": 1.78,
            "eps_4q_growth_year": null,
            "roe": -1.63,
            "roe_4q": 12.36,
            "gross_profit": 11465,
            "gross_margin": 23.65,
            "gross_margin_4q_avg": 23.46,
            "net_income": -11035,
            "revenue": 48473,
            "common_shares": 441738,
            "book_valuer_per_share": 15.24,
            "book_valuer_per_share_4q_avg": 14.82,
            "equity": 673397,
            "current_ratio": 160.55,
            "debt_ratio": 61.93,
            "inventory_turnover_ratio": 0.02,
            "account_receivable_turnover_ratio": 2.91,
            "reinvestment_rate": -115.67,
            "research_to_sale_ratio": null,
            "price_fair": 153.53,
            "eps_avg_yearly": 4.39,
            "eps_latest_yearly": 2.04,
            "eps_growth_yearly": 1806.05
        },
        "20091": {
            "year_quarter": 20091,
            "year": 2009,
            "quarter": 1,
            "eps": 0.4,
            "eps_growth_year": 344.44,
            "eps_4q": 2.1,
            "eps_4q_growth_year": null,
            "roe": 2.57,
            "roe_4q": 14.25,
            "gross_profit": 40195,
            "gross_margin": 14.41,
            "gross_margin_4q_avg": 22.46,
            "net_income": 17507,
            "revenue": 278978,
            "common_shares": 441738,
            "book_valuer_per_share": 15.64,
            "book_valuer_per_share_4q_avg": 15.34,
            "equity": 690904,
            "current_ratio": 179.75,
            "debt_ratio": 55.27,
            "inventory_turnover_ratio": 0.16,
            "account_receivable_turnover_ratio": 8.04,
            "reinvestment_rate": -86.31,
            "research_to_sale_ratio": null,
            "price_fair": 153.53,
            "eps_avg_yearly": 4.39,
            "eps_latest_yearly": 2.04,
            "eps_growth_yearly": 1806.05
        },
        "20092": {
            "year_quarter": 20092,
            "year": 2009,
            "quarter": 2,
            "eps": 0.09,
            "eps_growth_year": -93.66,
            "eps_4q": 0.72,
            "eps_4q_growth_year": -36.14,
            "roe": 0.6,
            "roe_4q": 4.9,
            "gross_profit": 18636,
            "gross_margin": 13.7,
            "gross_margin_4q_avg": 20.37,
            "net_income": 4124,
            "revenue": 136057,
            "common_shares": 441738,
            "book_valuer_per_share": 15.68,
            "book_valuer_per_share_4q_avg": 15.51,
            "equity": 692820,
            "current_ratio": 173.16,
            "debt_ratio": 57.35,
            "inventory_turnover_ratio": 0.09,
            "account_receivable_turnover_ratio": 2.85,
            "reinvestment_rate": -0.59,
            "research_to_sale_ratio": null,
            "price_fair": 118.3,
            "eps_avg_yearly": 3.38,
            "eps_latest_yearly": 0.36,
            "eps_growth_yearly": 1277.03
        },
        "20093": {
            "year_quarter": 20093,
            "year": 2009,
            "quarter": 3,
            "eps": -0.39,
            "eps_growth_year": -176.47,
            "eps_4q": -0.16,
            "eps_4q_growth_year": -108.65,
            "roe": -2.61,
            "roe_4q": -1.0699999999999998,
            "gross_profit": 10883,
            "gross_margin": 8.88,
            "gross_margin_4q_avg": 15.16,
            "net_income": -17853,
            "revenue": 122616,
            "common_shares": 462363,
            "book_valuer_per_share": 14.61,
            "book_valuer_per_share_4q_avg": 15.29,
            "equity": 675664,
            "current_ratio": 187.84,
            "debt_ratio": 51.74,
            "inventory_turnover_ratio": 0.09,
            "account_receivable_turnover_ratio": 2.15,
            "reinvestment_rate": -1.26,
            "research_to_sale_ratio": null,
            "price_fair": 94.27,
            "eps_avg_yearly": 2.69,
            "eps_latest_yearly": 0.36,
            "eps_growth_yearly": 1781.59
        },
        "20094": {
            "year_quarter": 20094,
            "year": 2009,
            "quarter": 4,
            "eps": 0.26,
            "eps_growth_year": null,
            "eps_4q": 0.35,
            "eps_4q_growth_year": -80.54,
            "roe": 1.79,
            "roe_4q": 2.35,
            "gross_profit": 35021,
            "gross_margin": 16.75,
            "gross_margin_4q_avg": 13.44,
            "net_income": 12237,
            "revenue": 209138,
            "common_shares": 462363,
            "book_valuer_per_share": 14.88,
            "book_valuer_per_share_4q_avg": 15.2,
            "equity": 687901,
            "current_ratio": 216.66,
            "debt_ratio": 43.76,
            "inventory_turnover_ratio": 0.16,
            "account_receivable_turnover_ratio": 10,
            "reinvestment_rate": 123.28,
            "research_to_sale_ratio": null,
            "price_fair": 94.27,
            "eps_avg_yearly": 2.69,
            "eps_latest_yearly": 0.36,
            "eps_growth_yearly": 1781.59
        },
        "20101": {
            "year_quarter": 20101,
            "year": 2010,
            "quarter": 1,
            "eps": -0.19,
            "eps_growth_year": -147.5,
            "eps_4q": -0.22,
            "eps_4q_growth_year": -110.72,
            "roe": -1.3,
            "roe_4q": -1.52,
            "gross_profit": 13970,
            "gross_margin": 7.4,
            "gross_margin_4q_avg": 11.68,
            "net_income": -8904,
            "revenue": 188743,
            "common_shares": 462363,
            "book_valuer_per_share": 14.69,
            "book_valuer_per_share_4q_avg": 14.97,
            "equity": 678997,
            "current_ratio": 191.16,
            "debt_ratio": 60.6,
            "inventory_turnover_ratio": 0.19,
            "account_receivable_turnover_ratio": 5.1,
            "reinvestment_rate": 4490.63,
            "research_to_sale_ratio": null,
            "price_fair": 94.27,
            "eps_avg_yearly": 2.69,
            "eps_latest_yearly": 0.36,
            "eps_growth_yearly": 1781.59
        },
        "20102": {
            "year_quarter": 20102,
            "year": 2010,
            "quarter": 2,
            "eps": -0.36,
            "eps_growth_year": -497.58,
            "eps_4q": -0.66,
            "eps_4q_growth_year": -190.84,
            "roe": -2.58,
            "roe_4q": -4.699999999999999,
            "gross_profit": 7059,
            "gross_margin": 7.2,
            "gross_margin_4q_avg": 10.06,
            "net_income": -17289,
            "revenue": 98038,
            "common_shares": 462363,
            "book_valuer_per_share": 14.26,
            "book_valuer_per_share_4q_avg": 14.61,
            "equity": 659396,
            "current_ratio": 182.13,
            "debt_ratio": 60.52,
            "inventory_turnover_ratio": 0.11,
            "account_receivable_turnover_ratio": 3.6,
            "reinvestment_rate": 5891.16,
            "research_to_sale_ratio": null,
            "price_fair": 94.27,
            "eps_avg_yearly": 2.69,
            "eps_latest_yearly": 0.36,
            "eps_growth_yearly": 1781.59
        },
        "20103": {
            "year_quarter": 20103,
            "year": 2010,
            "quarter": 3,
            "eps": -0.38,
            "eps_growth_year": null,
            "eps_4q": -0.67,
            "eps_4q_growth_year": null,
            "roe": -2.86,
            "roe_4q": -4.949999999999999,
            "gross_profit": 6628,
            "gross_margin": 8.21,
            "gross_margin_4q_avg": 9.89,
            "net_income": -18609,
            "revenue": 80768,
            "common_shares": 484484,
            "book_valuer_per_share": 13.25,
            "book_valuer_per_share_4q_avg": 14.27,
            "equity": 642030,
            "current_ratio": 145.85,
            "debt_ratio": 67.51,
            "inventory_turnover_ratio": 0.1,
            "account_receivable_turnover_ratio": 6.05,
            "reinvestment_rate": 105553.48,
            "research_to_sale_ratio": null,
            "price_fair": 94.27,
            "eps_avg_yearly": 2.69,
            "eps_latest_yearly": 0.36,
            "eps_growth_yearly": 1781.59
        },
        "20104": {
            "year_quarter": 20104,
            "year": 2010,
            "quarter": 4,
            "eps": -0.35,
            "eps_growth_year": -232.9,
            "eps_4q": -1.27,
            "eps_4q_growth_year": -466.74,
            "roe": -2.64,
            "roe_4q": -9.38,
            "gross_profit": 9408,
            "gross_margin": 27.66,
            "gross_margin_4q_avg": 12.62,
            "net_income": -16741,
            "revenue": 34010,
            "common_shares": 484484,
            "book_valuer_per_share": 12.91,
            "book_valuer_per_share_4q_avg": 13.78,
            "equity": 625289,
            "current_ratio": 140.24,
            "debt_ratio": 67.91,
            "inventory_turnover_ratio": 0.04,
            "account_receivable_turnover_ratio": 9.82,
            "reinvestment_rate": 8233.11,
            "research_to_sale_ratio": null,
            "price_fair": 94.27,
            "eps_avg_yearly": 2.69,
            "eps_latest_yearly": 0.36,
            "eps_growth_yearly": 1781.59
        },
        "20111": {
            "year_quarter": 20111,
            "year": 2011,
            "quarter": 1,
            "eps": -0.31,
            "eps_growth_year": null,
            "eps_4q": -1.4,
            "eps_4q_growth_year": null,
            "roe": -2.44,
            "roe_4q": -10.52,
            "gross_profit": 7605,
            "gross_margin": 17.27,
            "gross_margin_4q_avg": 15.09,
            "net_income": -15094,
            "revenue": 44048,
            "common_shares": 484484,
            "book_valuer_per_share": 12.59,
            "book_valuer_per_share_4q_avg": 13.25,
            "equity": 610195,
            "current_ratio": 74.44,
            "debt_ratio": 70.91,
            "inventory_turnover_ratio": 0.05,
            "account_receivable_turnover_ratio": 18.1,
            "reinvestment_rate": 15311.12,
            "research_to_sale_ratio": null,
            "price_fair": 94.27,
            "eps_avg_yearly": 2.69,
            "eps_latest_yearly": 0.36,
            "eps_growth_yearly": 1781.59
        },
        "20112": {
            "year_quarter": 20112,
            "year": 2011,
            "quarter": 2,
            "eps": -0.42,
            "eps_growth_year": null,
            "eps_4q": -1.36,
            "eps_4q_growth_year": null,
            "roe": -3.72,
            "roe_4q": -11.66,
            "gross_profit": 8971,
            "gross_margin": 8.18,
            "gross_margin_4q_avg": 15.33,
            "net_income": -22256,
            "revenue": 109606,
            "common_shares": 484484,
            "book_valuer_per_share": 12.14,
            "book_valuer_per_share_4q_avg": 12.72,
            "equity": 587939,
            "current_ratio": 53.49,
            "debt_ratio": 74.48,
            "inventory_turnover_ratio": 0.17,
            "account_receivable_turnover_ratio": 30.87,
            "reinvestment_rate": null,
            "research_to_sale_ratio": null,
            "price_fair": 94.27,
            "eps_avg_yearly": 2.69,
            "eps_latest_yearly": 0.36,
            "eps_growth_yearly": 1781.59
        },
        "20113": {
            "year_quarter": 20113,
            "year": 2011,
            "quarter": 3,
            "eps": -0.42,
            "eps_growth_year": null,
            "eps_4q": -1.44,
            "eps_4q_growth_year": null,
            "roe": -3.9,
            "roe_4q": -12.700000000000001,
            "gross_profit": 10243,
            "gross_margin": 5.52,
            "gross_margin_4q_avg": 14.66,
            "net_income": -22499,
            "revenue": 185646,
            "common_shares": 532932,
            "book_valuer_per_share": 10.61,
            "book_valuer_per_share_4q_avg": 12.06,
            "equity": 565440,
            "current_ratio": 45.51,
            "debt_ratio": 73.58,
            "inventory_turnover_ratio": 0.37,
            "account_receivable_turnover_ratio": 53.07,
            "reinvestment_rate": null,
            "research_to_sale_ratio": null,
            "price_fair": 94.27,
            "eps_avg_yearly": 2.69,
            "eps_latest_yearly": 0.36,
            "eps_growth_yearly": 1781.59
        },
        "20114": {
            "year_quarter": 20114,
            "year": 2011,
            "quarter": 4,
            "eps": -0.54,
            "eps_growth_year": null,
            "eps_4q": -1.66,
            "eps_4q_growth_year": null,
            "roe": -5.23,
            "roe_4q": -15.290000000000001,
            "gross_profit": 8012,
            "gross_margin": 12.95,
            "gross_margin_4q_avg": 10.98,
            "net_income": -28814,
            "revenue": 61867,
            "common_shares": 532932,
            "book_valuer_per_share": 10.07,
            "book_valuer_per_share_4q_avg": 11.35,
            "equity": 536626,
            "current_ratio": 42.1,
            "debt_ratio": 74.01,
            "inventory_turnover_ratio": 0.15,
            "account_receivable_turnover_ratio": 5.03,
            "reinvestment_rate": null,
            "research_to_sale_ratio": null,
            "price_fair": 94.27,
            "eps_avg_yearly": 2.69,
            "eps_latest_yearly": 0.36,
            "eps_growth_yearly": 1781.59
        },
        "20121": {
            "year_quarter": 20121,
            "year": 2012,
            "quarter": 1,
            "eps": -0.33,
            "eps_growth_year": null,
            "eps_4q": -1.71,
            "eps_4q_growth_year": null,
            "roe": -3.34,
            "roe_4q": -16.19,
            "gross_profit": 10157,
            "gross_margin": 34.9,
            "gross_margin_4q_avg": 15.39,
            "net_income": -17607,
            "revenue": 29102,
            "common_shares": 532932,
            "book_valuer_per_share": 9.74,
            "book_valuer_per_share_4q_avg": 10.64,
            "equity": 519019,
            "current_ratio": 39.66,
            "debt_ratio": 74.48,
            "inventory_turnover_ratio": 0.06,
            "account_receivable_turnover_ratio": 2.45,
            "reinvestment_rate": null,
            "research_to_sale_ratio": null,
            "price_fair": 94.27,
            "eps_avg_yearly": 2.69,
            "eps_latest_yearly": 0.36,
            "eps_growth_yearly": 1781.59
        },
        "20122": {
            "year_quarter": 20122,
            "year": 2012,
            "quarter": 2,
            "eps": -0.36,
            "eps_growth_year": null,
            "eps_4q": -1.65,
            "eps_4q_growth_year": null,
            "roe": -3.74,
            "roe_4q": -16.21,
            "gross_profit": 9886,
            "gross_margin": 15.73,
            "gross_margin_4q_avg": 17.28,
            "net_income": -19046,
            "revenue": 62841,
            "common_shares": 532932,
            "book_valuer_per_share": 9.38,
            "book_valuer_per_share_4q_avg": 9.95,
            "equity": 499973,
            "current_ratio": 183.89,
            "debt_ratio": 74.86,
            "inventory_turnover_ratio": 0.18,
            "account_receivable_turnover_ratio": 38.27,
            "reinvestment_rate": null,
            "research_to_sale_ratio": null,
            "price_fair": 3.6,
            "eps_avg_yearly": 1.2,
            "eps_latest_yearly": 0.36,
            "eps_growth_yearly": -283.17
        },
        "20123": {
            "year_quarter": 20123,
            "year": 2012,
            "quarter": 3,
            "eps": -0.39,
            "eps_growth_year": null,
            "eps_4q": -1.62,
            "eps_4q_growth_year": null,
            "roe": -4.21,
            "roe_4q": -16.52,
            "gross_profit": 10123,
            "gross_margin": 35.93,
            "gross_margin_4q_avg": 24.88,
            "net_income": -20602,
            "revenue": 28174,
            "common_shares": 532932,
            "book_valuer_per_share": 9,
            "book_valuer_per_share_4q_avg": 9.55,
            "equity": 479371,
            "current_ratio": 182.09,
            "debt_ratio": 75.76,
            "inventory_turnover_ratio": 0.07,
            "account_receivable_turnover_ratio": 9.92,
            "reinvestment_rate": null,
            "research_to_sale_ratio": null,
            "price_fair": 1.08,
            "eps_avg_yearly": 0.36,
            "eps_latest_yearly": 0.36,
            "eps_growth_yearly": -310
        },
        "20124": {
            "year_quarter": 20124,
            "year": 2012,
            "quarter": 4,
            "eps": 16.16,
            "eps_growth_year": null,
            "eps_4q": 15.09,
            "eps_4q_growth_year": null,
            "roe": 94.65,
            "roe_4q": 83.36000000000001,
            "gross_profit": 941583,
            "gross_margin": 57.8,
            "gross_margin_4q_avg": 36.09,
            "net_income": 861427,
            "revenue": 1629055,
            "common_shares": 532932,
            "book_valuer_per_share": 25.16,
            "book_valuer_per_share_4q_avg": 13.32,
            "equity": 1340798,
            "current_ratio": 494.69,
            "debt_ratio": 33.83,
            "inventory_turnover_ratio": 2.54,
            "account_receivable_turnover_ratio": 349.51,
            "reinvestment_rate": 120.67,
            "research_to_sale_ratio": null,
            "price_fair": 1.08,
            "eps_avg_yearly": 0.36,
            "eps_latest_yearly": 0.36,
            "eps_growth_yearly": -310
        },
        "20131": {
            "year_quarter": 20131,
            "year": 2013,
            "quarter": 1,
            "eps": -0.23,
            "eps_growth_year": null,
            "eps_4q": 15.19,
            "eps_4q_growth_year": null,
            "roe": -0.94,
            "roe_4q": 85.76000000000002,
            "gross_profit": 6832,
            "gross_margin": 21.72,
            "gross_margin_4q_avg": 32.8,
            "net_income": -12479,
            "revenue": 31460,
            "common_shares": 532932,
            "book_valuer_per_share": 24.66,
            "book_valuer_per_share_4q_avg": 17.05,
            "equity": 1313996,
            "current_ratio": 755.39,
            "debt_ratio": 31.26,
            "inventory_turnover_ratio": 0.09,
            "account_receivable_turnover_ratio": 3.16,
            "reinvestment_rate": 1.58,
            "research_to_sale_ratio": null,
            "price_fair": 1.08,
            "eps_avg_yearly": 0.36,
            "eps_latest_yearly": 0.36,
            "eps_growth_yearly": -310
        },
        "20132": {
            "year_quarter": 20132,
            "year": 2013,
            "quarter": 2,
            "eps": -0.66,
            "eps_growth_year": null,
            "eps_4q": 8.74,
            "eps_4q_growth_year": null,
            "roe": -2.91,
            "roe_4q": 86.59000000000002,
            "gross_profit": 11138,
            "gross_margin": 18.94,
            "gross_margin_4q_avg": 33.6,
            "net_income": -36530,
            "revenue": 58807,
            "common_shares": 532932,
            "book_valuer_per_share": 22.47,
            "book_valuer_per_share_4q_avg": 20.32,
            "equity": 1197527,
            "current_ratio": 76.88,
            "debt_ratio": 54.05,
            "inventory_turnover_ratio": 0.21,
            "account_receivable_turnover_ratio": 2.11,
            "reinvestment_rate": 1.67,
            "research_to_sale_ratio": null,
            "price_fair": 0,
            "eps_avg_yearly": 0,
            "eps_latest_yearly": 0,
            "eps_growth_yearly": 0
        },
        "20133": {
            "year_quarter": 20133,
            "year": 2013,
            "quarter": 3,
            "eps": -0.09,
            "eps_growth_year": null,
            "eps_4q": 8.87,
            "eps_4q_growth_year": null,
            "roe": -0.68,
            "roe_4q": 90.12,
            "gross_profit": 27272,
            "gross_margin": 23.14,
            "gross_margin_4q_avg": 30.4,
            "net_income": -8143,
            "revenue": 117855,
            "common_shares": 906504,
            "book_valuer_per_share": 13.15,
            "book_valuer_per_share_4q_avg": 21.36,
            "equity": 1191719,
            "current_ratio": 215.21,
            "debt_ratio": 52.88,
            "inventory_turnover_ratio": 0.39,
            "account_receivable_turnover_ratio": 1.93,
            "reinvestment_rate": 1.55,
            "research_to_sale_ratio": null,
            "price_fair": 0,
            "eps_avg_yearly": 0,
            "eps_latest_yearly": 0,
            "eps_growth_yearly": 0
        },
        "20134": {
            "year_quarter": 20134,
            "year": 2013,
            "quarter": 4,
            "eps": 1.39,
            "eps_growth_year": -91.43,
            "eps_4q": 0.75,
            "eps_4q_growth_year": -95,
            "roe": 10.01,
            "roe_4q": 5.48,
            "gross_profit": 173529,
            "gross_margin": 43.91,
            "gross_margin_4q_avg": 26.93,
            "net_income": 125584,
            "revenue": 395195,
            "common_shares": 906504,
            "book_valuer_per_share": 14.53,
            "book_valuer_per_share_4q_avg": 18.7,
            "equity": 1316984,
            "current_ratio": 346.33,
            "debt_ratio": 51.41,
            "inventory_turnover_ratio": 0.38,
            "account_receivable_turnover_ratio": 3.42,
            "reinvestment_rate": -3.48,
            "research_to_sale_ratio": null,
            "price_fair": 0,
            "eps_avg_yearly": 0,
            "eps_latest_yearly": 0,
            "eps_growth_yearly": 0
        },
        "20141": {
            "year_quarter": 20141,
            "year": 2014,
            "quarter": 1,
            "eps": 0.55,
            "eps_growth_year": null,
            "eps_4q": 1.44,
            "eps_4q_growth_year": -90.5,
            "roe": 3.71,
            "roe_4q": 10.129999999999999,
            "gross_profit": 89515,
            "gross_margin": 29.52,
            "gross_margin_4q_avg": 28.88,
            "net_income": 49824,
            "revenue": 303215,
            "common_shares": 906504,
            "book_valuer_per_share": 15.08,
            "book_valuer_per_share_4q_avg": 16.31,
            "equity": 1366808,
            "current_ratio": 377.75,
            "debt_ratio": 46.28,
            "inventory_turnover_ratio": 0.26,
            "account_receivable_turnover_ratio": 2.52,
            "reinvestment_rate": -87.46,
            "research_to_sale_ratio": null,
            "price_fair": 6.6,
            "eps_avg_yearly": 2.2,
            "eps_latest_yearly": 2.2,
            "eps_growth_yearly": -241.73
        },
        "20142": {
            "year_quarter": 20142,
            "year": 2014,
            "quarter": 2,
            "eps": -0.36,
            "eps_growth_year": null,
            "eps_4q": 1.28,
            "eps_4q_growth_year": -85.32,
            "roe": -2.82,
            "roe_4q": 10.22,
            "gross_profit": 246,
            "gross_margin": 2.15,
            "gross_margin_4q_avg": 24.68,
            "net_income": -36964,
            "revenue": 11427,
            "common_shares": 906504,
            "book_valuer_per_share": 13.87,
            "book_valuer_per_share_4q_avg": 14.16,
            "equity": 1257325,
            "current_ratio": 351.79,
            "debt_ratio": 48.33,
            "inventory_turnover_ratio": 0.01,
            "account_receivable_turnover_ratio": 0.19,
            "reinvestment_rate": -89.65,
            "research_to_sale_ratio": null,
            "price_fair": 6.6,
            "eps_avg_yearly": 2.2,
            "eps_latest_yearly": 2.2,
            "eps_growth_yearly": -241.73
        },
        "20143": {
            "year_quarter": 20143,
            "year": 2014,
            "quarter": 3,
            "eps": -0.18,
            "eps_growth_year": null,
            "eps_4q": 1.18,
            "eps_4q_growth_year": -86.66,
            "roe": -1.45,
            "roe_4q": 9.45,
            "gross_profit": 4750,
            "gross_margin": 17.52,
            "gross_margin_4q_avg": 23.28,
            "net_income": -18168,
            "revenue": 27113,
            "common_shares": 1016159,
            "book_valuer_per_share": 12.21,
            "book_valuer_per_share_4q_avg": 13.92,
            "equity": 1241026,
            "current_ratio": 333.95,
            "debt_ratio": 48.95,
            "inventory_turnover_ratio": 0.03,
            "account_receivable_turnover_ratio": 1.17,
            "reinvestment_rate": -144.04,
            "research_to_sale_ratio": null,
            "price_fair": 6.6,
            "eps_avg_yearly": 2.2,
            "eps_latest_yearly": 2.2,
            "eps_growth_yearly": -241.73
        },
        "20144": {
            "year_quarter": 20144,
            "year": 2014,
            "quarter": 4,
            "eps": -0.16,
            "eps_growth_year": -111.52,
            "eps_4q": -0.21,
            "eps_4q_growth_year": -128.06,
            "roe": -1.32,
            "roe_4q": -1.88,
            "gross_profit": 9332,
            "gross_margin": 24.69,
            "gross_margin_4q_avg": 18.47,
            "net_income": -16217,
            "revenue": 37790,
            "common_shares": 1016159,
            "book_valuer_per_share": 12.05,
            "book_valuer_per_share_4q_avg": 13.3,
            "equity": 1224856,
            "current_ratio": 450.02,
            "debt_ratio": 46,
            "inventory_turnover_ratio": 0.03,
            "account_receivable_turnover_ratio": 2.89,
            "reinvestment_rate": -145.29,
            "research_to_sale_ratio": null,
            "price_fair": 6.6,
            "eps_avg_yearly": 2.2,
            "eps_latest_yearly": 2.2,
            "eps_growth_yearly": -241.73
        },
        "20151": {
            "year_quarter": 20151,
            "year": 2015,
            "quarter": 1,
            "eps": -0.02,
            "eps_growth_year": -103.64,
            "eps_4q": -0.94,
            "eps_4q_growth_year": -164.96,
            "roe": -1.96,
            "roe_4q": -7.550000000000001,
            "gross_profit": 4006,
            "gross_margin": 26.22,
            "gross_margin_4q_avg": 17.65,
            "net_income": -23856,
            "revenue": 15280,
            "common_shares": 1016159,
            "book_valuer_per_share": 11.96,
            "book_valuer_per_share_4q_avg": 12.52,
            "equity": 1215211,
            "current_ratio": 579.31,
            "debt_ratio": 49.35,
            "inventory_turnover_ratio": 0.01,
            "account_receivable_turnover_ratio": 2.91,
            "reinvestment_rate": -146.96,
            "research_to_sale_ratio": null,
            "price_fair": 6.6,
            "eps_avg_yearly": 2.2,
            "eps_latest_yearly": 2.2,
            "eps_growth_yearly": -241.73
        },
        "20152": {
            "year_quarter": 20152,
            "year": 2015,
            "quarter": 2,
            "eps": -0.17,
            "eps_growth_year": null,
            "eps_4q": -0.73,
            "eps_4q_growth_year": -157,
            "roe": -1.5,
            "roe_4q": -6.23,
            "gross_profit": 830,
            "gross_margin": 32.38,
            "gross_margin_4q_avg": 25.2,
            "net_income": -17958,
            "revenue": 2563,
            "common_shares": 1016159,
            "book_valuer_per_share": 11.53,
            "book_valuer_per_share_4q_avg": 11.94,
            "equity": 1171782,
            "current_ratio": 458.3,
            "debt_ratio": 52.94,
            "inventory_turnover_ratio": 0,
            "account_receivable_turnover_ratio": 1.16,
            "reinvestment_rate": -203.53,
            "research_to_sale_ratio": null,
            "price_fair": 6.6,
            "eps_avg_yearly": 2.2,
            "eps_latest_yearly": 2.2,
            "eps_growth_yearly": -241.73
        },
        "20153": {
            "year_quarter": 20153,
            "year": 2015,
            "quarter": 3,
            "eps": -0.24,
            "eps_growth_year": null,
            "eps_4q": -0.8,
            "eps_4q_growth_year": -167.22,
            "roe": -2.15,
            "roe_4q": -6.93,
            "gross_profit": 668,
            "gross_margin": 46.98,
            "gross_margin_4q_avg": 32.57,
            "net_income": -24928,
            "revenue": 1422,
            "common_shares": 1042702,
            "book_valuer_per_share": 11.01,
            "book_valuer_per_share_4q_avg": 11.64,
            "equity": 1147913,
            "current_ratio": 419.55,
            "debt_ratio": 60.04,
            "inventory_turnover_ratio": 0,
            "account_receivable_turnover_ratio": 0.65,
            "reinvestment_rate": -203.89,
            "research_to_sale_ratio": null,
            "price_fair": 6.6,
            "eps_avg_yearly": 2.2,
            "eps_latest_yearly": 2.2,
            "eps_growth_yearly": -241.73
        },
        "20154": {
            "year_quarter": 20154,
            "year": 2015,
            "quarter": 4,
            "eps": -0.2,
            "eps_growth_year": null,
            "eps_4q": -0.84,
            "eps_4q_growth_year": null,
            "roe": -1.81,
            "roe_4q": -7.42,
            "gross_profit": 364,
            "gross_margin": 12.86,
            "gross_margin_4q_avg": 29.61,
            "net_income": -20568,
            "revenue": 2830,
            "common_shares": 1042702,
            "book_valuer_per_share": 10.81,
            "book_valuer_per_share_4q_avg": 11.33,
            "equity": 1126928,
            "current_ratio": 170.22,
            "debt_ratio": 61.27,
            "inventory_turnover_ratio": 0,
            "account_receivable_turnover_ratio": 0.35,
            "reinvestment_rate": -199.25,
            "research_to_sale_ratio": null,
            "price_fair": 6.6,
            "eps_avg_yearly": 2.2,
            "eps_latest_yearly": 2.2,
            "eps_growth_yearly": -241.73
        },
        "20161": {
            "year_quarter": 20161,
            "year": 2016,
            "quarter": 1,
            "eps": -0.26,
            "eps_growth_year": null,
            "eps_4q": -0.87,
            "eps_4q_growth_year": null,
            "roe": -2.48,
            "roe_4q": -7.9399999999999995,
            "gross_profit": 3078,
            "gross_margin": 9.03,
            "gross_margin_4q_avg": 25.31,
            "net_income": -27590,
            "revenue": 34089,
            "common_shares": 1042702,
            "book_valuer_per_share": 10.54,
            "book_valuer_per_share_4q_avg": 10.97,
            "equity": 1099338,
            "current_ratio": 165.78,
            "debt_ratio": 62.16,
            "inventory_turnover_ratio": 0.02,
            "account_receivable_turnover_ratio": 1.35,
            "reinvestment_rate": -199.81,
            "research_to_sale_ratio": null,
            "price_fair": 6.6,
            "eps_avg_yearly": 2.2,
            "eps_latest_yearly": 2.2,
            "eps_growth_yearly": -241.73
        },
        "20162": {
            "year_quarter": 20162,
            "year": 2016,
            "quarter": 2,
            "eps": -0.36,
            "eps_growth_year": null,
            "eps_4q": -1.06,
            "eps_4q_growth_year": null,
            "roe": -3.5,
            "roe_4q": -9.940000000000001,
            "gross_profit": 256,
            "gross_margin": 17.07,
            "gross_margin_4q_avg": 21.49,
            "net_income": -37766,
            "revenue": 1500,
            "common_shares": 1042702,
            "book_valuer_per_share": 10.18,
            "book_valuer_per_share_4q_avg": 10.64,
            "equity": 1061572,
            "current_ratio": 170.24,
            "debt_ratio": 65.73,
            "inventory_turnover_ratio": 0,
            "account_receivable_turnover_ratio": 0.08,
            "reinvestment_rate": 3.61,
            "research_to_sale_ratio": null,
            "price_fair": 6.6,
            "eps_avg_yearly": 2.2,
            "eps_latest_yearly": 2.2,
            "eps_growth_yearly": -241.73
        },
        "20163": {
            "year_quarter": 20163,
            "year": 2016,
            "quarter": 3,
            "eps": -0.3,
            "eps_growth_year": null,
            "eps_4q": -1.12,
            "eps_4q_growth_year": null,
            "roe": -2.95,
            "roe_4q": -10.74,
            "gross_profit": 13860,
            "gross_margin": 21.24,
            "gross_margin_4q_avg": 15.05,
            "net_income": -30909,
            "revenue": 65255,
            "common_shares": 1042702,
            "book_valuer_per_share": 9.88,
            "book_valuer_per_share_4q_avg": 10.35,
            "equity": 1030663,
            "current_ratio": 171,
            "debt_ratio": 67.25,
            "inventory_turnover_ratio": 0.03,
            "account_receivable_turnover_ratio": 19.47,
            "reinvestment_rate": 8.52,
            "research_to_sale_ratio": null,
            "price_fair": 6.6,
            "eps_avg_yearly": 2.2,
            "eps_latest_yearly": 2.2,
            "eps_growth_yearly": -241.73
        },
        "20164": {
            "year_quarter": 20164,
            "year": 2016,
            "quarter": 4,
            "eps": -0.46,
            "eps_growth_year": null,
            "eps_4q": -1.38,
            "eps_4q_growth_year": null,
            "roe": -4.76,
            "roe_4q": -13.690000000000001,
            "gross_profit": -11089,
            "gross_margin": -37.83,
            "gross_margin_4q_avg": 2.38,
            "net_income": -47884,
            "revenue": 29315,
            "common_shares": 1042702,
            "book_valuer_per_share": 9.42,
            "book_valuer_per_share_4q_avg": 10.01,
            "equity": 982713,
            "current_ratio": 155.72,
            "debt_ratio": 70.06,
            "inventory_turnover_ratio": 0.02,
            "account_receivable_turnover_ratio": 8.01,
            "reinvestment_rate": null,
            "research_to_sale_ratio": null,
            "price_fair": 6.6,
            "eps_avg_yearly": 2.2,
            "eps_latest_yearly": 2.2,
            "eps_growth_yearly": -241.73
        },
        "20171": {
            "year_quarter": 20171,
            "year": 2017,
            "quarter": 1,
            "eps": -0.56,
            "eps_growth_year": null,
            "eps_4q": -1.68,
            "eps_4q_growth_year": null,
            "roe": -6.12,
            "roe_4q": -17.33,
            "gross_profit": 4658,
            "gross_margin": 2.56,
            "gross_margin_4q_avg": 0.76,
            "net_income": -58382,
            "revenue": 181789,
            "common_shares": 1042702,
            "book_valuer_per_share": 8.86,
            "book_valuer_per_share_4q_avg": 9.59,
            "equity": 924331,
            "current_ratio": 125.62,
            "debt_ratio": 70.68,
            "inventory_turnover_ratio": 0.09,
            "account_receivable_turnover_ratio": 23.54,
            "reinvestment_rate": null,
            "research_to_sale_ratio": null,
            "price_fair": 6.6,
            "eps_avg_yearly": 2.2,
            "eps_latest_yearly": 2.2,
            "eps_growth_yearly": -241.73
        },
        "20172": {
            "year_quarter": 20172,
            "year": 2017,
            "quarter": 2,
            "eps": -0.33,
            "eps_growth_year": null,
            "eps_4q": -1.64,
            "eps_4q_growth_year": null,
            "roe": -3.76,
            "roe_4q": -17.59,
            "gross_profit": 13410,
            "gross_margin": 31.82,
            "gross_margin_4q_avg": 4.45,
            "net_income": -34124,
            "revenue": 42141,
            "common_shares": 1042702,
            "book_valuer_per_share": 8.54,
            "book_valuer_per_share_4q_avg": 9.18,
            "equity": 890207,
            "current_ratio": 123.3,
            "debt_ratio": 71.84,
            "inventory_turnover_ratio": 0.02,
            "account_receivable_turnover_ratio": 1.88,
            "reinvestment_rate": null,
            "research_to_sale_ratio": null,
            "price_fair": 6.6,
            "eps_avg_yearly": 2.2,
            "eps_latest_yearly": 2.2,
            "eps_growth_yearly": -241.73
        },
        "20173": {
            "year_quarter": 20173,
            "year": 2017,
            "quarter": 3,
            "eps": -0.39,
            "eps_growth_year": null,
            "eps_4q": -1.74,
            "eps_4q_growth_year": null,
            "roe": -4.71,
            "roe_4q": -19.35,
            "gross_profit": 11613,
            "gross_margin": 57.8,
            "gross_margin_4q_avg": 13.59,
            "net_income": -40946,
            "revenue": 20092,
            "common_shares": 1042702,
            "book_valuer_per_share": 8.14,
            "book_valuer_per_share_4q_avg": 8.74,
            "equity": 849261,
            "current_ratio": 108.38,
            "debt_ratio": 73.14,
            "inventory_turnover_ratio": 0,
            "account_receivable_turnover_ratio": 0.8,
            "reinvestment_rate": null,
            "research_to_sale_ratio": null,
            "price_fair": 6.6,
            "eps_avg_yearly": 2.2,
            "eps_latest_yearly": 2.2,
            "eps_growth_yearly": -241.73
        },
        "20174": {
            "year_quarter": 20174,
            "year": 2017,
            "quarter": 4,
            "eps": -0.22,
            "eps_growth_year": null,
            "eps_4q": -1.5,
            "eps_4q_growth_year": null,
            "roe": -2.68,
            "roe_4q": -17.27,
            "gross_profit": 56651,
            "gross_margin": 10.88,
            "gross_margin_4q_avg": 25.77,
            "net_income": -22804,
            "revenue": 520533,
            "common_shares": 1042702,
            "book_valuer_per_share": 7.93,
            "book_valuer_per_share_4q_avg": 8.37,
            "equity": 853707,
            "current_ratio": 108.52,
            "debt_ratio": 72.91,
            "inventory_turnover_ratio": 0.31,
            "account_receivable_turnover_ratio": 2.24,
            "reinvestment_rate": null,
            "research_to_sale_ratio": null,
            "price_fair": 6.6,
            "eps_avg_yearly": 2.2,
            "eps_latest_yearly": 2.2,
            "eps_growth_yearly": -241.73
        },
        "20181": {
            "year_quarter": 20181,
            "year": 2018,
            "quarter": 1,
            "eps": -0.24,
            "eps_growth_year": null,
            "eps_4q": -1.16,
            "eps_4q_growth_year": null,
            "roe": -2.96,
            "roe_4q": -14.110000000000001,
            "gross_profit": 19101,
            "gross_margin": 66.12,
            "gross_margin_4q_avg": 41.66,
            "net_income": -24927,
            "revenue": 28889,
            "common_shares": 1042702,
            "book_valuer_per_share": 7.71,
            "book_valuer_per_share_4q_avg": 8.08,
            "equity": 828780,
            "current_ratio": 107.15,
            "debt_ratio": 69.62,
            "inventory_turnover_ratio": 0.01,
            "account_receivable_turnover_ratio": 0.12,
            "reinvestment_rate": null,
            "research_to_sale_ratio": null,
            "price_fair": 0,
            "eps_avg_yearly": 0,
            "eps_latest_yearly": 0,
            "eps_growth_yearly": 0
        },
        "20182": {
            "year_quarter": 20182,
            "year": 2018,
            "quarter": 2,
            "eps": -0.39,
            "eps_growth_year": null,
            "eps_4q": -1.22,
            "eps_4q_growth_year": null,
            "roe": -5.52,
            "roe_4q": -15.870000000000001,
            "gross_profit": 10614,
            "gross_margin": 16.42,
            "gross_margin_4q_avg": 37.81,
            "net_income": -44511,
            "revenue": 64629,
            "common_shares": 1042702,
            "book_valuer_per_share": 7.32,
            "book_valuer_per_share_4q_avg": 7.78,
            "equity": 784269,
            "current_ratio": 102.49,
            "debt_ratio": 71.05,
            "inventory_turnover_ratio": 0.04,
            "account_receivable_turnover_ratio": 2.71,
            "reinvestment_rate": null,
            "research_to_sale_ratio": null,
            "price_fair": 0,
            "eps_avg_yearly": 0,
            "eps_latest_yearly": 0,
            "eps_growth_yearly": 0
        },
        "20183": {
            "year_quarter": 20183,
            "year": 2018,
            "quarter": 3,
            "eps": -0.32,
            "eps_growth_year": null,
            "eps_4q": -1.14,
            "eps_4q_growth_year": null,
            "roe": -4.72,
            "roe_4q": -15.879999999999999,
            "gross_profit": 18149,
            "gross_margin": 57.79,
            "gross_margin_4q_avg": 37.8,
            "net_income": -36198,
            "revenue": 31406,
            "common_shares": 1042702,
            "book_valuer_per_share": 7,
            "book_valuer_per_share_4q_avg": 7.49,
            "equity": 748071,
            "current_ratio": 100.09,
            "debt_ratio": 72.22,
            "inventory_turnover_ratio": 0.01,
            "account_receivable_turnover_ratio": 0.91,
            "reinvestment_rate": null,
            "research_to_sale_ratio": null,
            "price_fair": 0,
            "eps_avg_yearly": 0,
            "eps_latest_yearly": 0,
            "eps_growth_yearly": 0
        },
        "20184": {
            "year_quarter": 20184,
            "year": 2018,
            "quarter": 4,
            "eps": -0.44,
            "eps_growth_year": null,
            "eps_4q": -1.36,
            "eps_4q_growth_year": null,
            "roe": -6.74,
            "roe_4q": -19.94,
            "gross_profit": -5807,
            "gross_margin": -7.84,
            "gross_margin_4q_avg": 33.12,
            "net_income": -48786,
            "revenue": 74087,
            "common_shares": 1042702,
            "book_valuer_per_share": 6.67,
            "book_valuer_per_share_4q_avg": 7.18,
            "equity": 699285,
            "current_ratio": 94.99,
            "debt_ratio": 73.17,
            "inventory_turnover_ratio": 0.06,
            "account_receivable_turnover_ratio": 2.09,
            "reinvestment_rate": null,
            "research_to_sale_ratio": null,
            "price_fair": 0,
            "eps_avg_yearly": 0,
            "eps_latest_yearly": 0,
            "eps_growth_yearly": 0
        },
        "20191": {
            "year_quarter": 20191,
            "year": 2019,
            "quarter": 1,
            "eps": -0.64,
            "eps_growth_year": null,
            "eps_4q": -1.79,
            "eps_4q_growth_year": null,
            "roe": -10.34,
            "roe_4q": -27.319999999999997,
            "gross_profit": -9382,
            "gross_margin": -6.45,
            "gross_margin_4q_avg": 14.98,
            "net_income": -68775,
            "revenue": 145375,
            "common_shares": 1042702,
            "book_valuer_per_share": 6.03,
            "book_valuer_per_share_4q_avg": 6.76,
            "equity": 630510,
            "current_ratio": 86.86,
            "debt_ratio": 79.53,
            "inventory_turnover_ratio": 0.13,
            "account_receivable_turnover_ratio": 6.18,
            "reinvestment_rate": null,
            "research_to_sale_ratio": null,
            "price_fair": 0,
            "eps_avg_yearly": 0,
            "eps_latest_yearly": 0,
            "eps_growth_yearly": 0
        },
        "20192": {
            "year_quarter": 20192,
            "year": 2019,
            "quarter": 2,
            "eps": -0.46,
            "eps_growth_year": null,
            "eps_4q": -1.63,
            "eps_4q_growth_year": null,
            "roe": -8.8,
            "roe_4q": -30.6,
            "gross_profit": -1124,
            "gross_margin": -0.08,
            "gross_margin_4q_avg": 10.86,
            "net_income": -58711,
            "revenue": 1323166,
            "common_shares": 1242702,
            "book_valuer_per_share": 5.62,
            "book_valuer_per_share_4q_avg": 6.33,
            "equity": 703799,
            "current_ratio": 265.99,
            "debt_ratio": 51.23,
            "inventory_turnover_ratio": 1.48,
            "account_receivable_turnover_ratio": 70.99,
            "reinvestment_rate": null,
            "research_to_sale_ratio": null,
            "price_fair": 0,
            "eps_avg_yearly": 0,
            "eps_latest_yearly": 0,
            "eps_growth_yearly": 0
        },
        "20193": {
            "year_quarter": 20193,
            "year": 2019,
            "quarter": 3,
            "eps": -0.06,
            "eps_growth_year": null,
            "eps_4q": -2,
            "eps_4q_growth_year": null,
            "roe": -0.98,
            "roe_4q": -26.86,
            "gross_profit": 34096,
            "gross_margin": 97.84,
            "gross_margin_4q_avg": 20.87,
            "net_income": -6858,
            "revenue": 34848,
            "common_shares": 884328,
            "book_valuer_per_share": 7.83,
            "book_valuer_per_share_4q_avg": 6.54,
            "equity": 696941,
            "current_ratio": 282.44,
            "debt_ratio": 49.67,
            "inventory_turnover_ratio": 0,
            "account_receivable_turnover_ratio": 1.45,
            "reinvestment_rate": null,
            "research_to_sale_ratio": null,
            "price_fair": 0,
            "eps_avg_yearly": 0,
            "eps_latest_yearly": 0,
            "eps_growth_yearly": 0
        },
        "20194": {
            "year_quarter": 20194,
            "year": 2019,
            "quarter": 4,
            "eps": -0.25,
            "eps_growth_year": null,
            "eps_4q": -1.73,
            "eps_4q_growth_year": null,
            "roe": -3.23,
            "roe_4q": -23.35,
            "gross_profit": 19221,
            "gross_margin": 69.2,
            "gross_margin_4q_avg": 40.13,
            "net_income": -22160,
            "revenue": 27776,
            "common_shares": 884328,
            "book_valuer_per_share": 7.58,
            "book_valuer_per_share_4q_avg": 6.77,
            "equity": 674781,
            "current_ratio": 259.66,
            "debt_ratio": 50.93,
            "inventory_turnover_ratio": 0.01,
            "account_receivable_turnover_ratio": 1.04,
            "reinvestment_rate": null,
            "research_to_sale_ratio": null,
            "price_fair": 0,
            "eps_avg_yearly": 0,
            "eps_latest_yearly": 0,
            "eps_growth_yearly": 0
        },
        "20201": {
            "year_quarter": 20201,
            "year": 2020,
            "quarter": 1,
            "eps": -0.07,
            "eps_growth_year": null,
            "eps_4q": -1.03,
            "eps_4q_growth_year": null,
            "roe": -0.92,
            "roe_4q": -13.930000000000001,
            "gross_profit": 30937,
            "gross_margin": 28.82,
            "gross_margin_4q_avg": 48.95,
            "net_income": -6205,
            "revenue": 107346,
            "common_shares": 884328,
            "book_valuer_per_share": 7.52,
            "book_valuer_per_share_4q_avg": 7.14,
            "equity": 668576,
            "current_ratio": 359.92,
            "debt_ratio": 47,
            "inventory_turnover_ratio": 0.12,
            "account_receivable_turnover_ratio": 4.43,
            "reinvestment_rate": null,
            "research_to_sale_ratio": null,
            "price_fair": 0,
            "eps_avg_yearly": 0,
            "eps_latest_yearly": 0,
            "eps_growth_yearly": 0
        },
        "20202": {
            "year_quarter": 20202,
            "year": 2020,
            "quarter": 2,
            "eps": -0.18,
            "eps_growth_year": null,
            "eps_4q": -0.57,
            "eps_4q_growth_year": null,
            "roe": -2.41,
            "roe_4q": -7.540000000000001,
            "gross_profit": 16972,
            "gross_margin": 70.84,
            "gross_margin_4q_avg": 66.68,
            "net_income": -15911,
            "revenue": 23958,
            "common_shares": 884328,
            "book_valuer_per_share": 7.34,
            "book_valuer_per_share_4q_avg": 7.57,
            "equity": 652665,
            "current_ratio": 312.82,
            "debt_ratio": 50.05,
            "inventory_turnover_ratio": 0.01,
            "account_receivable_turnover_ratio": 0.78,
            "reinvestment_rate": null,
            "research_to_sale_ratio": null,
            "price_fair": 0,
            "eps_avg_yearly": 0,
            "eps_latest_yearly": 0,
            "eps_growth_yearly": 0
        },
        "20203": {
            "year_quarter": 20203,
            "year": 2020,
            "quarter": 3,
            "eps": -1.07,
            "eps_growth_year": null,
            "eps_4q": -1.56,
            "eps_4q_growth_year": null,
            "roe": -15.67,
            "roe_4q": -22.23,
            "gross_profit": 29795,
            "gross_margin": 26.13,
            "gross_margin_4q_avg": 48.75,
            "net_income": -94825,
            "revenue": 114014,
            "common_shares": 884328,
            "book_valuer_per_share": 6.26,
            "book_valuer_per_share_4q_avg": 7.18,
            "equity": 557840,
            "current_ratio": 369.92,
            "debt_ratio": 51.57,
            "inventory_turnover_ratio": 0.15,
            "account_receivable_turnover_ratio": 4.43,
            "reinvestment_rate": null,
            "research_to_sale_ratio": null,
            "price_fair": 0,
            "eps_avg_yearly": 0,
            "eps_latest_yearly": 0,
            "eps_growth_yearly": 0
        },
        "20204": {
            "year_quarter": 20204,
            "year": 2020,
            "quarter": 4,
            "eps": -0.19,
            "eps_growth_year": null,
            "eps_4q": -1.51,
            "eps_4q_growth_year": null,
            "roe": -3.09,
            "roe_4q": -22.09,
            "gross_profit": 16415,
            "gross_margin": 41.64,
            "gross_margin_4q_avg": 41.86,
            "net_income": -16937,
            "revenue": 39425,
            "common_shares": 884328,
            "book_valuer_per_share": 6.07,
            "book_valuer_per_share_4q_avg": 6.8,
            "equity": 537001,
            "current_ratio": 327.69,
            "debt_ratio": 51.24,
            "inventory_turnover_ratio": 0.04,
            "account_receivable_turnover_ratio": 6.3,
            "reinvestment_rate": null,
            "research_to_sale_ratio": null,
            "price_fair": 0,
            "eps_avg_yearly": 0,
            "eps_latest_yearly": 0,
            "eps_growth_yearly": 0
        },
        "20211": {
            "year_quarter": 20211,
            "year": 2021,
            "quarter": 1,
            "eps": -0.09,
            "eps_growth_year": null,
            "eps_4q": -1.53,
            "eps_4q_growth_year": null,
            "roe": -1.45,
            "roe_4q": -22.62,
            "gross_profit": 18604,
            "gross_margin": 74.98,
            "gross_margin_4q_avg": 53.4,
            "net_income": -7710,
            "revenue": 24811,
            "common_shares": 884328,
            "book_valuer_per_share": 5.99,
            "book_valuer_per_share_4q_avg": 6.42,
            "equity": 529291,
            "current_ratio": 545.78,
            "debt_ratio": 45.45,
            "inventory_turnover_ratio": 0.01,
            "account_receivable_turnover_ratio": 35.17,
            "reinvestment_rate": null,
            "research_to_sale_ratio": null,
            "price_fair": 0,
            "eps_avg_yearly": 0,
            "eps_latest_yearly": 0,
            "eps_growth_yearly": 0
        },
        "20212": {
            "year_quarter": 20212,
            "year": 2021,
            "quarter": 2,
            "eps": -0.41,
            "eps_growth_year": null,
            "eps_4q": -1.36,
            "eps_4q_growth_year": null,
            "roe": -6.31,
            "roe_4q": -26.52,
            "gross_profit": 8708,
            "gross_margin": 73.22,
            "gross_margin_4q_avg": 53.99,
            "net_income": -48922,
            "revenue": 11893,
            "common_shares": 1240528,
            "book_valuer_per_share": 8.23,
            "book_valuer_per_share_4q_avg": 6.64,
            "equity": 1020368,
            "current_ratio": 1033.86,
            "debt_ratio": 28.38,
            "inventory_turnover_ratio": 0.01,
            "account_receivable_turnover_ratio": 38,
            "reinvestment_rate": null,
            "research_to_sale_ratio": null,
            "price_fair": 0,
            "eps_avg_yearly": 0,
            "eps_latest_yearly": 0,
            "eps_growth_yearly": 0
        },
        "20213": {
            "year_quarter": 20213,
            "year": 2021,
            "quarter": 3,
            "eps": -0.17,
            "eps_growth_year": null,
            "eps_4q": -0.76,
            "eps_4q_growth_year": null,
            "roe": -2.05,
            "roe_4q": -12.899999999999999,
            "gross_profit": 2547,
            "gross_margin": 83.21,
            "gross_margin_4q_avg": 68.26,
            "net_income": -20723,
            "revenue": 3061,
            "common_shares": 1240528,
            "book_valuer_per_share": 8.06,
            "book_valuer_per_share_4q_avg": 7.09,
            "equity": 999645,
            "current_ratio": 930.92,
            "debt_ratio": 26.99,
            "inventory_turnover_ratio": 0,
            "account_receivable_turnover_ratio": 9.61,
            "reinvestment_rate": null,
            "research_to_sale_ratio": null,
            "price_fair": 0,
            "eps_avg_yearly": 0,
            "eps_latest_yearly": 0,
            "eps_growth_yearly": 0
        },
        "20214": {
            "year_quarter": 20214,
            "year": 2021,
            "quarter": 4,
            "eps": -0.32,
            "eps_growth_year": null,
            "eps_4q": -0.94,
            "eps_4q_growth_year": null,
            "roe": -4.04,
            "roe_4q": -13.849999999999998,
            "gross_profit": -16126,
            "gross_margin": -230.31,
            "gross_margin_4q_avg": 0.27,
            "net_income": -39631,
            "revenue": 7002,
            "common_shares": 1240528,
            "book_valuer_per_share": 7.74,
            "book_valuer_per_share_4q_avg": 7.51,
            "equity": 960014,
            "current_ratio": 259.48,
            "debt_ratio": 37.1,
            "inventory_turnover_ratio": 0.03,
            "account_receivable_turnover_ratio": 5.66,
            "reinvestment_rate": null,
            "research_to_sale_ratio": null,
            "price_fair": 0,
            "eps_avg_yearly": 0,
            "eps_latest_yearly": 0,
            "eps_growth_yearly": 0
        },
        "20221": {
            "year_quarter": 20221,
            "year": 2022,
            "quarter": 1,
            "eps": -0.16,
            "eps_growth_year": null,
            "eps_4q": -1.04,
            "eps_4q_growth_year": null,
            "roe": -2.11,
            "roe_4q": -14.509999999999998,
            "gross_profit": 9607,
            "gross_margin": 57.98,
            "gross_margin_4q_avg": -3.98,
            "net_income": -20036,
            "revenue": 16569,
            "common_shares": 1240528,
            "book_valuer_per_share": 7.58,
            "book_valuer_per_share_4q_avg": 7.9,
            "equity": 939978,
            "current_ratio": 148.54,
            "debt_ratio": 63.93,
            "inventory_turnover_ratio": 0,
            "account_receivable_turnover_ratio": 12.29,
            "reinvestment_rate": null,
            "research_to_sale_ratio": null,
            "price_fair": 0,
            "eps_avg_yearly": 0,
            "eps_latest_yearly": 0,
            "eps_growth_yearly": 0
        },
        "20222": {
            "year_quarter": 20222,
            "year": 2022,
            "quarter": 2,
            "eps": -0.23,
            "eps_growth_year": null,
            "eps_4q": -0.88,
            "eps_4q_growth_year": null,
            "roe": -3.07,
            "roe_4q": -11.27,
            "gross_profit": 1185,
            "gross_margin": 7.78,
            "gross_margin_4q_avg": -20.34,
            "net_income": -28435,
            "revenue": 15225,
            "common_shares": 1240528,
            "book_valuer_per_share": 7.35,
            "book_valuer_per_share_4q_avg": 7.68,
            "equity": 911543,
            "current_ratio": 138.63,
            "debt_ratio": 70.38,
            "inventory_turnover_ratio": 0.01,
            "account_receivable_turnover_ratio": 17.17,
            "reinvestment_rate": null,
            "research_to_sale_ratio": null,
            "price_fair": 0,
            "eps_avg_yearly": 0,
            "eps_latest_yearly": 0,
            "eps_growth_yearly": 0
        },
        "20223": {
            "year_quarter": 20223,
            "year": 2022,
            "quarter": 3,
            "eps": -0.18,
            "eps_growth_year": null,
            "eps_4q": -0.89,
            "eps_4q_growth_year": null,
            "roe": -2.5,
            "roe_4q": -11.719999999999999,
            "gross_profit": 16984,
            "gross_margin": 31.78,
            "gross_margin_4q_avg": -33.19,
            "net_income": -22535,
            "revenue": 53440,
            "common_shares": 1240528,
            "book_valuer_per_share": 7.17,
            "book_valuer_per_share_4q_avg": 7.46,
            "equity": 889008,
            "current_ratio": 136,
            "debt_ratio": 71.02,
            "inventory_turnover_ratio": 0.01,
            "account_receivable_turnover_ratio": 41.12,
            "reinvestment_rate": null,
            "research_to_sale_ratio": null,
            "price_fair": 0,
            "eps_avg_yearly": 0,
            "eps_latest_yearly": 0,
            "eps_growth_yearly": 0
        },
        "20224": {
            "year_quarter": 20224,
            "year": 2022,
            "quarter": 4,
            "eps": -0.14,
            "eps_growth_year": null,
            "eps_4q": -0.71,
            "eps_4q_growth_year": null,
            "roe": -1.91,
            "roe_4q": -9.59,
            "gross_profit": 12060,
            "gross_margin": 15.7,
            "gross_margin_4q_avg": 28.31,
            "net_income": -16835,
            "revenue": 76820,
            "common_shares": 1240528,
            "book_valuer_per_share": 7.03,
            "book_valuer_per_share_4q_avg": 7.28,
            "equity": 872173,
            "current_ratio": 131.49,
            "debt_ratio": 72.62,
            "inventory_turnover_ratio": 0.02,
            "account_receivable_turnover_ratio": 35.18,
            "reinvestment_rate": null,
            "research_to_sale_ratio": null,
            "price_fair": 0,
            "eps_avg_yearly": 0,
            "eps_latest_yearly": 0,
            "eps_growth_yearly": 0
        },
        "20231": {
            "year_quarter": 20231,
            "year": 2023,
            "quarter": 1,
            "eps": -0.16,
            "eps_growth_year": null,
            "eps_4q": -0.7,
            "eps_4q_growth_year": null,
            "roe": -2.25,
            "roe_4q": -9.73,
            "gross_profit": 15621,
            "gross_margin": 65,
            "gross_margin_4q_avg": 30.07,
            "net_income": -19440,
            "revenue": 24033,
            "common_shares": 1240528,
            "book_valuer_per_share": 6.87,
            "book_valuer_per_share_4q_avg": 7.11,
            "equity": 852733,
            "current_ratio": 130.88,
            "debt_ratio": 72.86,
            "inventory_turnover_ratio": 0,
            "account_receivable_turnover_ratio": 10.58,
            "reinvestment_rate": null,
            "research_to_sale_ratio": null,
            "price_fair": 0,
            "eps_avg_yearly": 0,
            "eps_latest_yearly": 0,
            "eps_growth_yearly": 0
        },
        "20232": {
            "year_quarter": 20232,
            "year": 2023,
            "quarter": 2,
            "eps": -0.23,
            "eps_growth_year": null,
            "eps_4q": -0.6,
            "eps_4q_growth_year": null,
            "roe": -1.88,
            "roe_4q": -8.54,
            "gross_profit": 14961,
            "gross_margin": 63.58,
            "gross_margin_4q_avg": 44.02,
            "net_income": -15894,
            "revenue": 23532,
            "common_shares": 1240528,
            "book_valuer_per_share": 6.75,
            "book_valuer_per_share_4q_avg": 6.96,
            "equity": 836839,
            "current_ratio": 128.73,
            "debt_ratio": 74.06,
            "inventory_turnover_ratio": 0,
            "account_receivable_turnover_ratio": 11.27,
            "reinvestment_rate": null,
            "research_to_sale_ratio": null,
            "price_fair": 0,
            "eps_avg_yearly": 0,
            "eps_latest_yearly": 0,
            "eps_growth_yearly": 0
        }
    },
    "months": {
        "2001-06": {
            "month": "2001-06",
            "price": "6.24",
            "revenue": 11376
        },
        "2001-07": {
            "month": "2001-07",
            "price": "6.05",
            "revenue": 29266
        },
        "2001-08": {
            "month": "2001-08",
            "price": "7.62",
            "revenue": 22250
        },
        "2001-09": {
            "month": "2001-09",
            "price": "5.24",
            "revenue": 32298
        },
        "2001-10": {
            "month": "2001-10",
            "price": "4.19",
            "revenue": 33482
        },
        "2001-11": {
            "month": "2001-11",
            "price": "3.73",
            "revenue": 21837
        },
        "2001-12": {
            "month": "2001-12",
            "price": "3.63",
            "revenue": 33235
        },
        "2002-01": {
            "month": "2002-01",
            "price": "4.04",
            "revenue": 14150
        },
        "2002-02": {
            "month": "2002-02",
            "price": "3.62",
            "revenue": 32125
        },
        "2002-03": {
            "month": "2002-03",
            "price": "4.39",
            "revenue": -22639
        },
        "2002-04": {
            "month": "2002-04",
            "price": "5.90",
            "revenue": 11114
        },
        "2002-05": {
            "month": "2002-05",
            "price": "9.97",
            "revenue": 19557
        },
        "2002-06": {
            "month": "2002-06",
            "price": "6.21",
            "revenue": -2255
        },
        "2002-07": {
            "month": "2002-07",
            "price": "4.14",
            "revenue": -1557
        },
        "2002-08": {
            "month": "2002-08",
            "price": "3.22",
            "revenue": 22182
        },
        "2002-09": {
            "month": "2002-09",
            "price": "1.62",
            "revenue": 55385
        },
        "2002-10": {
            "month": "2002-10",
            "price": "0.95",
            "revenue": 24720
        },
        "2002-11": {
            "month": "2002-11",
            "price": "1.35",
            "revenue": 25063
        },
        "2002-12": {
            "month": "2002-12",
            "price": "2.00",
            "revenue": 8946
        },
        "2003-01": {
            "month": "2003-01",
            "price": "2.30",
            "revenue": 0
        },
        "2003-02": {
            "month": "2003-02",
            "price": "2.20",
            "revenue": 0
        },
        "2003-03": {
            "month": "2003-03",
            "price": "1.21",
            "revenue": 0
        },
        "2003-04": {
            "month": "2003-04",
            "price": "1.36",
            "revenue": 0
        },
        "2003-05": {
            "month": "2003-05",
            "price": "1.10",
            "revenue": 0
        },
        "2003-06": {
            "month": "2003-06",
            "price": "1.29",
            "revenue": 25505
        },
        "2003-07": {
            "month": "2003-07",
            "price": "1.19",
            "revenue": 0
        },
        "2003-08": {
            "month": "2003-08",
            "price": "1.29",
            "revenue": 46857
        },
        "2003-09": {
            "month": "2003-09",
            "price": "1.41",
            "revenue": 46245
        },
        "2003-10": {
            "month": "2003-10",
            "price": "12.88",
            "revenue": 0
        },
        "2003-11": {
            "month": "2003-11",
            "price": "13.20",
            "revenue": 0
        },
        "2003-12": {
            "month": "2003-12",
            "price": "21.08",
            "revenue": 24405
        },
        "2004-01": {
            "month": "2004-01",
            "price": "33.02",
            "revenue": 21476
        },
        "2004-02": {
            "month": "2004-02",
            "price": "34.60",
            "revenue": 0
        },
        "2004-03": {
            "month": "2004-03",
            "price": "28.50",
            "revenue": -48
        },
        "2004-04": {
            "month": "2004-04",
            "price": "30.41",
            "revenue": 0
        },
        "2004-05": {
            "month": "2004-05",
            "price": "29.82",
            "revenue": 0
        },
        "2004-06": {
            "month": "2004-06",
            "price": "23.82",
            "revenue": 117104
        },
        "2004-07": {
            "month": "2004-07",
            "price": "26.25",
            "revenue": 0
        },
        "2004-08": {
            "month": "2004-08",
            "price": "24.38",
            "revenue": 189305
        },
        "2004-09": {
            "month": "2004-09",
            "price": "19.54",
            "revenue": 30426
        },
        "2004-10": {
            "month": "2004-10",
            "price": "20.58",
            "revenue": 53081
        },
        "2004-11": {
            "month": "2004-11",
            "price": "21.44",
            "revenue": 18040
        },
        "2004-12": {
            "month": "2004-12",
            "price": "19.88",
            "revenue": 27607
        },
        "2005-01": {
            "month": "2005-01",
            "price": "15.72",
            "revenue": 0
        },
        "2005-02": {
            "month": "2005-02",
            "price": "13.58",
            "revenue": 0
        },
        "2005-03": {
            "month": "2005-03",
            "price": "14.46",
            "revenue": 0
        },
        "2005-04": {
            "month": "2005-04",
            "price": "13.08",
            "revenue": 0
        },
        "2005-05": {
            "month": "2005-05",
            "price": "12.68",
            "revenue": 0
        },
        "2005-06": {
            "month": "2005-06",
            "price": "13.38",
            "revenue": 18430
        },
        "2005-07": {
            "month": "2005-07",
            "price": "13.86",
            "revenue": 36705
        },
        "2005-08": {
            "month": "2005-08",
            "price": "13.64",
            "revenue": 99386
        },
        "2005-09": {
            "month": "2005-09",
            "price": "17.03",
            "revenue": 185410
        },
        "2005-10": {
            "month": "2005-10",
            "price": "16.04",
            "revenue": 29250
        },
        "2005-11": {
            "month": "2005-11",
            "price": "15.95",
            "revenue": 28192
        },
        "2005-12": {
            "month": "2005-12",
            "price": "18.87",
            "revenue": 19378
        },
        "2006-01": {
            "month": "2006-01",
            "price": "19.46",
            "revenue": 19407
        },
        "2006-02": {
            "month": "2006-02",
            "price": "17.78",
            "revenue": 19114
        },
        "2006-03": {
            "month": "2006-03",
            "price": "16.91",
            "revenue": 28388
        },
        "2006-04": {
            "month": "2006-04",
            "price": "18.81",
            "revenue": 0
        },
        "2006-05": {
            "month": "2006-05",
            "price": "18.92",
            "revenue": 0
        },
        "2006-06": {
            "month": "2006-06",
            "price": "16.71",
            "revenue": 0
        },
        "2006-07": {
            "month": "2006-07",
            "price": "17.27",
            "revenue": 0
        },
        "2006-08": {
            "month": "2006-08",
            "price": "14.34",
            "revenue": 0
        },
        "2006-09": {
            "month": "2006-09",
            "price": "12.46",
            "revenue": 22357
        },
        "2006-10": {
            "month": "2006-10",
            "price": "13.19",
            "revenue": 0
        },
        "2006-11": {
            "month": "2006-11",
            "price": "15.25",
            "revenue": 0
        },
        "2006-12": {
            "month": "2006-12",
            "price": "28.40",
            "revenue": 27333
        },
        "2007-01": {
            "month": "2007-01",
            "price": "26.88",
            "revenue": 0
        },
        "2007-02": {
            "month": "2007-02",
            "price": "28.73",
            "revenue": 0
        },
        "2007-03": {
            "month": "2007-03",
            "price": "29.61",
            "revenue": 0
        },
        "2007-04": {
            "month": "2007-04",
            "price": "29.73",
            "revenue": 0
        },
        "2007-05": {
            "month": "2007-05",
            "price": "29.38",
            "revenue": 27529
        },
        "2007-06": {
            "month": "2007-06",
            "price": "28.10",
            "revenue": 55350
        },
        "2007-07": {
            "month": "2007-07",
            "price": "29.56",
            "revenue": 0
        },
        "2007-08": {
            "month": "2007-08",
            "price": "26.85",
            "revenue": 0
        },
        "2007-09": {
            "month": "2007-09",
            "price": "27.29",
            "revenue": 0
        },
        "2007-10": {
            "month": "2007-10",
            "price": "26.82",
            "revenue": 0
        },
        "2007-11": {
            "month": "2007-11",
            "price": "25.99",
            "revenue": 27714
        },
        "2007-12": {
            "month": "2007-12",
            "price": "25.46",
            "revenue": 0
        },
        "2008-01": {
            "month": "2008-01",
            "price": "25.74",
            "revenue": 0
        },
        "2008-02": {
            "month": "2008-02",
            "price": "26.80",
            "revenue": 26357
        },
        "2008-03": {
            "month": "2008-03",
            "price": "28.37",
            "revenue": 145045
        },
        "2008-04": {
            "month": "2008-04",
            "price": "33.05",
            "revenue": 38455
        },
        "2008-05": {
            "month": "2008-05",
            "price": "29.86",
            "revenue": 211511
        },
        "2008-06": {
            "month": "2008-06",
            "price": "27.53",
            "revenue": 278864
        },
        "2008-07": {
            "month": "2008-07",
            "price": "23.22",
            "revenue": 89870
        },
        "2008-08": {
            "month": "2008-08",
            "price": "22.12",
            "revenue": 74882
        },
        "2008-09": {
            "month": "2008-09",
            "price": "13.48",
            "revenue": 13829
        },
        "2008-10": {
            "month": "2008-10",
            "price": "8.46",
            "revenue": 17376
        },
        "2008-11": {
            "month": "2008-11",
            "price": "9.99",
            "revenue": 31096
        },
        "2008-12": {
            "month": "2008-12",
            "price": "10.23",
            "revenue": 0
        },
        "2009-01": {
            "month": "2009-01",
            "price": "9.02",
            "revenue": 47216
        },
        "2009-02": {
            "month": "2009-02",
            "price": "5.06",
            "revenue": 52590
        },
        "2009-03": {
            "month": "2009-03",
            "price": "7.88",
            "revenue": 179173
        },
        "2009-04": {
            "month": "2009-04",
            "price": "9.22",
            "revenue": 35738
        },
        "2009-05": {
            "month": "2009-05",
            "price": "9.78",
            "revenue": 24879
        },
        "2009-06": {
            "month": "2009-06",
            "price": "10.00",
            "revenue": 75440
        },
        "2009-07": {
            "month": "2009-07",
            "price": "10.65",
            "revenue": 31743
        },
        "2009-08": {
            "month": "2009-08",
            "price": "9.91",
            "revenue": 51940
        },
        "2009-09": {
            "month": "2009-09",
            "price": "10.15",
            "revenue": 38933
        },
        "2009-10": {
            "month": "2009-10",
            "price": "11.63",
            "revenue": 27666
        },
        "2009-11": {
            "month": "2009-11",
            "price": "10.27",
            "revenue": 36635
        },
        "2009-12": {
            "month": "2009-12",
            "price": "10.20",
            "revenue": 144837
        },
        "2010-01": {
            "month": "2010-01",
            "price": "10.97",
            "revenue": 61275
        },
        "2010-02": {
            "month": "2010-02",
            "price": "9.58",
            "revenue": 27052
        },
        "2010-03": {
            "month": "2010-03",
            "price": "9.95",
            "revenue": 100416
        },
        "2010-04": {
            "month": "2010-04",
            "price": "10.84",
            "revenue": 34327
        },
        "2010-05": {
            "month": "2010-05",
            "price": "10.21",
            "revenue": 30305
        },
        "2010-06": {
            "month": "2010-06",
            "price": "10.03",
            "revenue": 33406
        },
        "2010-07": {
            "month": "2010-07",
            "price": "10.30",
            "revenue": 17216
        },
        "2010-08": {
            "month": "2010-08",
            "price": "10.25",
            "revenue": 20460
        },
        "2010-09": {
            "month": "2010-09",
            "price": "10.06",
            "revenue": 43093
        },
        "2010-10": {
            "month": "2010-10",
            "price": "9.98",
            "revenue": 17714
        },
        "2010-11": {
            "month": "2010-11",
            "price": "9.35",
            "revenue": 2637
        },
        "2010-12": {
            "month": "2010-12",
            "price": "9.56",
            "revenue": 13658
        },
        "2011-01": {
            "month": "2011-01",
            "price": "9.43",
            "revenue": 2640
        },
        "2011-02": {
            "month": "2011-02",
            "price": "9.26",
            "revenue": 2594
        },
        "2011-03": {
            "month": "2011-03",
            "price": "8.91",
            "revenue": 38814
        },
        "2011-04": {
            "month": "2011-04",
            "price": "9.35",
            "revenue": 15422
        },
        "2011-05": {
            "month": "2011-05",
            "price": "9.71",
            "revenue": 38431
        },
        "2011-06": {
            "month": "2011-06",
            "price": "12.22",
            "revenue": 55754
        },
        "2011-07": {
            "month": "2011-07",
            "price": "12.72",
            "revenue": 47584
        },
        "2011-08": {
            "month": "2011-08",
            "price": "12.13",
            "revenue": 90418
        },
        "2011-09": {
            "month": "2011-09",
            "price": "10.71",
            "revenue": 47644
        },
        "2011-10": {
            "month": "2011-10",
            "price": "10.26",
            "revenue": 20593
        },
        "2011-11": {
            "month": "2011-11",
            "price": "10.50",
            "revenue": 13552
        },
        "2011-12": {
            "month": "2011-12",
            "price": "10.81",
            "revenue": 27721
        },
        "2012-01": {
            "month": "2012-01",
            "price": "11.16",
            "revenue": 13893
        },
        "2012-02": {
            "month": "2012-02",
            "price": "13.45",
            "revenue": 2841
        },
        "2012-03": {
            "month": "2012-03",
            "price": "14.01",
            "revenue": 12367
        },
        "2012-04": {
            "month": "2012-04",
            "price": "14.18",
            "revenue": 25823
        },
        "2012-05": {
            "month": "2012-05",
            "price": "14.15",
            "revenue": 20496
        },
        "2012-06": {
            "month": "2012-06",
            "price": "15.25",
            "revenue": 16523
        },
        "2012-07": {
            "month": "2012-07",
            "price": "15.69",
            "revenue": 20352
        },
        "2012-08": {
            "month": "2012-08",
            "price": "15.98",
            "revenue": 3272
        },
        "2012-09": {
            "month": "2012-09",
            "price": "17.71",
            "revenue": 4550
        },
        "2012-10": {
            "month": "2012-10",
            "price": "20.73",
            "revenue": 14386
        },
        "2012-11": {
            "month": "2012-11",
            "price": "24.69",
            "revenue": 3265
        },
        "2012-12": {
            "month": "2012-12",
            "price": "25.01",
            "revenue": 1611404
        },
        "2013-01": {
            "month": "2013-01",
            "price": "24.85",
            "revenue": 12485
        },
        "2013-02": {
            "month": "2013-02",
            "price": "24.89",
            "revenue": 840
        },
        "2013-03": {
            "month": "2013-03",
            "price": "27.37",
            "revenue": 18175
        },
        "2013-04": {
            "month": "2013-04",
            "price": "55.37",
            "revenue": 15141
        },
        "2013-05": {
            "month": "2013-05",
            "price": "80.00",
            "revenue": 847
        },
        "2013-06": {
            "month": "2013-06",
            "price": "74.43",
            "revenue": 42820
        },
        "2013-07": {
            "month": "2013-07",
            "price": "60.80",
            "revenue": 1055
        },
        "2013-08": {
            "month": "2013-08",
            "price": "43.50",
            "revenue": 31101
        },
        "2013-09": {
            "month": "2013-09",
            "price": "29.00",
            "revenue": 85718
        },
        "2013-10": {
            "month": "2013-10",
            "price": "33.45",
            "revenue": 1057
        },
        "2013-11": {
            "month": "2013-11",
            "price": "31.94",
            "revenue": 1057
        },
        "2013-12": {
            "month": "2013-12",
            "price": "29.94",
            "revenue": 393060
        },
        "2014-01": {
            "month": "2014-01",
            "price": "29.37",
            "revenue": 869
        },
        "2014-02": {
            "month": "2014-02",
            "price": "28.73",
            "revenue": 16813
        },
        "2014-03": {
            "month": "2014-03",
            "price": "25.07",
            "revenue": 285875
        },
        "2014-04": {
            "month": "2014-04",
            "price": "27.02",
            "revenue": 227
        },
        "2014-05": {
            "month": "2014-05",
            "price": "25.24",
            "revenue": 227
        },
        "2014-06": {
            "month": "2014-06",
            "price": "23.76",
            "revenue": 10974
        },
        "2014-07": {
            "month": "2014-07",
            "price": "20.56",
            "revenue": 13650
        },
        "2014-08": {
            "month": "2014-08",
            "price": "18.10",
            "revenue": 227
        },
        "2014-09": {
            "month": "2014-09",
            "price": "18.31",
            "revenue": 13237
        },
        "2014-10": {
            "month": "2014-10",
            "price": "17.89",
            "revenue": 227
        },
        "2014-11": {
            "month": "2014-11",
            "price": "15.99",
            "revenue": 36841
        },
        "2014-12": {
            "month": "2014-12",
            "price": "14.49",
            "revenue": 722
        },
        "2015-01": {
            "month": "2015-01",
            "price": "14.78",
            "revenue": 465
        },
        "2015-02": {
            "month": "2015-02",
            "price": "13.94",
            "revenue": 14350
        },
        "2015-03": {
            "month": "2015-03",
            "price": "13.93",
            "revenue": 465
        },
        "2015-04": {
            "month": "2015-04",
            "price": "12.42",
            "revenue": 1633
        },
        "2015-05": {
            "month": "2015-05",
            "price": "11.14",
            "revenue": 465
        },
        "2015-06": {
            "month": "2015-06",
            "price": "9.87",
            "revenue": 465
        },
        "2015-07": {
            "month": "2015-07",
            "price": "9.19",
            "revenue": 487
        },
        "2015-08": {
            "month": "2015-08",
            "price": "7.42",
            "revenue": 469
        },
        "2015-09": {
            "month": "2015-09",
            "price": "8.06",
            "revenue": 466
        },
        "2015-10": {
            "month": "2015-10",
            "price": "8.87",
            "revenue": 491
        },
        "2015-11": {
            "month": "2015-11",
            "price": "8.57",
            "revenue": 466
        },
        "2015-12": {
            "month": "2015-12",
            "price": "8.19",
            "revenue": 1874
        },
        "2016-01": {
            "month": "2016-01",
            "price": "7.65",
            "revenue": 468
        },
        "2016-02": {
            "month": "2016-02",
            "price": "7.86",
            "revenue": 465
        },
        "2016-03": {
            "month": "2016-03",
            "price": "10.36",
            "revenue": 33153
        },
        "2016-04": {
            "month": "2016-04",
            "price": "10.81",
            "revenue": 468
        },
        "2016-05": {
            "month": "2016-05",
            "price": "9.95",
            "revenue": 512
        },
        "2016-06": {
            "month": "2016-06",
            "price": "10.68",
            "revenue": 521
        },
        "2016-07": {
            "month": "2016-07",
            "price": "10.41",
            "revenue": 3615
        },
        "2016-08": {
            "month": "2016-08",
            "price": "9.97",
            "revenue": 14887
        },
        "2016-09": {
            "month": "2016-09",
            "price": "9.72",
            "revenue": 46826
        },
        "2016-10": {
            "month": "2016-10",
            "price": "9.14",
            "revenue": 19195
        },
        "2016-11": {
            "month": "2016-11",
            "price": "8.29",
            "revenue": 2414
        },
        "2016-12": {
            "month": "2016-12",
            "price": "7.94",
            "revenue": 6859
        },
        "2017-01": {
            "month": "2017-01",
            "price": "7.27",
            "revenue": 6512
        },
        "2017-02": {
            "month": "2017-02",
            "price": "7.59",
            "revenue": 7945
        },
        "2017-03": {
            "month": "2017-03",
            "price": "8.40",
            "revenue": 167221
        },
        "2017-04": {
            "month": "2017-04",
            "price": "9.87",
            "revenue": 7833
        },
        "2017-05": {
            "month": "2017-05",
            "price": "11.57",
            "revenue": 27719
        },
        "2017-06": {
            "month": "2017-06",
            "price": "9.82",
            "revenue": 6699
        },
        "2017-07": {
            "month": "2017-07",
            "price": "8.86",
            "revenue": 6551
        },
        "2017-08": {
            "month": "2017-08",
            "price": "8.34",
            "revenue": 7054
        },
        "2017-09": {
            "month": "2017-09",
            "price": "9.35",
            "revenue": 6491
        },
        "2017-10": {
            "month": "2017-10",
            "price": "9.21",
            "revenue": 22876
        },
        "2017-11": {
            "month": "2017-11",
            "price": "8.81",
            "revenue": 8573
        },
        "2017-12": {
            "month": "2017-12",
            "price": "9.22",
            "revenue": 9979
        },
        "2018-01": {
            "month": "2018-01",
            "price": "9.06",
            "revenue": 8473
        },
        "2018-02": {
            "month": "2018-02",
            "price": "8.48",
            "revenue": 10711
        },
        "2018-03": {
            "month": "2018-03",
            "price": "8.22",
            "revenue": 9319
        },
        "2018-04": {
            "month": "2018-04",
            "price": "8.17",
            "revenue": 45788
        },
        "2018-05": {
            "month": "2018-05",
            "price": "8.51",
            "revenue": 7996
        },
        "2018-06": {
            "month": "2018-06",
            "price": "8.24",
            "revenue": 10902
        },
        "2018-07": {
            "month": "2018-07",
            "price": "7.35",
            "revenue": 11259
        },
        "2018-08": {
            "month": "2018-08",
            "price": "6.68",
            "revenue": 11120
        },
        "2018-09": {
            "month": "2018-09",
            "price": "6.11",
            "revenue": 9027
        },
        "2018-10": {
            "month": "2018-10",
            "price": "6.07",
            "revenue": 9630
        },
        "2018-11": {
            "month": "2018-11",
            "price": "8.24",
            "revenue": 9236
        },
        "2018-12": {
            "month": "2018-12",
            "price": "8.89",
            "revenue": 10755
        },
        "2019-01": {
            "month": "2019-01",
            "price": "8.04",
            "revenue": 125258
        },
        "2019-02": {
            "month": "2019-02",
            "price": "8.51",
            "revenue": 10795
        },
        "2019-03": {
            "month": "2019-03",
            "price": "7.75",
            "revenue": 9266
        },
        "2019-04": {
            "month": "2019-04",
            "price": "7.30",
            "revenue": 10191
        },
        "2019-05": {
            "month": "2019-05",
            "price": "6.64",
            "revenue": 1303233
        },
        "2019-06": {
            "month": "2019-06",
            "price": "7.12",
            "revenue": 9730
        },
        "2019-07": {
            "month": "2019-07",
            "price": "6.53",
            "revenue": 10384
        },
        "2019-08": {
            "month": "2019-08",
            "price": "6.52",
            "revenue": 9982
        },
        "2019-09": {
            "month": "2019-09",
            "price": "5.69",
            "revenue": 14432
        },
        "2019-10": {
            "month": "2019-10",
            "price": "5.69",
            "revenue": 10156
        },
        "2019-11": {
            "month": "2019-11",
            "price": "7.80",
            "revenue": 10088
        },
        "2019-12": {
            "month": "2019-12",
            "price": "7.73",
            "revenue": 7501
        },
        "2020-01": {
            "month": "2020-01",
            "price": "7.68",
            "revenue": 90309
        },
        "2020-02": {
            "month": "2020-02",
            "price": "9.11",
            "revenue": 9630
        },
        "2020-03": {
            "month": "2020-03",
            "price": "7.56",
            "revenue": 7389
        },
        "2020-04": {
            "month": "2020-04",
            "price": "6.91",
            "revenue": 7753
        },
        "2020-05": {
            "month": "2020-05",
            "price": "6.54",
            "revenue": 7123
        },
        "2020-06": {
            "month": "2020-06",
            "price": "6.21",
            "revenue": 9079
        },
        "2020-07": {
            "month": "2020-07",
            "price": "6.13",
            "revenue": 68408
        },
        "2020-08": {
            "month": "2020-08",
            "price": "5.98",
            "revenue": 35500
        },
        "2020-09": {
            "month": "2020-09",
            "price": "6.30",
            "revenue": 10082
        },
        "2020-10": {
            "month": "2020-10",
            "price": "7.54",
            "revenue": 11367
        },
        "2020-11": {
            "month": "2020-11",
            "price": "7.43",
            "revenue": 24329
        },
        "2020-12": {
            "month": "2020-12",
            "price": "8.21",
            "revenue": 3772
        },
        "2021-01": {
            "month": "2021-01",
            "price": "11.27",
            "revenue": 8628
        },
        "2021-02": {
            "month": "2021-02",
            "price": "11.50",
            "revenue": 9734
        },
        "2021-03": {
            "month": "2021-03",
            "price": "12.79",
            "revenue": 6406
        },
        "2021-04": {
            "month": "2021-04",
            "price": "19.97",
            "revenue": 6962
        },
        "2021-05": {
            "month": "2021-05",
            "price": "17.77",
            "revenue": 3700
        },
        "2021-06": {
            "month": "2021-06",
            "price": "18.61",
            "revenue": 1257
        },
        "2021-07": {
            "month": "2021-07",
            "price": "18.56",
            "revenue": 1137
        },
        "2021-08": {
            "month": "2021-08",
            "price": "17.35",
            "revenue": 850
        },
        "2021-09": {
            "month": "2021-09",
            "price": "16.84",
            "revenue": 1086
        },
        "2021-10": {
            "month": "2021-10",
            "price": "16.42",
            "revenue": 1001
        },
        "2021-11": {
            "month": "2021-11",
            "price": "17.06",
            "revenue": 1934
        },
        "2021-12": {
            "month": "2021-12",
            "price": "17.29",
            "revenue": 5797
        },
        "2022-01": {
            "month": "2022-01",
            "price": "16.94",
            "revenue": 5195
        },
        "2022-02": {
            "month": "2022-02",
            "price": "17.41",
            "revenue": 6190
        },
        "2022-03": {
            "month": "2022-03",
            "price": "16.72",
            "revenue": 5507
        },
        "2022-04": {
            "month": "2022-04",
            "price": "16.17",
            "revenue": 5940
        },
        "2022-05": {
            "month": "2022-05",
            "price": "14.61",
            "revenue": 3707
        },
        "2022-06": {
            "month": "2022-06",
            "price": "14.52",
            "revenue": 5183
        },
        "2022-07": {
            "month": "2022-07",
            "price": "13.78",
            "revenue": 8400
        },
        "2022-08": {
            "month": "2022-08",
            "price": "13.41",
            "revenue": 38172
        },
        "2022-09": {
            "month": "2022-09",
            "price": "12.84",
            "revenue": 6646
        },
        "2022-10": {
            "month": "2022-10",
            "price": "12.44",
            "revenue": 57826
        },
        "2022-11": {
            "month": "2022-11",
            "price": "13.71",
            "revenue": 7763
        },
        "2022-12": {
            "month": "2022-12",
            "price": "12.97",
            "revenue": 10867
        },
        "2023-01": {
            "month": "2023-01",
            "price": "12.60",
            "revenue": 9415
        },
        "2023-02": {
            "month": "2023-02",
            "price": "12.75",
            "revenue": 7300
        },
        "2023-03": {
            "month": "2023-03",
            "price": "12.08",
            "revenue": 6878
        },
        "2023-04": {
            "month": "2023-04",
            "price": "11.49",
            "revenue": 8579
        },
        "2023-05": {
            "month": "2023-05",
            "price": "11.96",
            "revenue": 6927
        },
        "2023-06": {
            "month": "2023-06",
            "price": "11.88",
            "revenue": 7908
        },
        "2023-07": {
            "month": "2023-07",
            "price": "11.49",
            "revenue": 9027
        },
        "2023-08": {
            "month": "2023-08",
            "price": "11.35",
            "revenue": 9200
        }
    }
}
