{
    "summary": {
        "stock_name": "龍巖",
        "stock_id": "5530",
        "category": "其他",
        "main_business": "殯葬業<br>建設業",
        "website_url": "http://www.lyls.com.tw",
        "ceo": "王群中",
        "pe_ratio": 16,
        "report_year_from": 2001,
        "report_year_to": 2023,
        "age": 22,
        "eps_negative_percentage": 9,
        "eps_growth_avg": {
            "last_all": 3.23,
            "last_2y": -12.76,
            "last_4y": -2.99,
            "last_8y": 1.48,
            "last_12y": 17.01,
            "last_16y": 1.5,
            "last_20y": 3.23,
            "at_2006_last_3y": 38.36,
            "at_2007_last_3y": 10.05,
            "at_2008_last_3y": -39.95,
            "at_2009_last_3y": -65.69,
            "at_2010_last_3y": -24.96,
            "at_2011_last_3y": 33.33,
            "at_2012_last_3y": 69.79,
            "at_2013_last_3y": 51.96,
            "at_2014_last_3y": 29.18,
            "at_2015_last_3y": -8.41,
            "at_2016_last_3y": -13.32,
            "at_2017_last_3y": 7.07,
            "at_2018_last_3y": 9.32,
            "at_2019_last_3y": 23.26,
            "at_2020_last_3y": 14.37,
            "at_2021_last_3y": -2.26,
            "at_2022_last_3y": -8.22,
            "at_2023_last_3y": -8.22,
            "at_2006_last_all": 3.77,
            "at_2007_last_all": -11.96,
            "at_2008_last_all": -26.63,
            "at_2009_last_all": -26.63,
            "at_2010_last_all": -8.54,
            "at_2011_last_all": 5.02,
            "at_2012_last_all": 5.51,
            "at_2013_last_all": 4.8,
            "at_2014_last_all": 5.18,
            "at_2015_last_all": 0.55,
            "at_2016_last_all": -0.28,
            "at_2017_last_all": 5.45,
            "at_2018_last_all": 6.28,
            "at_2019_last_all": 6.23,
            "at_2020_last_all": 3.16,
            "at_2021_last_all": 3.74,
            "at_2022_last_all": 3.23,
            "at_2023_last_all": 3.23
        },
        "latest_eps": 2.19,
        "latest_price": 35.6,
        "latest_roe": 4.56,
        "latest_gross_margin": 60.39,
        "latest_equity": 23104383,
        "latest_revenue": 1012810,
        "latest_gross_profit": 611677,
        "latest_net_income": 351099,
        "latest_debt_ratio": 66.31,
        "latest_current_ratio": 91.14,
        "latest_account_receivable_turnover_ratio": 0.12,
        "latest_inventory_turnover_ratio": 0.02,
        "latest_reinvestment_rate": 24.22,
        "latest_research_to_sale_ratio": null
    },
    "eps_dividends": {
        "1999": {
            "cash": 1.5,
            "stock": 1.5,
            "eps": 0
        },
        "2000": {
            "cash": 0.8,
            "stock": 0.8,
            "eps": 0
        },
        "2001": {
            "cash": 0.4,
            "stock": 0,
            "eps": 0.01
        },
        "2002": {
            "cash": 0.2,
            "stock": 0,
            "eps": -2.31
        },
        "2003": {
            "cash": 0,
            "stock": 0,
            "eps": 0.13
        },
        "2004": {
            "cash": 0,
            "stock": 0,
            "eps": 2.2
        },
        "2005": {
            "cash": 0.5,
            "stock": 0,
            "eps": 3.02
        },
        "2006": {
            "cash": 0.3,
            "stock": 1.7,
            "eps": 2.35
        },
        "2007": {
            "cash": 1.2,
            "stock": 0.3,
            "eps": 0.59
        },
        "2008": {
            "cash": 0,
            "stock": 0,
            "eps": -0.48
        },
        "2009": {
            "cash": 0,
            "stock": 0,
            "eps": 0.41
        },
        "2010": {
            "cash": 0,
            "stock": 0,
            "eps": 2.33
        },
        "2011": {
            "cash": 1.5,
            "stock": 0,
            "eps": 4.69
        },
        "2012": {
            "cash": 3,
            "stock": 0,
            "eps": 5.13
        },
        "2013": {
            "cash": 3.3,
            "stock": 0,
            "eps": 5.05
        },
        "2014": {
            "cash": 4,
            "stock": 0,
            "eps": 5.5
        },
        "2015": {
            "cash": 3.6,
            "stock": 0,
            "eps": 2.73
        },
        "2016": {
            "cash": 0.5,
            "stock": 0,
            "eps": 2.45
        },
        "2017": {
            "cash": 1.2,
            "stock": 0,
            "eps": 4.41
        },
        "2018": {
            "cash": 2.5,
            "stock": 0,
            "eps": 5.2
        },
        "2019": {
            "cash": 3,
            "stock": 0,
            "eps": 5.48
        },
        "2020": {
            "cash": 3,
            "stock": 0,
            "eps": 2.97
        },
        "2021": {
            "cash": 1.2,
            "stock": 0,
            "eps": 3.37
        },
        "2022": {
            "cash": 1.2,
            "stock": 0,
            "eps": 3.17
        },
        "2023": {
            "cash": 0,
            "stock": 0,
            "eps": 1.39
        }
    },
    "dividends": {
        "1999-05-06": {
            "cash": 1.5,
            "stock": 1.5
        },
        "2000-06-28": {
            "cash": 0.8,
            "stock": 0.8
        },
        "2001-06-22": {
            "cash": 0.4,
            "stock": 0
        },
        "2002-06-30": {
            "cash": 0.2,
            "stock": 0
        },
        "2005-04-21": {
            "cash": 0.5,
            "stock": 0
        },
        "2006-04-27": {
            "cash": 0.3,
            "stock": 1.7
        },
        "2007-04-10": {
            "cash": 1.2,
            "stock": 0.3
        },
        "2011-03-31": {
            "cash": 1.5,
            "stock": 0
        },
        "2012-06-06": {
            "cash": 3,
            "stock": 0
        },
        "2013-06-04": {
            "cash": 3.3,
            "stock": 0
        },
        "2014-08-20": {
            "cash": 4,
            "stock": 0
        },
        "2015-10-15": {
            "cash": 3.6,
            "stock": 0
        },
        "2016-09-23": {
            "cash": 0.5,
            "stock": 0
        },
        "2017-10-03": {
            "cash": 1.2,
            "stock": 0
        },
        "2018-08-30": {
            "cash": 2.5,
            "stock": 0
        },
        "2019-08-30": {
            "cash": 3,
            "stock": 0
        },
        "2020-08-31": {
            "cash": 3,
            "stock": 0
        },
        "2021-09-30": {
            "cash": 1.2,
            "stock": 0
        },
        "2022-08-31": {
            "cash": 1.2,
            "stock": 0
        }
    },
    "prices": {
        "200101": "4.41",
        "200102": "5.42",
        "200103": "4.89",
        "200104": "4.07",
        "200105": "3.58",
        "200106": "3.58",
        "200107": "3.53",
        "200108": "3.34",
        "200109": "2.76",
        "200110": "2.38",
        "200111": "2.17",
        "200112": "2.46",
        "200201": "2.70",
        "200202": "3.08",
        "200203": "3.30",
        "200204": "4.46",
        "200205": "3.71",
        "200206": "3.58",
        "200207": "3.89",
        "200208": "3.79",
        "200209": "3.27",
        "200210": "3.21",
        "200211": "3.15",
        "200212": "2.93",
        "200301": "3.21",
        "200302": "4.11",
        "200303": "4.07",
        "200304": "3.75",
        "200305": "3.70",
        "200306": "3.92",
        "200307": "3.94",
        "200308": "4.11",
        "200309": "4.18",
        "200310": "4.68",
        "200311": "4.80",
        "200312": "4.51",
        "200401": "6.11",
        "200402": "7.63",
        "200403": "7.74",
        "200404": "7.52",
        "200405": "7.16",
        "200406": "7.12",
        "200407": "7.10",
        "200408": "6.97",
        "200409": "6.93",
        "200410": "6.97",
        "200411": "6.70",
        "200412": "7.11",
        "200501": "7.85",
        "200502": "7.40",
        "200503": "7.61",
        "200504": "7.42",
        "200505": "7.09",
        "200506": "8.15",
        "200507": "8.01",
        "200508": "8.20",
        "200509": "9.26",
        "200510": "8.49",
        "200511": "10.62",
        "200512": "22.12",
        "200601": "34.21",
        "200602": "36.15",
        "200603": "34.13",
        "200604": "46.73",
        "200605": "38.58",
        "200606": "30.30",
        "200607": "30.78",
        "200608": "25.77",
        "200609": "21.11",
        "200610": "23.74",
        "200611": "23.33",
        "200612": "22.58",
        "200701": "24.39",
        "200702": "23.28",
        "200703": "23.08",
        "200704": "23.64",
        "200705": "22.51",
        "200706": "22.15",
        "200707": "23.09",
        "200708": "18.75",
        "200709": "14.39",
        "200710": "13.69",
        "200711": "13.64",
        "200712": "12.98",
        "200801": "12.95",
        "200802": "13.05",
        "200803": "14.38",
        "200804": "15.67",
        "200805": "14.56",
        "200806": "16.59",
        "200807": "15.06",
        "200808": "12.04",
        "200809": "6.19",
        "200810": "4.65",
        "200811": "4.95",
        "200812": "5.14",
        "200901": "4.88",
        "200902": "4.84",
        "200903": "5.14",
        "200904": "8.70",
        "200905": "9.51",
        "200906": "11.82",
        "200907": "12.18",
        "200908": "15.46",
        "200909": "16.54",
        "200910": "17.14",
        "200911": "18.60",
        "200912": "19.91",
        "201001": "27.26",
        "201002": "26.75",
        "201003": "35.52",
        "201004": "49.29",
        "201005": "46.91",
        "201006": "46.56",
        "201007": "45.96",
        "201008": "44.35",
        "201009": "69.91",
        "201010": "75.86",
        "201011": "81.91",
        "201012": "103.67",
        "201101": "110.38",
        "201102": "104.32",
        "201103": "90.88",
        "201104": "94.66",
        "201105": "93.26",
        "201106": "115.90",
        "201107": "130.45",
        "201108": "116.14",
        "201109": "87.94",
        "201110": "88.30",
        "201111": "96.24",
        "201112": "88.06",
        "201201": "88.08",
        "201202": "98.54",
        "201203": "96.83",
        "201204": "93.19",
        "201205": "86.51",
        "201206": "84.91",
        "201207": "88.80",
        "201208": "97.21",
        "201209": "97.94",
        "201210": "98.66",
        "201211": "91.33",
        "201212": "90.70",
        "201301": "90.80",
        "201302": "89.78",
        "201303": "96.76",
        "201304": "104.98",
        "201305": "104.91",
        "201306": "97.98",
        "201307": "94.84",
        "201308": "89.85",
        "201309": "91.36",
        "201310": "86.85",
        "201311": "82.31",
        "201312": "82.43",
        "201401": "84.92",
        "201402": "85.24",
        "201403": "83.19",
        "201404": "83.34",
        "201405": "83.69",
        "201406": "86.30",
        "201407": "85.47",
        "201408": "85.75",
        "201409": "85.79",
        "201410": "87.94",
        "201411": "96.22",
        "201412": "96.40",
        "201501": "88.06",
        "201502": "82.79",
        "201503": "82.46",
        "201504": "81.50",
        "201505": "81.08",
        "201506": "80.16",
        "201507": "79.95",
        "201508": "66.25",
        "201509": "64.34",
        "201510": "63.41",
        "201511": "64.22",
        "201512": "56.72",
        "201601": "56.21",
        "201602": "57.93",
        "201603": "58.10",
        "201604": "56.64",
        "201605": "53.99",
        "201606": "53.87",
        "201607": "57.68",
        "201608": "54.50",
        "201609": "54.14",
        "201610": "54.22",
        "201611": "54.44",
        "201612": "56.34",
        "201701": "55.46",
        "201702": "56.77",
        "201703": "61.55",
        "201704": "58.33",
        "201705": "64.38",
        "201706": "65.70",
        "201707": "66.60",
        "201708": "71.25",
        "201709": "69.85",
        "201710": "72.68",
        "201711": "74.14",
        "201712": "69.46",
        "201801": "70.06",
        "201802": "63.52",
        "201803": "63.53",
        "201804": "62.43",
        "201805": "62.16",
        "201806": "61.80",
        "201807": "59.50",
        "201808": "58.19",
        "201809": "65.30",
        "201810": "59.90",
        "201811": "58.84",
        "201812": "56.95",
        "201901": "57.34",
        "201902": "60.48",
        "201903": "62.20",
        "201904": "61.58",
        "201905": "61.70",
        "201906": "63.15",
        "201907": "63.86",
        "201908": "60.74",
        "201909": "61.30",
        "201910": "60.81",
        "201911": "63.66",
        "201912": "63.29",
        "202001": "63.09",
        "202002": "61.39",
        "202003": "55.55",
        "202004": "54.82",
        "202005": "56.80",
        "202006": "58.13",
        "202007": "58.96",
        "202008": "56.42",
        "202009": "55.05",
        "202010": "53.35",
        "202011": "53.35",
        "202012": "52.97",
        "202101": "52.10",
        "202102": "51.23",
        "202103": "51.58",
        "202104": "52.43",
        "202105": "50.75",
        "202106": "51.55",
        "202107": "48.84",
        "202108": "47.67",
        "202109": "46.75",
        "202110": "45.04",
        "202111": "45.09",
        "202112": "43.91",
        "202201": "43.62",
        "202202": "43.51",
        "202203": "43.52",
        "202204": "47.53",
        "202205": "46.22",
        "202206": "44.84",
        "202207": "41.25",
        "202208": "41.08",
        "202209": "40.19",
        "202210": "36.74",
        "202211": "36.62",
        "202212": "38.10",
        "202301": "37.82",
        "202302": "38.64",
        "202303": "39.27",
        "202304": "38.15",
        "202305": "37.67",
        "202306": "37.41",
        "202307": "36.63",
        "202308": "36.13",
        "202309": "36.60",
        "202310": "36.18"
    },
    "quarters": {
        "20011": {
            "year_quarter": 20011,
            "year": 2001,
            "quarter": 1,
            "eps": -0.1,
            "eps_growth_year": null,
            "eps_4q": 0.79,
            "eps_4q_growth_year": 233.2,
            "roe": -0.91,
            "roe_4q": -0.91,
            "gross_profit": 12188,
            "gross_margin": 15.29,
            "gross_margin_4q_avg": 15.29,
            "net_income": -9248,
            "net_income_4q": null,
            "revenue": 79725,
            "revenue_4q": null,
            "common_shares": 885603,
            "book_valuer_per_share": 11.11,
            "book_valuer_per_share_4q_avg": 11.11,
            "equity": 984240,
            "current_ratio": 195.15,
            "debt_ratio": 48.94,
            "inventory_turnover_ratio": 0.04,
            "account_receivable_turnover_ratio": null,
            "reinvestment_rate": null,
            "research_to_sale_ratio": null,
            "price_fair": 0,
            "eps_avg_yearly": 0,
            "eps_latest_yearly": 0,
            "eps_growth_yearly": 0
        },
        "20012": {
            "year_quarter": 20012,
            "year": 2001,
            "quarter": 2,
            "eps": -0.11,
            "eps_growth_year": -118.64,
            "eps_4q": 0.16,
            "eps_4q_growth_year": -85.15,
            "roe": -1.05,
            "roe_4q": -1.96,
            "gross_profit": 29634,
            "gross_margin": 12.4,
            "gross_margin_4q_avg": 13.85,
            "net_income": -10086,
            "net_income_4q": null,
            "revenue": 238909,
            "revenue_4q": null,
            "common_shares": 885603,
            "book_valuer_per_share": 10.58,
            "book_valuer_per_share_4q_avg": 10.85,
            "equity": 936668,
            "current_ratio": 197.96,
            "debt_ratio": 48.05,
            "inventory_turnover_ratio": 0.14,
            "account_receivable_turnover_ratio": null,
            "reinvestment_rate": null,
            "research_to_sale_ratio": null,
            "price_fair": 0,
            "eps_avg_yearly": 0,
            "eps_latest_yearly": 0,
            "eps_growth_yearly": 0
        },
        "20013": {
            "year_quarter": 20013,
            "year": 2001,
            "quarter": 3,
            "eps": 0.24,
            "eps_growth_year": 2300,
            "eps_4q": 0.39,
            "eps_4q_growth_year": -66.91,
            "roe": 2.2,
            "roe_4q": 0.2400000000000001,
            "gross_profit": 18908,
            "gross_margin": 11.84,
            "gross_margin_4q_avg": 13.18,
            "net_income": 20854,
            "net_income_4q": null,
            "revenue": 159712,
            "revenue_4q": null,
            "common_shares": 885603,
            "book_valuer_per_share": 10.81,
            "book_valuer_per_share_4q_avg": 10.83,
            "equity": 957523,
            "current_ratio": 242.07,
            "debt_ratio": 39.63,
            "inventory_turnover_ratio": 0.1,
            "account_receivable_turnover_ratio": null,
            "reinvestment_rate": null,
            "research_to_sale_ratio": null,
            "price_fair": 0,
            "eps_avg_yearly": 0,
            "eps_latest_yearly": 0,
            "eps_growth_yearly": 0
        },
        "20014": {
            "year_quarter": 20014,
            "year": 2001,
            "quarter": 4,
            "eps": -0.02,
            "eps_growth_year": -105.41,
            "eps_4q": 0,
            "eps_4q_growth_year": -99.76,
            "roe": -0.14,
            "roe_4q": 0.09999999999999998,
            "gross_profit": 6888,
            "gross_margin": 6.63,
            "gross_margin_4q_avg": 11.54,
            "net_income": -1404,
            "net_income_4q": null,
            "revenue": 103954,
            "revenue_4q": null,
            "common_shares": 885603,
            "book_valuer_per_share": 10.79,
            "book_valuer_per_share_4q_avg": 10.82,
            "equity": 1023252,
            "current_ratio": 214.68,
            "debt_ratio": 42.81,
            "inventory_turnover_ratio": 0.08,
            "account_receivable_turnover_ratio": null,
            "reinvestment_rate": null,
            "research_to_sale_ratio": null,
            "price_fair": 0,
            "eps_avg_yearly": 0,
            "eps_latest_yearly": 0,
            "eps_growth_yearly": 0
        },
        "20021": {
            "year_quarter": 20021,
            "year": 2002,
            "quarter": 1,
            "eps": -0.15,
            "eps_growth_year": null,
            "eps_4q": -0.04,
            "eps_4q_growth_year": -105.6,
            "roe": -1.35,
            "roe_4q": -0.3400000000000001,
            "gross_profit": 7901,
            "gross_margin": 8.7,
            "gross_margin_4q_avg": 9.89,
            "net_income": -13259,
            "net_income_4q": null,
            "revenue": 90850,
            "revenue_4q": null,
            "common_shares": 885603,
            "book_valuer_per_share": 10.65,
            "book_valuer_per_share_4q_avg": 10.71,
            "equity": 942859,
            "current_ratio": 273.84,
            "debt_ratio": 34.58,
            "inventory_turnover_ratio": 0.07,
            "account_receivable_turnover_ratio": null,
            "reinvestment_rate": null,
            "research_to_sale_ratio": null,
            "price_fair": 0,
            "eps_avg_yearly": 0,
            "eps_latest_yearly": 0,
            "eps_growth_yearly": 0
        },
        "20022": {
            "year_quarter": 20022,
            "year": 2002,
            "quarter": 2,
            "eps": -0.49,
            "eps_growth_year": null,
            "eps_4q": -0.42,
            "eps_4q_growth_year": -365.96,
            "roe": -4.77,
            "roe_4q": -4.059999999999999,
            "gross_profit": 27646,
            "gross_margin": 7.02,
            "gross_margin_4q_avg": 8.55,
            "net_income": -43473,
            "net_income_4q": null,
            "revenue": 393858,
            "revenue_4q": null,
            "common_shares": 885603,
            "book_valuer_per_share": 9.94,
            "book_valuer_per_share_4q_avg": 10.55,
            "equity": 880644,
            "current_ratio": 423.99,
            "debt_ratio": 22.81,
            "inventory_turnover_ratio": 0.38,
            "account_receivable_turnover_ratio": null,
            "reinvestment_rate": null,
            "research_to_sale_ratio": null,
            "price_fair": 0,
            "eps_avg_yearly": 0,
            "eps_latest_yearly": 0,
            "eps_growth_yearly": 0
        },
        "20023": {
            "year_quarter": 20023,
            "year": 2002,
            "quarter": 3,
            "eps": -0.17,
            "eps_growth_year": -170.83,
            "eps_4q": -0.83,
            "eps_4q_growth_year": -309.82,
            "roe": -1.71,
            "roe_4q": -7.97,
            "gross_profit": 5098,
            "gross_margin": 3.59,
            "gross_margin_4q_avg": 6.49,
            "net_income": -14942,
            "net_income_4q": null,
            "revenue": 142020,
            "revenue_4q": null,
            "common_shares": 885603,
            "book_valuer_per_share": 9.78,
            "book_valuer_per_share_4q_avg": 10.29,
            "equity": 865701,
            "current_ratio": 705.51,
            "debt_ratio": 14.45,
            "inventory_turnover_ratio": 0.18,
            "account_receivable_turnover_ratio": null,
            "reinvestment_rate": null,
            "research_to_sale_ratio": null,
            "price_fair": 0,
            "eps_avg_yearly": 0,
            "eps_latest_yearly": 0,
            "eps_growth_yearly": 0
        },
        "20024": {
            "year_quarter": 20024,
            "year": 2002,
            "quarter": 4,
            "eps": -1.5,
            "eps_growth_year": null,
            "eps_4q": -2.37,
            "eps_4q_growth_year": -180678.24,
            "roe": -15.92,
            "roe_4q": -23.75,
            "gross_profit": 4000,
            "gross_margin": 3.94,
            "gross_margin_4q_avg": 5.81,
            "net_income": -132726,
            "net_income_4q": null,
            "revenue": 101412,
            "revenue_4q": null,
            "common_shares": 885603,
            "book_valuer_per_share": 8.27,
            "book_valuer_per_share_4q_avg": 9.66,
            "equity": 802182,
            "current_ratio": 216.54,
            "debt_ratio": 41.63,
            "inventory_turnover_ratio": 0.12,
            "account_receivable_turnover_ratio": null,
            "reinvestment_rate": null,
            "research_to_sale_ratio": null,
            "price_fair": 0,
            "eps_avg_yearly": 0,
            "eps_latest_yearly": 0,
            "eps_growth_yearly": 0
        },
        "20031": {
            "year_quarter": 20031,
            "year": 2003,
            "quarter": 1,
            "eps": -0.14,
            "eps_growth_year": null,
            "eps_4q": -2.28,
            "eps_4q_growth_year": null,
            "roe": -1.65,
            "roe_4q": -24.05,
            "gross_profit": 2631,
            "gross_margin": 6.28,
            "gross_margin_4q_avg": 5.21,
            "net_income": -12532,
            "net_income_4q": null,
            "revenue": 41887,
            "revenue_4q": null,
            "common_shares": 885603,
            "book_valuer_per_share": 8.14,
            "book_valuer_per_share_4q_avg": 9.03,
            "equity": 720444,
            "current_ratio": 247.28,
            "debt_ratio": 36.9,
            "inventory_turnover_ratio": 0.05,
            "account_receivable_turnover_ratio": null,
            "reinvestment_rate": null,
            "research_to_sale_ratio": null,
            "price_fair": 0,
            "eps_avg_yearly": 0,
            "eps_latest_yearly": 0,
            "eps_growth_yearly": 0
        },
        "20032": {
            "year_quarter": 20032,
            "year": 2003,
            "quarter": 2,
            "eps": 0.19,
            "eps_growth_year": null,
            "eps_4q": -1.67,
            "eps_4q_growth_year": null,
            "roe": 2.25,
            "roe_4q": -17.03,
            "gross_profit": 40505,
            "gross_margin": 15.68,
            "gross_margin_4q_avg": 7.37,
            "net_income": 16390,
            "net_income_4q": null,
            "revenue": 258323,
            "revenue_4q": null,
            "common_shares": 885603,
            "book_valuer_per_share": 8.32,
            "book_valuer_per_share_4q_avg": 8.63,
            "equity": 736834,
            "current_ratio": 221.62,
            "debt_ratio": 39.47,
            "inventory_turnover_ratio": 0.28,
            "account_receivable_turnover_ratio": null,
            "reinvestment_rate": null,
            "research_to_sale_ratio": null,
            "price_fair": 0,
            "eps_avg_yearly": 0,
            "eps_latest_yearly": 0,
            "eps_growth_yearly": 0
        },
        "20033": {
            "year_quarter": 20033,
            "year": 2003,
            "quarter": 3,
            "eps": -0.09,
            "eps_growth_year": null,
            "eps_4q": -1.54,
            "eps_4q_growth_year": null,
            "roe": -1.06,
            "roe_4q": -16.38,
            "gross_profit": -126,
            "gross_margin": -1.56,
            "gross_margin_4q_avg": 6.09,
            "net_income": -7793,
            "net_income_4q": null,
            "revenue": 8088,
            "revenue_4q": null,
            "common_shares": 885603,
            "book_valuer_per_share": 8.23,
            "book_valuer_per_share_4q_avg": 8.24,
            "equity": 729041,
            "current_ratio": 196.29,
            "debt_ratio": 45.46,
            "inventory_turnover_ratio": 0.01,
            "account_receivable_turnover_ratio": null,
            "reinvestment_rate": null,
            "research_to_sale_ratio": null,
            "price_fair": 0,
            "eps_avg_yearly": 0,
            "eps_latest_yearly": 0,
            "eps_growth_yearly": 0
        },
        "20034": {
            "year_quarter": 20034,
            "year": 2003,
            "quarter": 4,
            "eps": 0.17,
            "eps_growth_year": null,
            "eps_4q": 0.13,
            "eps_4q_growth_year": null,
            "roe": 2.01,
            "roe_4q": 1.5499999999999998,
            "gross_profit": 42233,
            "gross_margin": 24.68,
            "gross_margin_4q_avg": 11.27,
            "net_income": 15446,
            "net_income_4q": null,
            "revenue": 171141,
            "revenue_4q": null,
            "common_shares": 885603,
            "book_valuer_per_share": 8.41,
            "book_valuer_per_share_4q_avg": 8.28,
            "equity": 805228,
            "current_ratio": 154.15,
            "debt_ratio": 59.91,
            "inventory_turnover_ratio": 0.1,
            "account_receivable_turnover_ratio": null,
            "reinvestment_rate": null,
            "research_to_sale_ratio": null,
            "price_fair": 0,
            "eps_avg_yearly": 0,
            "eps_latest_yearly": 0,
            "eps_growth_yearly": 0
        },
        "20041": {
            "year_quarter": 20041,
            "year": 2004,
            "quarter": 1,
            "eps": -0.24,
            "eps_growth_year": null,
            "eps_4q": 0.03,
            "eps_4q_growth_year": null,
            "roe": -2.75,
            "roe_4q": 0.44999999999999973,
            "gross_profit": -7636,
            "gross_margin": -47.64,
            "gross_margin_4q_avg": -2.21,
            "net_income": -21030,
            "net_income_4q": null,
            "revenue": 16028,
            "revenue_4q": null,
            "common_shares": 885603,
            "book_valuer_per_share": 8.17,
            "book_valuer_per_share_4q_avg": 8.28,
            "equity": 723456,
            "current_ratio": 154.9,
            "debt_ratio": 59.49,
            "inventory_turnover_ratio": 0.02,
            "account_receivable_turnover_ratio": null,
            "reinvestment_rate": null,
            "research_to_sale_ratio": null,
            "price_fair": 0,
            "eps_avg_yearly": 0,
            "eps_latest_yearly": 0,
            "eps_growth_yearly": 0
        },
        "20042": {
            "year_quarter": 20042,
            "year": 2004,
            "quarter": 2,
            "eps": -0.15,
            "eps_growth_year": -178.95,
            "eps_4q": -0.3,
            "eps_4q_growth_year": null,
            "roe": -1.83,
            "roe_4q": -3.6300000000000003,
            "gross_profit": -3859,
            "gross_margin": -33.3,
            "gross_margin_4q_avg": -14.46,
            "net_income": -13126,
            "net_income_4q": null,
            "revenue": 11587,
            "revenue_4q": null,
            "common_shares": 885603,
            "book_valuer_per_share": 8.02,
            "book_valuer_per_share_4q_avg": 8.21,
            "equity": 710331,
            "current_ratio": 149.21,
            "debt_ratio": 61.68,
            "inventory_turnover_ratio": 0.01,
            "account_receivable_turnover_ratio": null,
            "reinvestment_rate": null,
            "research_to_sale_ratio": null,
            "price_fair": 0,
            "eps_avg_yearly": 0,
            "eps_latest_yearly": 0,
            "eps_growth_yearly": 0
        },
        "20043": {
            "year_quarter": 20043,
            "year": 2004,
            "quarter": 3,
            "eps": 0.99,
            "eps_growth_year": null,
            "eps_4q": 0.78,
            "eps_4q_growth_year": null,
            "roe": 11.62,
            "roe_4q": 9.049999999999999,
            "gross_profit": 116797,
            "gross_margin": 26.5,
            "gross_margin_4q_avg": -7.44,
            "net_income": 87650,
            "net_income_4q": null,
            "revenue": 440774,
            "revenue_4q": null,
            "common_shares": 885603,
            "book_valuer_per_share": 9.01,
            "book_valuer_per_share_4q_avg": 8.4,
            "equity": 797981,
            "current_ratio": 154.77,
            "debt_ratio": 59.51,
            "inventory_turnover_ratio": 0.2,
            "account_receivable_turnover_ratio": null,
            "reinvestment_rate": null,
            "research_to_sale_ratio": null,
            "price_fair": 0,
            "eps_avg_yearly": 0,
            "eps_latest_yearly": 0,
            "eps_growth_yearly": 0
        },
        "20044": {
            "year_quarter": 20044,
            "year": 2004,
            "quarter": 4,
            "eps": 1.6,
            "eps_growth_year": 841.18,
            "eps_4q": 2.21,
            "eps_4q_growth_year": 1640.55,
            "roe": 15.67,
            "roe_4q": 22.71,
            "gross_profit": 164308,
            "gross_margin": 30.47,
            "gross_margin_4q_avg": -5.99,
            "net_income": 141444,
            "net_income_4q": null,
            "revenue": 539241,
            "revenue_4q": null,
            "common_shares": 885603,
            "book_valuer_per_share": 10.61,
            "book_valuer_per_share_4q_avg": 8.95,
            "equity": 1006860,
            "current_ratio": 169.91,
            "debt_ratio": 55.61,
            "inventory_turnover_ratio": 0.23,
            "account_receivable_turnover_ratio": null,
            "reinvestment_rate": -3162.17,
            "research_to_sale_ratio": null,
            "price_fair": 224,
            "eps_avg_yearly": 6.4,
            "eps_latest_yearly": 6.4,
            "eps_growth_yearly": 246.46
        },
        "20051": {
            "year_quarter": 20051,
            "year": 2005,
            "quarter": 1,
            "eps": 0.03,
            "eps_growth_year": null,
            "eps_4q": 2.63,
            "eps_4q_growth_year": 7551.53,
            "roe": 0.26,
            "roe_4q": 25.72,
            "gross_profit": 14652,
            "gross_margin": 29,
            "gross_margin_4q_avg": 13.17,
            "net_income": 2491,
            "net_income_4q": null,
            "revenue": 50525,
            "revenue_4q": null,
            "common_shares": 885603,
            "book_valuer_per_share": 10.64,
            "book_valuer_per_share_4q_avg": 9.57,
            "equity": 941916,
            "current_ratio": 186.02,
            "debt_ratio": 50,
            "inventory_turnover_ratio": 0.03,
            "account_receivable_turnover_ratio": null,
            "reinvestment_rate": -38.94,
            "research_to_sale_ratio": null,
            "price_fair": 9.78,
            "eps_avg_yearly": 3.26,
            "eps_latest_yearly": 0.12,
            "eps_growth_yearly": -73.02
        },
        "20052": {
            "year_quarter": 20052,
            "year": 2005,
            "quarter": 2,
            "eps": 1.49,
            "eps_growth_year": null,
            "eps_4q": 4.11,
            "eps_4q_growth_year": null,
            "roe": 13.37,
            "roe_4q": 40.919999999999995,
            "gross_profit": 158620,
            "gross_margin": 30.35,
            "gross_margin_4q_avg": 29.08,
            "net_income": 131616,
            "net_income_4q": null,
            "revenue": 522591,
            "revenue_4q": null,
            "common_shares": 885603,
            "book_valuer_per_share": 11.59,
            "book_valuer_per_share_4q_avg": 10.46,
            "equity": 1026674,
            "current_ratio": 187.22,
            "debt_ratio": 49.83,
            "inventory_turnover_ratio": 0.28,
            "account_receivable_turnover_ratio": null,
            "reinvestment_rate": -2.02,
            "research_to_sale_ratio": null,
            "price_fair": 145.6,
            "eps_avg_yearly": 4.16,
            "eps_latest_yearly": 5.96,
            "eps_growth_yearly": 6440.21
        },
        "20053": {
            "year_quarter": 20053,
            "year": 2005,
            "quarter": 3,
            "eps": 0.66,
            "eps_growth_year": -33.33,
            "eps_4q": 3.75,
            "eps_4q_growth_year": 382.08,
            "roe": 5.57,
            "roe_4q": 34.87,
            "gross_profit": 73049,
            "gross_margin": 32.85,
            "gross_margin_4q_avg": 30.67,
            "net_income": 58783,
            "net_income_4q": null,
            "revenue": 222390,
            "revenue_4q": null,
            "common_shares": 885603,
            "book_valuer_per_share": 12.26,
            "book_valuer_per_share_4q_avg": 11.28,
            "equity": 1085457,
            "current_ratio": 185.55,
            "debt_ratio": 50.38,
            "inventory_turnover_ratio": 0.1,
            "account_receivable_turnover_ratio": null,
            "reinvestment_rate": -1.56,
            "research_to_sale_ratio": null,
            "price_fair": 132.3,
            "eps_avg_yearly": 3.78,
            "eps_latest_yearly": 2.64,
            "eps_growth_yearly": 4774.45
        },
        "20054": {
            "year_quarter": 20054,
            "year": 2005,
            "quarter": 4,
            "eps": 0.84,
            "eps_growth_year": -47.5,
            "eps_4q": 3.02,
            "eps_4q_growth_year": 37.15,
            "roe": 6.44,
            "roe_4q": 25.640000000000004,
            "gross_profit": 146024,
            "gross_margin": 28.48,
            "gross_margin_4q_avg": 30.17,
            "net_income": 74177,
            "net_income_4q": null,
            "revenue": 512710,
            "revenue_4q": null,
            "common_shares": 885603,
            "book_valuer_per_share": 13.09,
            "book_valuer_per_share_4q_avg": 11.9,
            "equity": 1218623,
            "current_ratio": 275.01,
            "debt_ratio": 34.89,
            "inventory_turnover_ratio": 0.28,
            "account_receivable_turnover_ratio": null,
            "reinvestment_rate": -47.51,
            "research_to_sale_ratio": null,
            "price_fair": 129.36,
            "eps_avg_yearly": 3.7,
            "eps_latest_yearly": 3.36,
            "eps_growth_yearly": 3841.38
        },
        "20061": {
            "year_quarter": 20061,
            "year": 2006,
            "quarter": 1,
            "eps": 1.31,
            "eps_growth_year": 4266.67,
            "eps_4q": 4.3,
            "eps_4q_growth_year": 63.45,
            "roe": 9.29,
            "roe_4q": 34.67,
            "gross_profit": 126671,
            "gross_margin": 30.25,
            "gross_margin_4q_avg": 30.48,
            "net_income": 115905,
            "net_income_4q": null,
            "revenue": 418771,
            "revenue_4q": null,
            "common_shares": 885603,
            "book_valuer_per_share": 14.4,
            "book_valuer_per_share_4q_avg": 12.84,
            "equity": 1275539,
            "current_ratio": 259.99,
            "debt_ratio": 35.03,
            "inventory_turnover_ratio": 0.28,
            "account_receivable_turnover_ratio": null,
            "reinvestment_rate": -15.57,
            "research_to_sale_ratio": null,
            "price_fair": 138.37,
            "eps_avg_yearly": 3.95,
            "eps_latest_yearly": 5.24,
            "eps_growth_yearly": 3238.45
        },
        "20062": {
            "year_quarter": 20062,
            "year": 2006,
            "quarter": 2,
            "eps": 0.32,
            "eps_growth_year": -78.52,
            "eps_4q": 3.15,
            "eps_4q_growth_year": -23.34,
            "roe": 2.21,
            "roe_4q": 23.51,
            "gross_profit": 60462,
            "gross_margin": 27.76,
            "gross_margin_4q_avg": 29.84,
            "net_income": 28120,
            "net_income_4q": null,
            "revenue": 217823,
            "revenue_4q": null,
            "common_shares": 885603,
            "book_valuer_per_share": 14.34,
            "book_valuer_per_share_4q_avg": 13.52,
            "equity": 1270057,
            "current_ratio": 256.87,
            "debt_ratio": 35.4,
            "inventory_turnover_ratio": 0.15,
            "account_receivable_turnover_ratio": null,
            "reinvestment_rate": -13.39,
            "research_to_sale_ratio": null,
            "price_fair": 125,
            "eps_avg_yearly": 3.57,
            "eps_latest_yearly": 1.28,
            "eps_growth_yearly": 2732.63
        },
        "20063": {
            "year_quarter": 20063,
            "year": 2006,
            "quarter": 3,
            "eps": 0.58,
            "eps_growth_year": -12.12,
            "eps_4q": 2.68,
            "eps_4q_growth_year": -28.55,
            "roe": 4.63,
            "roe_4q": 22.57,
            "gross_profit": 66431,
            "gross_margin": 28.62,
            "gross_margin_4q_avg": 28.78,
            "net_income": 60204,
            "net_income_4q": null,
            "revenue": 232099,
            "revenue_4q": null,
            "common_shares": 1039430,
            "book_valuer_per_share": 12.8,
            "book_valuer_per_share_4q_avg": 13.66,
            "equity": 1330260,
            "current_ratio": 283.49,
            "debt_ratio": 32.38,
            "inventory_turnover_ratio": 0.13,
            "account_receivable_turnover_ratio": null,
            "reinvestment_rate": -11.43,
            "research_to_sale_ratio": null,
            "price_fair": 119.53,
            "eps_avg_yearly": 3.42,
            "eps_latest_yearly": 2.32,
            "eps_growth_yearly": 2431.68
        },
        "20064": {
            "year_quarter": 20064,
            "year": 2006,
            "quarter": 4,
            "eps": 0.14,
            "eps_growth_year": -83.33,
            "eps_4q": 2.04,
            "eps_4q_growth_year": -32.6,
            "roe": 1.12,
            "roe_4q": 17.25,
            "gross_profit": 5052,
            "gross_margin": 8.12,
            "gross_margin_4q_avg": 23.69,
            "net_income": 15061,
            "net_income_4q": null,
            "revenue": 62198,
            "revenue_4q": null,
            "common_shares": 1039430,
            "book_valuer_per_share": 12.94,
            "book_valuer_per_share_4q_avg": 13.62,
            "equity": 1348959,
            "current_ratio": 280.3,
            "debt_ratio": 35.39,
            "inventory_turnover_ratio": 0.04,
            "account_receivable_turnover_ratio": null,
            "reinvestment_rate": -21.32,
            "research_to_sale_ratio": null,
            "price_fair": 108.42,
            "eps_avg_yearly": 3.1,
            "eps_latest_yearly": 0.56,
            "eps_growth_yearly": 2127.77
        },
        "20071": {
            "year_quarter": 20071,
            "year": 2007,
            "quarter": 1,
            "eps": 0.39,
            "eps_growth_year": -70.23,
            "eps_4q": 1.39,
            "eps_4q_growth_year": -67.7,
            "roe": 2.95,
            "roe_4q": 10.91,
            "gross_profit": 49536,
            "gross_margin": 33.13,
            "gross_margin_4q_avg": 24.41,
            "net_income": 40359,
            "net_income_4q": null,
            "revenue": 149518,
            "revenue_4q": null,
            "common_shares": 1039430,
            "book_valuer_per_share": 13.33,
            "book_valuer_per_share_4q_avg": 13.35,
            "equity": 1385680,
            "current_ratio": 241.67,
            "debt_ratio": 40.08,
            "inventory_turnover_ratio": 0.05,
            "account_receivable_turnover_ratio": null,
            "reinvestment_rate": -7.95,
            "research_to_sale_ratio": null,
            "price_fair": 103.04,
            "eps_avg_yearly": 2.94,
            "eps_latest_yearly": 1.56,
            "eps_growth_yearly": 1986.43
        },
        "20072": {
            "year_quarter": 20072,
            "year": 2007,
            "quarter": 2,
            "eps": 0.21,
            "eps_growth_year": -34.38,
            "eps_4q": 1.31,
            "eps_4q_growth_year": -58.3,
            "roe": 1.65,
            "roe_4q": 10.35,
            "gross_profit": 33098,
            "gross_margin": 37.95,
            "gross_margin_4q_avg": 26.96,
            "net_income": 21986,
            "net_income_4q": null,
            "revenue": 87213,
            "revenue_4q": null,
            "common_shares": 1039430,
            "book_valuer_per_share": 12.27,
            "book_valuer_per_share_4q_avg": 12.84,
            "equity": 1275597,
            "current_ratio": 342.2,
            "debt_ratio": 28.06,
            "inventory_turnover_ratio": 0.03,
            "account_receivable_turnover_ratio": null,
            "reinvestment_rate": -7.89,
            "research_to_sale_ratio": null,
            "price_fair": 96.35,
            "eps_avg_yearly": 2.75,
            "eps_latest_yearly": 0.84,
            "eps_growth_yearly": 1789.06
        },
        "20073": {
            "year_quarter": 20073,
            "year": 2007,
            "quarter": 3,
            "eps": 0.05,
            "eps_growth_year": -91.38,
            "eps_4q": 0.85,
            "eps_4q_growth_year": -68.43,
            "roe": 0.38,
            "roe_4q": 6.1000000000000005,
            "gross_profit": 15497,
            "gross_margin": 35.6,
            "gross_margin_4q_avg": 28.7,
            "net_income": 4858,
            "net_income_4q": null,
            "revenue": 43527,
            "revenue_4q": null,
            "common_shares": 1072350,
            "book_valuer_per_share": 11.94,
            "book_valuer_per_share_4q_avg": 12.62,
            "equity": 1280454,
            "current_ratio": 335.01,
            "debt_ratio": 28.68,
            "inventory_turnover_ratio": 0.02,
            "account_receivable_turnover_ratio": null,
            "reinvestment_rate": -7.77,
            "research_to_sale_ratio": null,
            "price_fair": 88.9,
            "eps_avg_yearly": 2.54,
            "eps_latest_yearly": 0.2,
            "eps_growth_yearly": 1614.57
        },
        "20074": {
            "year_quarter": 20074,
            "year": 2007,
            "quarter": 4,
            "eps": -0.06,
            "eps_growth_year": -142.86,
            "eps_4q": 0.57,
            "eps_4q_growth_year": -71.84,
            "roe": -0.49,
            "roe_4q": 4.49,
            "gross_profit": 11516,
            "gross_margin": 59.55,
            "gross_margin_4q_avg": 41.56,
            "net_income": -6319,
            "net_income_4q": null,
            "revenue": 19337,
            "revenue_4q": null,
            "common_shares": 1072350,
            "book_valuer_per_share": 11.88,
            "book_valuer_per_share_4q_avg": 12.36,
            "equity": 1280348,
            "current_ratio": 310.17,
            "debt_ratio": 31.98,
            "inventory_turnover_ratio": 0,
            "account_receivable_turnover_ratio": null,
            "reinvestment_rate": -16.91,
            "research_to_sale_ratio": null,
            "price_fair": 88.9,
            "eps_avg_yearly": 2.54,
            "eps_latest_yearly": 0.2,
            "eps_growth_yearly": 1614.57
        },
        "20081": {
            "year_quarter": 20081,
            "year": 2008,
            "quarter": 1,
            "eps": -0.1,
            "eps_growth_year": -125.64,
            "eps_4q": 0.08,
            "eps_4q_growth_year": -94.25,
            "roe": -0.96,
            "roe_4q": 0.5800000000000001,
            "gross_profit": 5305,
            "gross_margin": 23.87,
            "gross_margin_4q_avg": 39.24,
            "net_income": -12265,
            "net_income_4q": null,
            "revenue": 22229,
            "revenue_4q": null,
            "common_shares": 1072350,
            "book_valuer_per_share": 11.78,
            "book_valuer_per_share_4q_avg": 11.97,
            "equity": 1268083,
            "current_ratio": 291.74,
            "debt_ratio": 34.08,
            "inventory_turnover_ratio": 0.01,
            "account_receivable_turnover_ratio": null,
            "reinvestment_rate": -8.72,
            "research_to_sale_ratio": null,
            "price_fair": 88.9,
            "eps_avg_yearly": 2.54,
            "eps_latest_yearly": 0.2,
            "eps_growth_yearly": 1614.57
        },
        "20082": {
            "year_quarter": 20082,
            "year": 2008,
            "quarter": 2,
            "eps": 0.04,
            "eps_growth_year": -80.95,
            "eps_4q": -0.09,
            "eps_4q_growth_year": -107.07,
            "roe": 0.28,
            "roe_4q": -0.7899999999999999,
            "gross_profit": -5999,
            "gross_margin": -37.79,
            "gross_margin_4q_avg": 20.31,
            "net_income": 3617,
            "net_income_4q": null,
            "revenue": 15874,
            "revenue_4q": null,
            "common_shares": 1072350,
            "book_valuer_per_share": 11.82,
            "book_valuer_per_share_4q_avg": 11.86,
            "equity": 1271700,
            "current_ratio": 242.92,
            "debt_ratio": 40.93,
            "inventory_turnover_ratio": 0.01,
            "account_receivable_turnover_ratio": null,
            "reinvestment_rate": -8.57,
            "research_to_sale_ratio": null,
            "price_fair": 88.9,
            "eps_avg_yearly": 2.54,
            "eps_latest_yearly": 0.2,
            "eps_growth_yearly": 1614.57
        },
        "20083": {
            "year_quarter": 20083,
            "year": 2008,
            "quarter": 3,
            "eps": -0.14,
            "eps_growth_year": -380,
            "eps_4q": -0.26,
            "eps_4q_growth_year": -130.77,
            "roe": -1.17,
            "roe_4q": -2.34,
            "gross_profit": 20891,
            "gross_margin": 223.41,
            "gross_margin_4q_avg": 67.26,
            "net_income": -14755,
            "net_income_4q": null,
            "revenue": 9351,
            "revenue_4q": null,
            "common_shares": 1072350,
            "book_valuer_per_share": 11.68,
            "book_valuer_per_share_4q_avg": 11.79,
            "equity": 1256663,
            "current_ratio": 232.92,
            "debt_ratio": 42.7,
            "inventory_turnover_ratio": -0.01,
            "account_receivable_turnover_ratio": null,
            "reinvestment_rate": -9.37,
            "research_to_sale_ratio": null,
            "price_fair": 88.9,
            "eps_avg_yearly": 2.54,
            "eps_latest_yearly": 0.2,
            "eps_growth_yearly": 1614.57
        },
        "20084": {
            "year_quarter": 20084,
            "year": 2008,
            "quarter": 4,
            "eps": -0.28,
            "eps_growth_year": null,
            "eps_4q": -0.45,
            "eps_4q_growth_year": -179.24,
            "roe": -2.47,
            "roe_4q": -4.32,
            "gross_profit": -13771,
            "gross_margin": -208.34,
            "gross_margin_4q_avg": 0.29,
            "net_income": -30653,
            "net_income_4q": null,
            "revenue": 6610,
            "revenue_4q": null,
            "common_shares": 1072350,
            "book_valuer_per_share": 11.4,
            "book_valuer_per_share_4q_avg": 11.67,
            "equity": 1226011,
            "current_ratio": 218.03,
            "debt_ratio": 45.6,
            "inventory_turnover_ratio": 0.01,
            "account_receivable_turnover_ratio": 8.73,
            "reinvestment_rate": -21.79,
            "research_to_sale_ratio": null,
            "price_fair": 76.62,
            "eps_avg_yearly": 2.19,
            "eps_latest_yearly": 0.2,
            "eps_growth_yearly": 1738.95
        },
        "20091": {
            "year_quarter": 20091,
            "year": 2009,
            "quarter": 1,
            "eps": -0.08,
            "eps_growth_year": null,
            "eps_4q": -0.18,
            "eps_4q_growth_year": -321.81,
            "roe": -0.87,
            "roe_4q": -4.2299999999999995,
            "gross_profit": -1389,
            "gross_margin": -15.09,
            "gross_margin_4q_avg": -9.45,
            "net_income": -14038,
            "net_income_4q": null,
            "revenue": 9206,
            "revenue_4q": null,
            "common_shares": 3072350,
            "book_valuer_per_share": 6.54,
            "book_valuer_per_share_4q_avg": 10.36,
            "equity": 2011973,
            "current_ratio": 272.95,
            "debt_ratio": 36.51,
            "inventory_turnover_ratio": 0.01,
            "account_receivable_turnover_ratio": 0.39,
            "reinvestment_rate": -12.28,
            "research_to_sale_ratio": null,
            "price_fair": 83.86,
            "eps_avg_yearly": 2.4,
            "eps_latest_yearly": 0.2,
            "eps_growth_yearly": 1952.09
        },
        "20092": {
            "year_quarter": 20092,
            "year": 2009,
            "quarter": 2,
            "eps": 0.01,
            "eps_growth_year": -75,
            "eps_4q": -0.18,
            "eps_4q_growth_year": null,
            "roe": 0.23,
            "roe_4q": -4.28,
            "gross_profit": 9643,
            "gross_margin": 5.04,
            "gross_margin_4q_avg": 1.26,
            "net_income": 4731,
            "net_income_4q": null,
            "revenue": 191441,
            "revenue_4q": null,
            "common_shares": 3072350,
            "book_valuer_per_share": 6.55,
            "book_valuer_per_share_4q_avg": 9.04,
            "equity": 2016704,
            "current_ratio": 301.44,
            "debt_ratio": 33.17,
            "inventory_turnover_ratio": 0.09,
            "account_receivable_turnover_ratio": 4.58,
            "reinvestment_rate": -17.34,
            "research_to_sale_ratio": null,
            "price_fair": 32.06,
            "eps_avg_yearly": 2,
            "eps_latest_yearly": 0.2,
            "eps_growth_yearly": 6.03
        },
        "20093": {
            "year_quarter": 20093,
            "year": 2009,
            "quarter": 3,
            "eps": 0.01,
            "eps_growth_year": null,
            "eps_4q": -0.12,
            "eps_4q_growth_year": null,
            "roe": 0.13,
            "roe_4q": -2.9800000000000004,
            "gross_profit": 13039,
            "gross_margin": 8.61,
            "gross_margin_4q_avg": -52.45,
            "net_income": 2580,
            "net_income_4q": null,
            "revenue": 151435,
            "revenue_4q": null,
            "common_shares": 3072350,
            "book_valuer_per_share": 6.56,
            "book_valuer_per_share_4q_avg": 7.76,
            "equity": 2019284,
            "current_ratio": 508.24,
            "debt_ratio": 19.76,
            "inventory_turnover_ratio": 0.06,
            "account_receivable_turnover_ratio": 5.04,
            "reinvestment_rate": -20.73,
            "research_to_sale_ratio": null,
            "price_fair": 59.89,
            "eps_avg_yearly": 1.71,
            "eps_latest_yearly": 0.04,
            "eps_growth_yearly": 30.79
        },
        "20094": {
            "year_quarter": 20094,
            "year": 2009,
            "quarter": 4,
            "eps": 0.47,
            "eps_growth_year": null,
            "eps_4q": 0.39,
            "eps_4q_growth_year": null,
            "roe": 6.17,
            "roe_4q": 5.66,
            "gross_profit": 183434,
            "gross_margin": 28.73,
            "gross_margin_4q_avg": 6.82,
            "net_income": 128600,
            "net_income_4q": null,
            "revenue": 638376,
            "revenue_4q": null,
            "common_shares": 3072350,
            "book_valuer_per_share": 6.97,
            "book_valuer_per_share_4q_avg": 6.66,
            "equity": 2147884,
            "current_ratio": 448.65,
            "debt_ratio": 22.19,
            "inventory_turnover_ratio": 0.2,
            "account_receivable_turnover_ratio": 10.33,
            "reinvestment_rate": 0.56,
            "research_to_sale_ratio": null,
            "price_fair": 54.13,
            "eps_avg_yearly": 1.55,
            "eps_latest_yearly": 1.88,
            "eps_growth_yearly": 2063.11
        },
        "20101": {
            "year_quarter": 20101,
            "year": 2010,
            "quarter": 1,
            "eps": 0.69,
            "eps_growth_year": null,
            "eps_4q": 1,
            "eps_4q_growth_year": null,
            "roe": 9.98,
            "roe_4q": 16.509999999999998,
            "gross_profit": 207178,
            "gross_margin": 37.75,
            "gross_margin_4q_avg": 20.03,
            "net_income": 328087,
            "net_income_4q": null,
            "revenue": 548840,
            "revenue_4q": null,
            "common_shares": 3821593,
            "book_valuer_per_share": 10.38,
            "book_valuer_per_share_4q_avg": 7.62,
            "equity": 4424355,
            "current_ratio": 84.49,
            "debt_ratio": 85.76,
            "inventory_turnover_ratio": 0.05,
            "account_receivable_turnover_ratio": 7.03,
            "reinvestment_rate": 1466.05,
            "research_to_sale_ratio": null,
            "price_fair": 44.49,
            "eps_avg_yearly": 1.27,
            "eps_latest_yearly": 2.76,
            "eps_growth_yearly": 2059.04
        },
        "20102": {
            "year_quarter": 20102,
            "year": 2010,
            "quarter": 2,
            "eps": 0.64,
            "eps_growth_year": 6309.58,
            "eps_4q": 1.63,
            "eps_4q_growth_year": null,
            "roe": 7.14,
            "roe_4q": 23.419999999999998,
            "gross_profit": 699318,
            "gross_margin": 68.05,
            "gross_margin_4q_avg": 35.79,
            "net_income": 327441,
            "net_income_4q": null,
            "revenue": 1027640,
            "revenue_4q": null,
            "common_shares": 3821593,
            "book_valuer_per_share": 11.02,
            "book_valuer_per_share_4q_avg": 8.73,
            "equity": 4752521,
            "current_ratio": 85.48,
            "debt_ratio": 84.59,
            "inventory_turnover_ratio": 0.03,
            "account_receivable_turnover_ratio": 32.31,
            "reinvestment_rate": 1007.01,
            "research_to_sale_ratio": null,
            "price_fair": 49.47,
            "eps_avg_yearly": 1.41,
            "eps_latest_yearly": 2.56,
            "eps_growth_yearly": 2089.41
        },
        "20103": {
            "year_quarter": 20103,
            "year": 2010,
            "quarter": 3,
            "eps": 0.59,
            "eps_growth_year": 5804.5,
            "eps_4q": 2.21,
            "eps_4q_growth_year": null,
            "roe": 6.27,
            "roe_4q": 29.560000000000002,
            "gross_profit": 452922,
            "gross_margin": 61.69,
            "gross_margin_4q_avg": 49.06,
            "net_income": 307194,
            "net_income_4q": null,
            "revenue": 734190,
            "revenue_4q": null,
            "common_shares": 3821593,
            "book_valuer_per_share": 11.59,
            "book_valuer_per_share_4q_avg": 9.99,
            "equity": 5048949,
            "current_ratio": 84.12,
            "debt_ratio": 83.98,
            "inventory_turnover_ratio": 0.03,
            "account_receivable_turnover_ratio": 23.43,
            "reinvestment_rate": 890.32,
            "research_to_sale_ratio": null,
            "price_fair": 49.62,
            "eps_avg_yearly": 1.42,
            "eps_latest_yearly": 2.36,
            "eps_growth_yearly": 2049.83
        },
        "20104": {
            "year_quarter": 20104,
            "year": 2010,
            "quarter": 4,
            "eps": 0.41,
            "eps_growth_year": -12.83,
            "eps_4q": 2.29,
            "eps_4q_growth_year": 486.91,
            "roe": 4.03,
            "roe_4q": 27.42,
            "gross_profit": 400971,
            "gross_margin": 58.24,
            "gross_margin_4q_avg": 56.43,
            "net_income": 207060,
            "net_income_4q": null,
            "revenue": 688501,
            "revenue_4q": null,
            "common_shares": 3821593,
            "book_valuer_per_share": 11.95,
            "book_valuer_per_share_4q_avg": 11.24,
            "equity": 5230681,
            "current_ratio": 84.32,
            "debt_ratio": 83.76,
            "inventory_turnover_ratio": 0.03,
            "account_receivable_turnover_ratio": 21.49,
            "reinvestment_rate": 811.09,
            "research_to_sale_ratio": null,
            "price_fair": 53.82,
            "eps_avg_yearly": 1.54,
            "eps_latest_yearly": 1.64,
            "eps_growth_yearly": 2069.99
        },
        "20111": {
            "year_quarter": 20111,
            "year": 2011,
            "quarter": 1,
            "eps": 0.32,
            "eps_growth_year": -53.62,
            "eps_4q": 1.88,
            "eps_4q_growth_year": 88.83,
            "roe": 2.16,
            "roe_4q": 19.6,
            "gross_profit": 287706,
            "gross_margin": 53.56,
            "gross_margin_4q_avg": 60.39,
            "net_income": 124300,
            "net_income_4q": null,
            "revenue": 537174,
            "revenue_4q": null,
            "common_shares": 3990842,
            "book_valuer_per_share": 15.68,
            "book_valuer_per_share_4q_avg": 12.56,
            "equity": 6259269,
            "current_ratio": 80.25,
            "debt_ratio": 81.43,
            "inventory_turnover_ratio": 0.02,
            "account_receivable_turnover_ratio": 11.9,
            "reinvestment_rate": 892.87,
            "research_to_sale_ratio": null,
            "price_fair": 52.73,
            "eps_avg_yearly": 1.51,
            "eps_latest_yearly": 1.28,
            "eps_growth_yearly": 1980.86
        },
        "20112": {
            "year_quarter": 20112,
            "year": 2011,
            "quarter": 2,
            "eps": 1.41,
            "eps_growth_year": 119.81,
            "eps_4q": 2.68,
            "eps_4q_growth_year": 64.41,
            "roe": 9.24,
            "roe_4q": 21.7,
            "gross_profit": 833603,
            "gross_margin": 64.08,
            "gross_margin_4q_avg": 59.39,
            "net_income": 579069,
            "net_income_4q": null,
            "revenue": 1300844,
            "revenue_4q": null,
            "common_shares": 3990842,
            "book_valuer_per_share": 15.72,
            "book_valuer_per_share_4q_avg": 13.74,
            "equity": 6275235,
            "current_ratio": 71.44,
            "debt_ratio": 82.49,
            "inventory_turnover_ratio": 0.05,
            "account_receivable_turnover_ratio": 25.26,
            "reinvestment_rate": 775.37,
            "research_to_sale_ratio": null,
            "price_fair": 71.4,
            "eps_avg_yearly": 2.04,
            "eps_latest_yearly": 5.64,
            "eps_growth_yearly": 2152.77
        },
        "20113": {
            "year_quarter": 20113,
            "year": 2011,
            "quarter": 3,
            "eps": 1.47,
            "eps_growth_year": 149.55,
            "eps_4q": 3.59,
            "eps_4q_growth_year": 62.02,
            "roe": 8.93,
            "roe_4q": 24.360000000000003,
            "gross_profit": 917875,
            "gross_margin": 82.21,
            "gross_margin_4q_avg": 64.52,
            "net_income": 588034,
            "net_income_4q": null,
            "revenue": 1116459,
            "revenue_4q": null,
            "common_shares": 3990842,
            "book_valuer_per_share": 17.27,
            "book_valuer_per_share_4q_avg": 15.16,
            "equity": 6897250,
            "current_ratio": 73.56,
            "debt_ratio": 81.23,
            "inventory_turnover_ratio": 0.02,
            "account_receivable_turnover_ratio": 29.79,
            "reinvestment_rate": 586.02,
            "research_to_sale_ratio": null,
            "price_fair": 93.49,
            "eps_avg_yearly": 2.67,
            "eps_latest_yearly": 5.88,
            "eps_growth_yearly": 2188.52
        },
        "20114": {
            "year_quarter": 20114,
            "year": 2011,
            "quarter": 4,
            "eps": 1.49,
            "eps_growth_year": 263.38,
            "eps_4q": 4.68,
            "eps_4q_growth_year": 104.64,
            "roe": 7.88,
            "roe_4q": 28.209999999999997,
            "gross_profit": 1051641,
            "gross_margin": 70.09,
            "gross_margin_4q_avg": 67.49,
            "net_income": 594146,
            "net_income_4q": null,
            "revenue": 1500365,
            "revenue_4q": null,
            "common_shares": 3990842,
            "book_valuer_per_share": 18.7,
            "book_valuer_per_share_4q_avg": 16.84,
            "equity": 8174628,
            "current_ratio": 79.12,
            "debt_ratio": 79.49,
            "inventory_turnover_ratio": 0.04,
            "account_receivable_turnover_ratio": 12.87,
            "reinvestment_rate": 447.56,
            "research_to_sale_ratio": null,
            "price_fair": 105,
            "eps_avg_yearly": 3,
            "eps_latest_yearly": 5.96,
            "eps_growth_yearly": 1970.21
        },
        "20121": {
            "year_quarter": 20121,
            "year": 2012,
            "quarter": 1,
            "eps": 0.76,
            "eps_growth_year": 137.5,
            "eps_4q": 5.13,
            "eps_4q_growth_year": 172.21,
            "roe": 3.87,
            "roe_4q": 29.92,
            "gross_profit": 595382,
            "gross_margin": 69.26,
            "gross_margin_4q_avg": 71.41,
            "net_income": 322515,
            "net_income_4q": null,
            "revenue": 859674,
            "revenue_4q": null,
            "common_shares": 3990842,
            "book_valuer_per_share": 19.43,
            "book_valuer_per_share_4q_avg": 17.78,
            "equity": 8488781,
            "current_ratio": 79.37,
            "debt_ratio": 78.15,
            "inventory_turnover_ratio": 0.02,
            "account_receivable_turnover_ratio": 5.24,
            "reinvestment_rate": 403.79,
            "research_to_sale_ratio": null,
            "price_fair": 105.13,
            "eps_avg_yearly": 3,
            "eps_latest_yearly": 3.04,
            "eps_growth_yearly": 1773.29
        },
        "20122": {
            "year_quarter": 20122,
            "year": 2012,
            "quarter": 2,
            "eps": 1.77,
            "eps_growth_year": 25.71,
            "eps_4q": 5.49,
            "eps_4q_growth_year": 104.94,
            "roe": 8.82,
            "roe_4q": 29.5,
            "gross_profit": 1155818,
            "gross_margin": 77.32,
            "gross_margin_4q_avg": 74.72,
            "net_income": 728131,
            "net_income_4q": null,
            "revenue": 1494916,
            "revenue_4q": null,
            "common_shares": 3990842,
            "book_valuer_per_share": 18.22,
            "book_valuer_per_share_4q_avg": 18.41,
            "equity": 8026508,
            "current_ratio": 78.1,
            "debt_ratio": 79.32,
            "inventory_turnover_ratio": 0.03,
            "account_receivable_turnover_ratio": 9.96,
            "reinvestment_rate": 331.74,
            "research_to_sale_ratio": null,
            "price_fair": 117.02,
            "eps_avg_yearly": 3.34,
            "eps_latest_yearly": 7.08,
            "eps_growth_yearly": 1669.81
        },
        "20123": {
            "year_quarter": 20123,
            "year": 2012,
            "quarter": 3,
            "eps": 1.19,
            "eps_growth_year": -18.99,
            "eps_4q": 5.21,
            "eps_4q_growth_year": 45.26,
            "roe": 6.01,
            "roe_4q": 26.58,
            "gross_profit": 730004,
            "gross_margin": 69.07,
            "gross_margin_4q_avg": 71.44,
            "net_income": 497643,
            "net_income_4q": null,
            "revenue": 1056904,
            "revenue_4q": null,
            "common_shares": 3990842,
            "book_valuer_per_share": 19.41,
            "book_valuer_per_share_4q_avg": 18.94,
            "equity": 8522859,
            "current_ratio": 79.2,
            "debt_ratio": 78.13,
            "inventory_turnover_ratio": 0.03,
            "account_receivable_turnover_ratio": 5.45,
            "reinvestment_rate": 295.98,
            "research_to_sale_ratio": null,
            "price_fair": 120.83,
            "eps_avg_yearly": 3.45,
            "eps_latest_yearly": 4.76,
            "eps_growth_yearly": 1531.28
        },
        "20124": {
            "year_quarter": 20124,
            "year": 2012,
            "quarter": 4,
            "eps": 1.41,
            "eps_growth_year": -5.43,
            "eps_4q": 5.13,
            "eps_4q_growth_year": 9.53,
            "roe": 6.48,
            "roe_4q": 25.180000000000003,
            "gross_profit": 1036621,
            "gross_margin": 72.71,
            "gross_margin_4q_avg": 72.09,
            "net_income": 570645,
            "net_income_4q": null,
            "revenue": 1425712,
            "revenue_4q": null,
            "common_shares": 3990842,
            "book_valuer_per_share": 20.81,
            "book_valuer_per_share_4q_avg": 19.47,
            "equity": 9090626,
            "current_ratio": 80.38,
            "debt_ratio": 76.55,
            "inventory_turnover_ratio": 0.03,
            "account_receivable_turnover_ratio": 6.47,
            "reinvestment_rate": 261.9,
            "research_to_sale_ratio": null,
            "price_fair": 126.3,
            "eps_avg_yearly": 3.61,
            "eps_latest_yearly": 5.64,
            "eps_growth_yearly": 1427.19
        },
        "20131": {
            "year_quarter": 20131,
            "year": 2013,
            "quarter": 1,
            "eps": 1.01,
            "eps_growth_year": 32.89,
            "eps_4q": 5.38,
            "eps_4q_growth_year": 4.94,
            "roe": 4.72,
            "roe_4q": 26.03,
            "gross_profit": 720500,
            "gross_margin": 72.74,
            "gross_margin_4q_avg": 72.96,
            "net_income": 424088,
            "net_income_4q": null,
            "revenue": 990545,
            "revenue_4q": null,
            "common_shares": 3990842,
            "book_valuer_per_share": 20.24,
            "book_valuer_per_share_4q_avg": 19.67,
            "equity": 8883432,
            "current_ratio": 80.4,
            "debt_ratio": 77.04,
            "inventory_turnover_ratio": 0.02,
            "account_receivable_turnover_ratio": 4.02,
            "reinvestment_rate": 100.66,
            "research_to_sale_ratio": null,
            "price_fair": 127.31,
            "eps_avg_yearly": 3.64,
            "eps_latest_yearly": 4.04,
            "eps_growth_yearly": 1324.48
        },
        "20132": {
            "year_quarter": 20132,
            "year": 2013,
            "quarter": 2,
            "eps": 1.01,
            "eps_growth_year": -42.98,
            "eps_4q": 4.62,
            "eps_4q_growth_year": -15.9,
            "roe": 5.06,
            "roe_4q": 22.269999999999996,
            "gross_profit": 744665,
            "gross_margin": 70.84,
            "gross_margin_4q_avg": 71.34,
            "net_income": 427756,
            "net_income_4q": null,
            "revenue": 1051130,
            "revenue_4q": null,
            "common_shares": 3990842,
            "book_valuer_per_share": 17.95,
            "book_valuer_per_share_4q_avg": 19.6,
            "equity": 8019130,
            "current_ratio": 79.78,
            "debt_ratio": 79.58,
            "inventory_turnover_ratio": 0.03,
            "account_receivable_turnover_ratio": 3.63,
            "reinvestment_rate": 87.09,
            "research_to_sale_ratio": null,
            "price_fair": 128.19,
            "eps_avg_yearly": 3.66,
            "eps_latest_yearly": 4.04,
            "eps_growth_yearly": 1241.7
        },
        "20133": {
            "year_quarter": 20133,
            "year": 2013,
            "quarter": 3,
            "eps": 1.06,
            "eps_growth_year": -11.2,
            "eps_4q": 4.49,
            "eps_4q_growth_year": -13.88,
            "roe": 5.37,
            "roe_4q": 21.63,
            "gross_profit": 806849,
            "gross_margin": 71.83,
            "gross_margin_4q_avg": 72.03,
            "net_income": 444423,
            "net_income_4q": null,
            "revenue": 1123227,
            "revenue_4q": null,
            "common_shares": 3990842,
            "book_valuer_per_share": 19.02,
            "book_valuer_per_share_4q_avg": 19.51,
            "equity": 8523988,
            "current_ratio": 85.08,
            "debt_ratio": 78.44,
            "inventory_turnover_ratio": 0.03,
            "account_receivable_turnover_ratio": 3.29,
            "reinvestment_rate": 82.68,
            "research_to_sale_ratio": null,
            "price_fair": 137.38,
            "eps_avg_yearly": 3.93,
            "eps_latest_yearly": 4.24,
            "eps_growth_yearly": 1242.93
        },
        "20134": {
            "year_quarter": 20134,
            "year": 2013,
            "quarter": 4,
            "eps": 1.97,
            "eps_growth_year": 40.09,
            "eps_4q": 5.05,
            "eps_4q_growth_year": -1.52,
            "roe": 9.1,
            "roe_4q": 24.249999999999996,
            "gross_profit": 706098,
            "gross_margin": 71.37,
            "gross_margin_4q_avg": 71.7,
            "net_income": 812271,
            "net_income_4q": null,
            "revenue": 989297,
            "revenue_4q": null,
            "common_shares": 3990842,
            "book_valuer_per_share": 20.99,
            "book_valuer_per_share_4q_avg": 19.55,
            "equity": 9335604,
            "current_ratio": 86.58,
            "debt_ratio": 76.19,
            "inventory_turnover_ratio": 0.02,
            "account_receivable_turnover_ratio": 2.71,
            "reinvestment_rate": 76.36,
            "research_to_sale_ratio": null,
            "price_fair": 150.5,
            "eps_avg_yearly": 4.3,
            "eps_latest_yearly": 7.88,
            "eps_growth_yearly": 114.4
        },
        "20141": {
            "year_quarter": 20141,
            "year": 2014,
            "quarter": 1,
            "eps": 1.16,
            "eps_growth_year": 14.85,
            "eps_4q": 5.2,
            "eps_4q_growth_year": -3.4,
            "roe": 5.02,
            "roe_4q": 24.549999999999997,
            "gross_profit": 751826,
            "gross_margin": 67.73,
            "gross_margin_4q_avg": 70.44,
            "net_income": 480389,
            "net_income_4q": null,
            "revenue": 1109956,
            "revenue_4q": null,
            "common_shares": 3990842,
            "book_valuer_per_share": 22.15,
            "book_valuer_per_share_4q_avg": 20.03,
            "equity": 9818561,
            "current_ratio": 87.25,
            "debt_ratio": 75.29,
            "inventory_turnover_ratio": 0.03,
            "account_receivable_turnover_ratio": 2.76,
            "reinvestment_rate": -20.83,
            "research_to_sale_ratio": null,
            "price_fair": 154.61,
            "eps_avg_yearly": 4.42,
            "eps_latest_yearly": 4.64,
            "eps_growth_yearly": 92.41
        },
        "20142": {
            "year_quarter": 20142,
            "year": 2014,
            "quarter": 2,
            "eps": 1.18,
            "eps_growth_year": 16.83,
            "eps_4q": 5.37,
            "eps_4q_growth_year": 16.31,
            "roe": 5.46,
            "roe_4q": 24.95,
            "gross_profit": 811479,
            "gross_margin": 72.01,
            "gross_margin_4q_avg": 70.74,
            "net_income": 502845,
            "net_income_4q": null,
            "revenue": 1126938,
            "revenue_4q": null,
            "common_shares": 3990842,
            "book_valuer_per_share": 19.31,
            "book_valuer_per_share_4q_avg": 20.37,
            "equity": 8612961,
            "current_ratio": 82.31,
            "debt_ratio": 78.86,
            "inventory_turnover_ratio": 0.02,
            "account_receivable_turnover_ratio": 2.57,
            "reinvestment_rate": -10.39,
            "research_to_sale_ratio": null,
            "price_fair": 159.34,
            "eps_avg_yearly": 4.55,
            "eps_latest_yearly": 4.72,
            "eps_growth_yearly": 94.66
        },
        "20143": {
            "year_quarter": 20143,
            "year": 2014,
            "quarter": 3,
            "eps": 1.56,
            "eps_growth_year": 47.17,
            "eps_4q": 5.87,
            "eps_4q_growth_year": 30.79,
            "roe": 7.28,
            "roe_4q": 26.86,
            "gross_profit": 1006153,
            "gross_margin": 66.66,
            "gross_margin_4q_avg": 69.44,
            "net_income": 649997,
            "net_income_4q": null,
            "revenue": 1509493,
            "revenue_4q": null,
            "common_shares": 3990842,
            "book_valuer_per_share": 20.85,
            "book_valuer_per_share_4q_avg": 20.83,
            "equity": 9250533,
            "current_ratio": 80.47,
            "debt_ratio": 77.56,
            "inventory_turnover_ratio": 0.04,
            "account_receivable_turnover_ratio": 3.34,
            "reinvestment_rate": -3.57,
            "research_to_sale_ratio": null,
            "price_fair": 167.83,
            "eps_avg_yearly": 4.8,
            "eps_latest_yearly": 6.24,
            "eps_growth_yearly": 104.66
        },
        "20144": {
            "year_quarter": 20144,
            "year": 2014,
            "quarter": 4,
            "eps": 1.6,
            "eps_growth_year": -18.99,
            "eps_4q": 5.49,
            "eps_4q_growth_year": 8.77,
            "roe": 6.95,
            "roe_4q": 24.71,
            "gross_profit": 1149693,
            "gross_margin": 67.43,
            "gross_margin_4q_avg": 68.46,
            "net_income": 667196,
            "net_income_4q": null,
            "revenue": 1704921,
            "revenue_4q": null,
            "common_shares": 3990842,
            "book_valuer_per_share": 22.47,
            "book_valuer_per_share_4q_avg": 21.2,
            "equity": 9935981,
            "current_ratio": 80.48,
            "debt_ratio": 76.05,
            "inventory_turnover_ratio": 0.04,
            "account_receivable_turnover_ratio": 3.65,
            "reinvestment_rate": -0.09,
            "research_to_sale_ratio": null,
            "price_fair": 178.24,
            "eps_avg_yearly": 5.09,
            "eps_latest_yearly": 6.4,
            "eps_growth_yearly": 112.93
        },
        "20151": {
            "year_quarter": 20151,
            "year": 2015,
            "quarter": 1,
            "eps": 0.69,
            "eps_growth_year": -40.52,
            "eps_4q": 5.03,
            "eps_4q_growth_year": -3.28,
            "roe": 2.99,
            "roe_4q": 22.680000000000003,
            "gross_profit": 568037,
            "gross_margin": 65.85,
            "gross_margin_4q_avg": 67.99,
            "net_income": 302848,
            "net_income_4q": null,
            "revenue": 862626,
            "revenue_4q": null,
            "common_shares": 3990842,
            "book_valuer_per_share": 23.18,
            "book_valuer_per_share_4q_avg": 21.45,
            "equity": 10318646,
            "current_ratio": 77.94,
            "debt_ratio": 76.02,
            "inventory_turnover_ratio": 0.02,
            "account_receivable_turnover_ratio": 1.88,
            "reinvestment_rate": -0.39,
            "research_to_sale_ratio": null,
            "price_fair": 181.48,
            "eps_avg_yearly": 5.19,
            "eps_latest_yearly": 2.76,
            "eps_growth_yearly": 104.2
        },
        "20152": {
            "year_quarter": 20152,
            "year": 2015,
            "quarter": 2,
            "eps": 0.63,
            "eps_growth_year": -46.61,
            "eps_4q": 4.48,
            "eps_4q_growth_year": -16.58,
            "roe": 2.88,
            "roe_4q": 20.1,
            "gross_profit": 608380,
            "gross_margin": 65.3,
            "gross_margin_4q_avg": 66.31,
            "net_income": 277083,
            "net_income_4q": null,
            "revenue": 931632,
            "revenue_4q": null,
            "common_shares": 3990842,
            "book_valuer_per_share": 19.91,
            "book_valuer_per_share_4q_avg": 21.6,
            "equity": 8938063,
            "current_ratio": 68.46,
            "debt_ratio": 80.59,
            "inventory_turnover_ratio": 0.02,
            "account_receivable_turnover_ratio": 2.03,
            "reinvestment_rate": -0.63,
            "research_to_sale_ratio": null,
            "price_fair": 134.07,
            "eps_avg_yearly": 4.99,
            "eps_latest_yearly": 2.52,
            "eps_growth_yearly": 16.87
        },
        "20153": {
            "year_quarter": 20153,
            "year": 2015,
            "quarter": 3,
            "eps": 1.05,
            "eps_growth_year": -32.69,
            "eps_4q": 3.97,
            "eps_4q_growth_year": -32.38,
            "roe": 4.86,
            "roe_4q": 17.68,
            "gross_profit": 621523,
            "gross_margin": 67.96,
            "gross_margin_4q_avg": 66.64,
            "net_income": 442191,
            "net_income_4q": null,
            "revenue": 914481,
            "revenue_4q": null,
            "common_shares": 3990842,
            "book_valuer_per_share": 20.67,
            "book_valuer_per_share_4q_avg": 21.56,
            "equity": 9264203,
            "current_ratio": 67.54,
            "debt_ratio": 80.45,
            "inventory_turnover_ratio": 0.02,
            "account_receivable_turnover_ratio": 1.93,
            "reinvestment_rate": 7.19,
            "research_to_sale_ratio": null,
            "price_fair": 170.98,
            "eps_avg_yearly": 4.89,
            "eps_latest_yearly": 4.2,
            "eps_growth_yearly": 32.47
        },
        "20154": {
            "year_quarter": 20154,
            "year": 2015,
            "quarter": 4,
            "eps": 0.36,
            "eps_growth_year": -77.56,
            "eps_4q": 2.73,
            "eps_4q_growth_year": -50.32,
            "roe": 1.8,
            "roe_4q": 12.53,
            "gross_profit": 495953,
            "gross_margin": 60.46,
            "gross_margin_4q_avg": 64.89,
            "net_income": 167458,
            "net_income_4q": null,
            "revenue": 820367,
            "revenue_4q": null,
            "common_shares": 3990842,
            "book_valuer_per_share": 20.64,
            "book_valuer_per_share_4q_avg": 21.1,
            "equity": 9319559,
            "current_ratio": 68.97,
            "debt_ratio": 80.38,
            "inventory_turnover_ratio": 0.02,
            "account_receivable_turnover_ratio": 1.69,
            "reinvestment_rate": 5.23,
            "research_to_sale_ratio": null,
            "price_fair": 118.29,
            "eps_avg_yearly": 4.6,
            "eps_latest_yearly": 1.44,
            "eps_growth_yearly": 15.7
        },
        "20161": {
            "year_quarter": 20161,
            "year": 2016,
            "quarter": 1,
            "eps": 0.5,
            "eps_growth_year": -27.54,
            "eps_4q": 2.54,
            "eps_4q_growth_year": -49.47,
            "roe": 2.41,
            "roe_4q": 11.95,
            "gross_profit": 510494,
            "gross_margin": 60.68,
            "gross_margin_4q_avg": 63.6,
            "net_income": 233615,
            "net_income_4q": null,
            "revenue": 841340,
            "revenue_4q": null,
            "common_shares": 3990842,
            "book_valuer_per_share": 21.82,
            "book_valuer_per_share_4q_avg": 20.76,
            "equity": 10042685,
            "current_ratio": 69.12,
            "debt_ratio": 79.25,
            "inventory_turnover_ratio": 0.02,
            "account_receivable_turnover_ratio": 1.79,
            "reinvestment_rate": 9.69,
            "research_to_sale_ratio": null,
            "price_fair": 158.81,
            "eps_avg_yearly": 4.54,
            "eps_latest_yearly": 2,
            "eps_growth_yearly": 37.67
        },
        "20162": {
            "year_quarter": 20162,
            "year": 2016,
            "quarter": 2,
            "eps": 0.6,
            "eps_growth_year": -4.76,
            "eps_4q": 2.51,
            "eps_4q_growth_year": -43.9,
            "roe": 2.69,
            "roe_4q": 11.76,
            "gross_profit": 528195,
            "gross_margin": 61.38,
            "gross_margin_4q_avg": 62.62,
            "net_income": 270963,
            "net_income_4q": null,
            "revenue": 860560,
            "revenue_4q": null,
            "common_shares": 3990842,
            "book_valuer_per_share": 22.19,
            "book_valuer_per_share_4q_avg": 21.33,
            "equity": 10108011,
            "current_ratio": 68.95,
            "debt_ratio": 79.45,
            "inventory_turnover_ratio": 0.02,
            "account_receivable_turnover_ratio": 1.96,
            "reinvestment_rate": 13.74,
            "research_to_sale_ratio": null,
            "price_fair": 82.56,
            "eps_avg_yearly": 4.25,
            "eps_latest_yearly": 2.4,
            "eps_growth_yearly": 9.45
        },
        "20163": {
            "year_quarter": 20163,
            "year": 2016,
            "quarter": 3,
            "eps": 0.78,
            "eps_growth_year": -25.71,
            "eps_4q": 2.24,
            "eps_4q_growth_year": -43.5,
            "roe": 3.12,
            "roe_4q": 10.020000000000001,
            "gross_profit": 527825,
            "gross_margin": 63.3,
            "gross_margin_4q_avg": 61.46,
            "net_income": 321209,
            "net_income_4q": null,
            "revenue": 833887,
            "revenue_4q": null,
            "common_shares": 3990842,
            "book_valuer_per_share": 23.18,
            "book_valuer_per_share_4q_avg": 21.96,
            "equity": 10511975,
            "current_ratio": 68.04,
            "debt_ratio": 78.85,
            "inventory_turnover_ratio": 0.02,
            "account_receivable_turnover_ratio": 1.99,
            "reinvestment_rate": 24.12,
            "research_to_sale_ratio": null,
            "price_fair": 144.99,
            "eps_avg_yearly": 4.14,
            "eps_latest_yearly": 3.12,
            "eps_growth_yearly": 25.14
        },
        "20164": {
            "year_quarter": 20164,
            "year": 2016,
            "quarter": 4,
            "eps": 0.57,
            "eps_growth_year": 57.96,
            "eps_4q": 2.45,
            "eps_4q_growth_year": -10.24,
            "roe": 2.24,
            "roe_4q": 10.46,
            "gross_profit": 534745,
            "gross_margin": 57.65,
            "gross_margin_4q_avg": 60.75,
            "net_income": 242123,
            "net_income_4q": null,
            "revenue": 927595,
            "revenue_4q": null,
            "common_shares": 3990842,
            "book_valuer_per_share": 24.6,
            "book_valuer_per_share_4q_avg": 22.95,
            "equity": 11072976,
            "current_ratio": 67.4,
            "debt_ratio": 78.28,
            "inventory_turnover_ratio": 0.03,
            "account_receivable_turnover_ratio": 2.19,
            "reinvestment_rate": 39.51,
            "research_to_sale_ratio": null,
            "price_fair": 93.55,
            "eps_avg_yearly": 3.93,
            "eps_latest_yearly": 2.28,
            "eps_growth_yearly": 13.79
        },
        "20171": {
            "year_quarter": 20171,
            "year": 2017,
            "quarter": 1,
            "eps": 0.58,
            "eps_growth_year": 16,
            "eps_4q": 2.41,
            "eps_4q_growth_year": -5.22,
            "roe": 2.17,
            "roe_4q": 10.22,
            "gross_profit": 664251,
            "gross_margin": 68.46,
            "gross_margin_4q_avg": 62.7,
            "net_income": 261594,
            "net_income_4q": null,
            "revenue": 970212,
            "revenue_4q": null,
            "common_shares": 4200842,
            "book_valuer_per_share": 28.1,
            "book_valuer_per_share_4q_avg": 24.52,
            "equity": 12984618,
            "current_ratio": 76.09,
            "debt_ratio": 74.9,
            "inventory_turnover_ratio": 0.02,
            "account_receivable_turnover_ratio": 2.28,
            "reinvestment_rate": 172.11,
            "research_to_sale_ratio": null,
            "price_fair": 119.8,
            "eps_avg_yearly": 3.83,
            "eps_latest_yearly": 2.32,
            "eps_growth_yearly": 21.32
        },
        "20172": {
            "year_quarter": 20172,
            "year": 2017,
            "quarter": 2,
            "eps": 1.04,
            "eps_growth_year": 73.33,
            "eps_4q": 2.87,
            "eps_4q_growth_year": 14.26,
            "roe": 3.67,
            "roe_4q": 11.2,
            "gross_profit": 953979,
            "gross_margin": 74.83,
            "gross_margin_4q_avg": 66.06,
            "net_income": 468569,
            "net_income_4q": null,
            "revenue": 1274933,
            "revenue_4q": null,
            "common_shares": 4200842,
            "book_valuer_per_share": 27.18,
            "book_valuer_per_share_4q_avg": 25.77,
            "equity": 12521694,
            "current_ratio": 76.21,
            "debt_ratio": 75.97,
            "inventory_turnover_ratio": 0.02,
            "account_receivable_turnover_ratio": 3.03,
            "reinvestment_rate": 172.89,
            "research_to_sale_ratio": null,
            "price_fair": 134.14,
            "eps_avg_yearly": 3.83,
            "eps_latest_yearly": 4.16,
            "eps_growth_yearly": 41.15
        },
        "20173": {
            "year_quarter": 20173,
            "year": 2017,
            "quarter": 3,
            "eps": 1.61,
            "eps_growth_year": 106.41,
            "eps_4q": 3.74,
            "eps_4q_growth_year": 66.99,
            "roe": 5.91,
            "roe_4q": 13.99,
            "gross_profit": 1031154,
            "gross_margin": 75.79,
            "gross_margin_4q_avg": 69.18,
            "net_income": 760376,
            "net_income_4q": null,
            "revenue": 1360455,
            "revenue_4q": null,
            "common_shares": 4200842,
            "book_valuer_per_share": 28.63,
            "book_valuer_per_share_4q_avg": 27.13,
            "equity": 13213475,
            "current_ratio": 77.91,
            "debt_ratio": 74.92,
            "inventory_turnover_ratio": 0.02,
            "account_receivable_turnover_ratio": 2.8,
            "reinvestment_rate": 165.86,
            "research_to_sale_ratio": null,
            "price_fair": 138.95,
            "eps_avg_yearly": 3.97,
            "eps_latest_yearly": 6.44,
            "eps_growth_yearly": 53.61
        },
        "20174": {
            "year_quarter": 20174,
            "year": 2017,
            "quarter": 4,
            "eps": 1.18,
            "eps_growth_year": 108.89,
            "eps_4q": 4.39,
            "eps_4q_growth_year": 79.15,
            "roe": 5.1,
            "roe_4q": 16.85,
            "gross_profit": 1161395,
            "gross_margin": 77.49,
            "gross_margin_4q_avg": 74.14,
            "net_income": 691494,
            "net_income_4q": null,
            "revenue": 1498778,
            "revenue_4q": null,
            "common_shares": 4200842,
            "book_valuer_per_share": 29.82,
            "book_valuer_per_share_4q_avg": 28.43,
            "equity": 13906203,
            "current_ratio": 80.46,
            "debt_ratio": 74.07,
            "inventory_turnover_ratio": 0.02,
            "account_receivable_turnover_ratio": 1.91,
            "reinvestment_rate": 167.88,
            "research_to_sale_ratio": null,
            "price_fair": 132.04,
            "eps_avg_yearly": 3.77,
            "eps_latest_yearly": 4.72,
            "eps_growth_yearly": 25.47
        },
        "20181": {
            "year_quarter": 20181,
            "year": 2018,
            "quarter": 1,
            "eps": 1.14,
            "eps_growth_year": 96.55,
            "eps_4q": 4.97,
            "eps_4q_growth_year": 106.41,
            "roe": 3.48,
            "roe_4q": 18.16,
            "gross_profit": 707707,
            "gross_margin": 68.68,
            "gross_margin_4q_avg": 74.2,
            "net_income": 510214,
            "net_income_4q": null,
            "revenue": 1030426,
            "revenue_4q": null,
            "common_shares": 4200842,
            "book_valuer_per_share": 33.38,
            "book_valuer_per_share_4q_avg": 29.75,
            "equity": 15432470,
            "current_ratio": 83.6,
            "debt_ratio": 75.19,
            "inventory_turnover_ratio": 0.02,
            "account_receivable_turnover_ratio": 0.2,
            "reinvestment_rate": 25.37,
            "research_to_sale_ratio": null,
            "price_fair": 131.86,
            "eps_avg_yearly": 3.77,
            "eps_latest_yearly": 4.56,
            "eps_growth_yearly": 34.9
        },
        "20182": {
            "year_quarter": 20182,
            "year": 2018,
            "quarter": 2,
            "eps": 1.7,
            "eps_growth_year": 63.46,
            "eps_4q": 5.63,
            "eps_4q_growth_year": 96.03,
            "roe": 4.72,
            "roe_4q": 19.21,
            "gross_profit": 886454,
            "gross_margin": 67.34,
            "gross_margin_4q_avg": 72.33,
            "net_income": 728916,
            "net_income_4q": null,
            "revenue": 1316408,
            "revenue_4q": null,
            "common_shares": 4200842,
            "book_valuer_per_share": 33.32,
            "book_valuer_per_share_4q_avg": 31.29,
            "equity": 15426840,
            "current_ratio": 82.97,
            "debt_ratio": 75.32,
            "inventory_turnover_ratio": 0.03,
            "account_receivable_turnover_ratio": 0.15,
            "reinvestment_rate": 13.27,
            "research_to_sale_ratio": null,
            "price_fair": 136.41,
            "eps_avg_yearly": 3.9,
            "eps_latest_yearly": 6.8,
            "eps_growth_yearly": 46.75
        },
        "20183": {
            "year_quarter": 20183,
            "year": 2018,
            "quarter": 3,
            "eps": 1.54,
            "eps_growth_year": -4.35,
            "eps_4q": 5.56,
            "eps_4q_growth_year": 48.44,
            "roe": 4.25,
            "roe_4q": 17.549999999999997,
            "gross_profit": 917864,
            "gross_margin": 67.87,
            "gross_margin_4q_avg": 70.35,
            "net_income": 684684,
            "net_income_4q": null,
            "revenue": 1352289,
            "revenue_4q": null,
            "common_shares": 4200842,
            "book_valuer_per_share": 36.52,
            "book_valuer_per_share_4q_avg": 33.26,
            "equity": 16808114,
            "current_ratio": 90.25,
            "debt_ratio": 73.6,
            "inventory_turnover_ratio": 0.03,
            "account_receivable_turnover_ratio": 0.15,
            "reinvestment_rate": -5.24,
            "research_to_sale_ratio": null,
            "price_fair": 136.24,
            "eps_avg_yearly": 3.89,
            "eps_latest_yearly": 6.16,
            "eps_growth_yearly": 36.35
        },
        "20184": {
            "year_quarter": 20184,
            "year": 2018,
            "quarter": 4,
            "eps": 0.82,
            "eps_growth_year": -31.04,
            "eps_4q": 5.19,
            "eps_4q_growth_year": 18.25,
            "roe": 2.21,
            "roe_4q": 14.66,
            "gross_profit": 831472,
            "gross_margin": 66.1,
            "gross_margin_4q_avg": 67.5,
            "net_income": 367660,
            "net_income_4q": null,
            "revenue": 1257895,
            "revenue_4q": null,
            "common_shares": 4200842,
            "book_valuer_per_share": 35.67,
            "book_valuer_per_share_4q_avg": 34.72,
            "equity": 16472993,
            "current_ratio": 89.23,
            "debt_ratio": 73.97,
            "inventory_turnover_ratio": 0.03,
            "account_receivable_turnover_ratio": 0.14,
            "reinvestment_rate": -17.99,
            "research_to_sale_ratio": null,
            "price_fair": 125.79,
            "eps_avg_yearly": 3.7,
            "eps_latest_yearly": 3.28,
            "eps_growth_yearly": 24.02
        },
        "20191": {
            "year_quarter": 20191,
            "year": 2019,
            "quarter": 1,
            "eps": 1.54,
            "eps_growth_year": 35.09,
            "eps_4q": 5.59,
            "eps_4q_growth_year": 12.52,
            "roe": 3.92,
            "roe_4q": 15.099999999999998,
            "gross_profit": 897749,
            "gross_margin": 67.75,
            "gross_margin_4q_avg": 67.27,
            "net_income": 670413,
            "net_income_4q": null,
            "revenue": 1324994,
            "revenue_4q": null,
            "common_shares": 4200842,
            "book_valuer_per_share": 38.68,
            "book_valuer_per_share_4q_avg": 36.05,
            "equity": 17703747,
            "current_ratio": 89.52,
            "debt_ratio": 71.82,
            "inventory_turnover_ratio": 0.03,
            "account_receivable_turnover_ratio": 0.15,
            "reinvestment_rate": -40.8,
            "research_to_sale_ratio": null,
            "price_fair": 136.85,
            "eps_avg_yearly": 3.91,
            "eps_latest_yearly": 6.16,
            "eps_growth_yearly": 60.19
        },
        "20192": {
            "year_quarter": 20192,
            "year": 2019,
            "quarter": 2,
            "eps": 0.61,
            "eps_growth_year": -64.12,
            "eps_4q": 4.51,
            "eps_4q_growth_year": -19.93,
            "roe": 1.5,
            "roe_4q": 11.879999999999999,
            "gross_profit": 479893,
            "gross_margin": 62.3,
            "gross_margin_4q_avg": 66.01,
            "net_income": 266022,
            "net_income_4q": null,
            "revenue": 770276,
            "revenue_4q": null,
            "common_shares": 4200842,
            "book_valuer_per_share": 38.62,
            "book_valuer_per_share_4q_avg": 37.37,
            "equity": 17689692,
            "current_ratio": 80.89,
            "debt_ratio": 72.55,
            "inventory_turnover_ratio": 0.02,
            "account_receivable_turnover_ratio": 0.09,
            "reinvestment_rate": -84.99,
            "research_to_sale_ratio": null,
            "price_fair": 136.68,
            "eps_avg_yearly": 3.91,
            "eps_latest_yearly": 2.44,
            "eps_growth_yearly": 47.27
        },
        "20193": {
            "year_quarter": 20193,
            "year": 2019,
            "quarter": 3,
            "eps": 2.44,
            "eps_growth_year": 58.44,
            "eps_4q": 5.41,
            "eps_4q_growth_year": -2.74,
            "roe": 5.68,
            "roe_4q": 13.309999999999999,
            "gross_profit": 1041308,
            "gross_margin": 75.36,
            "gross_margin_4q_avg": 67.88,
            "net_income": 1046296,
            "net_income_4q": null,
            "revenue": 1381839,
            "revenue_4q": null,
            "common_shares": 4200842,
            "book_valuer_per_share": 41.98,
            "book_valuer_per_share_4q_avg": 38.74,
            "equity": 19121531,
            "current_ratio": 82.28,
            "debt_ratio": 70.27,
            "inventory_turnover_ratio": 0.02,
            "account_receivable_turnover_ratio": 0.16,
            "reinvestment_rate": -93.04,
            "research_to_sale_ratio": null,
            "price_fair": 148.84,
            "eps_avg_yearly": 4.25,
            "eps_latest_yearly": 9.76,
            "eps_growth_yearly": 105.6
        },
        "20194": {
            "year_quarter": 20194,
            "year": 2019,
            "quarter": 4,
            "eps": 0.89,
            "eps_growth_year": 9.31,
            "eps_4q": 5.48,
            "eps_4q_growth_year": 5.61,
            "roe": 1.98,
            "roe_4q": 13.08,
            "gross_profit": 797196,
            "gross_margin": 73.66,
            "gross_margin_4q_avg": 69.77,
            "net_income": 387611,
            "net_income_4q": null,
            "revenue": 1082239,
            "revenue_4q": null,
            "common_shares": 4200842,
            "book_valuer_per_share": 43.89,
            "book_valuer_per_share_4q_avg": 40.79,
            "equity": 19933851,
            "current_ratio": 100.74,
            "debt_ratio": 69.38,
            "inventory_turnover_ratio": 0.02,
            "account_receivable_turnover_ratio": 0.12,
            "reinvestment_rate": -82.31,
            "research_to_sale_ratio": null,
            "price_fair": 153.48,
            "eps_avg_yearly": 4.39,
            "eps_latest_yearly": 3.56,
            "eps_growth_yearly": 106.15
        },
        "20201": {
            "year_quarter": 20201,
            "year": 2020,
            "quarter": 1,
            "eps": 0.67,
            "eps_growth_year": -56.49,
            "eps_4q": 4.61,
            "eps_4q_growth_year": -17.54,
            "roe": 1.55,
            "roe_4q": 10.71,
            "gross_profit": 544897,
            "gross_margin": 62.72,
            "gross_margin_4q_avg": 68.51,
            "net_income": 306178,
            "net_income_4q": null,
            "revenue": 868809,
            "revenue_4q": null,
            "common_shares": 4200842,
            "book_valuer_per_share": 42.96,
            "book_valuer_per_share_4q_avg": 41.86,
            "equity": 19565870,
            "current_ratio": 97.25,
            "debt_ratio": 69.87,
            "inventory_turnover_ratio": 0.02,
            "account_receivable_turnover_ratio": 0.1,
            "reinvestment_rate": -83.98,
            "research_to_sale_ratio": null,
            "price_fair": 154.96,
            "eps_avg_yearly": 4.43,
            "eps_latest_yearly": 2.68,
            "eps_growth_yearly": 90.25
        },
        "20202": {
            "year_quarter": 20202,
            "year": 2020,
            "quarter": 2,
            "eps": 0.21,
            "eps_growth_year": -65.57,
            "eps_4q": 4.21,
            "eps_4q_growth_year": -6.59,
            "roe": 0.63,
            "roe_4q": 9.84,
            "gross_profit": 507934,
            "gross_margin": 64.62,
            "gross_margin_4q_avg": 69.09,
            "net_income": 121589,
            "net_income_4q": null,
            "revenue": 786023,
            "revenue_4q": null,
            "common_shares": 4200842,
            "book_valuer_per_share": 41.66,
            "book_valuer_per_share_4q_avg": 42.62,
            "equity": 19053723,
            "current_ratio": 94.72,
            "debt_ratio": 69.92,
            "inventory_turnover_ratio": 0.02,
            "account_receivable_turnover_ratio": 0.09,
            "reinvestment_rate": -89.15,
            "research_to_sale_ratio": null,
            "price_fair": 151.55,
            "eps_avg_yearly": 4.33,
            "eps_latest_yearly": 0.84,
            "eps_growth_yearly": 68.08
        },
        "20203": {
            "year_quarter": 20203,
            "year": 2020,
            "quarter": 3,
            "eps": 1.3,
            "eps_growth_year": -46.72,
            "eps_4q": 3.06,
            "eps_4q_growth_year": -43.32,
            "roe": 3.02,
            "roe_4q": 7.18,
            "gross_profit": 769328,
            "gross_margin": 72.58,
            "gross_margin_4q_avg": 68.4,
            "net_income": 585804,
            "net_income_4q": null,
            "revenue": 1059908,
            "revenue_4q": null,
            "common_shares": 4200842,
            "book_valuer_per_share": 43.33,
            "book_valuer_per_share_4q_avg": 42.96,
            "equity": 19799821,
            "current_ratio": 95.2,
            "debt_ratio": 68.52,
            "inventory_turnover_ratio": 0.02,
            "account_receivable_turnover_ratio": 0.12,
            "reinvestment_rate": -89.57,
            "research_to_sale_ratio": null,
            "price_fair": 156.1,
            "eps_avg_yearly": 4.46,
            "eps_latest_yearly": 5.2,
            "eps_growth_yearly": 190.34
        },
        "20204": {
            "year_quarter": 20204,
            "year": 2020,
            "quarter": 4,
            "eps": 0.79,
            "eps_growth_year": -11.38,
            "eps_4q": 2.96,
            "eps_4q_growth_year": -45.96,
            "roe": 1.81,
            "roe_4q": 7.01,
            "gross_profit": 650518,
            "gross_margin": 68.56,
            "gross_margin_4q_avg": 67.12,
            "net_income": 366155,
            "net_income_4q": null,
            "revenue": 948767,
            "revenue_4q": null,
            "common_shares": 4200842,
            "book_valuer_per_share": 45.05,
            "book_valuer_per_share_4q_avg": 43.25,
            "equity": 20557373,
            "current_ratio": 94.34,
            "debt_ratio": 67.93,
            "inventory_turnover_ratio": 0.02,
            "account_receivable_turnover_ratio": 0.1,
            "reinvestment_rate": -101.34,
            "research_to_sale_ratio": null,
            "price_fair": 158.03,
            "eps_avg_yearly": 4.52,
            "eps_latest_yearly": 3.16,
            "eps_growth_yearly": 187.27
        },
        "20211": {
            "year_quarter": 20211,
            "year": 2021,
            "quarter": 1,
            "eps": 0.97,
            "eps_growth_year": 44.78,
            "eps_4q": 3.26,
            "eps_4q_growth_year": -29.3,
            "roe": 2.1,
            "roe_4q": 7.56,
            "gross_profit": 658041,
            "gross_margin": 65.78,
            "gross_margin_4q_avg": 67.89,
            "net_income": 441387,
            "net_income_4q": null,
            "revenue": 1000381,
            "revenue_4q": null,
            "common_shares": 4200842,
            "book_valuer_per_share": 47.07,
            "book_valuer_per_share_4q_avg": 44.28,
            "equity": 21445633,
            "current_ratio": 92.53,
            "debt_ratio": 67.19,
            "inventory_turnover_ratio": 0.02,
            "account_receivable_turnover_ratio": 0.11,
            "reinvestment_rate": -103.48,
            "research_to_sale_ratio": null,
            "price_fair": 161.44,
            "eps_avg_yearly": 4.61,
            "eps_latest_yearly": 3.88,
            "eps_growth_yearly": 192.52
        },
        "20212": {
            "year_quarter": 20212,
            "year": 2021,
            "quarter": 2,
            "eps": 0.56,
            "eps_growth_year": 166.67,
            "eps_4q": 3.61,
            "eps_4q_growth_year": -14.28,
            "roe": 0.88,
            "roe_4q": 7.8100000000000005,
            "gross_profit": 487484,
            "gross_margin": 62.56,
            "gross_margin_4q_avg": 67.37,
            "net_income": 190037,
            "net_income_4q": null,
            "revenue": 779187,
            "revenue_4q": null,
            "common_shares": 4200842,
            "book_valuer_per_share": 48.07,
            "book_valuer_per_share_4q_avg": 45.88,
            "equity": 21817850,
            "current_ratio": 92.71,
            "debt_ratio": 66.94,
            "inventory_turnover_ratio": 0.02,
            "account_receivable_turnover_ratio": 0.08,
            "reinvestment_rate": -100.85,
            "research_to_sale_ratio": null,
            "price_fair": 157.24,
            "eps_avg_yearly": 4.49,
            "eps_latest_yearly": 2.24,
            "eps_growth_yearly": 162.13
        },
        "20213": {
            "year_quarter": 20213,
            "year": 2021,
            "quarter": 3,
            "eps": 0.98,
            "eps_growth_year": -24.62,
            "eps_4q": 3.3,
            "eps_4q_growth_year": 7.58,
            "roe": 2.02,
            "roe_4q": 6.8100000000000005,
            "gross_profit": 514356,
            "gross_margin": 65.27,
            "gross_margin_4q_avg": 65.54,
            "net_income": 437619,
            "net_income_4q": null,
            "revenue": 788092,
            "revenue_4q": null,
            "common_shares": 4200842,
            "book_valuer_per_share": 47.35,
            "book_valuer_per_share_4q_avg": 46.89,
            "equity": 21523548,
            "current_ratio": 91.85,
            "debt_ratio": 67.21,
            "inventory_turnover_ratio": 0.02,
            "account_receivable_turnover_ratio": 0.08,
            "reinvestment_rate": -103.66,
            "research_to_sale_ratio": null,
            "price_fair": 151.73,
            "eps_avg_yearly": 4.34,
            "eps_latest_yearly": 3.92,
            "eps_growth_yearly": 167.18
        },
        "20214": {
            "year_quarter": 20214,
            "year": 2021,
            "quarter": 4,
            "eps": 0.86,
            "eps_growth_year": 8.51,
            "eps_4q": 3.36,
            "eps_4q_growth_year": 13.54,
            "roe": 1.79,
            "roe_4q": 6.790000000000001,
            "gross_profit": 678424,
            "gross_margin": 69.02,
            "gross_margin_4q_avg": 65.66,
            "net_income": 393311,
            "net_income_4q": null,
            "revenue": 982982,
            "revenue_4q": null,
            "common_shares": 4200842,
            "book_valuer_per_share": 49.27,
            "book_valuer_per_share_4q_avg": 47.94,
            "equity": 22367612,
            "current_ratio": 93.81,
            "debt_ratio": 66.66,
            "inventory_turnover_ratio": 0.02,
            "account_receivable_turnover_ratio": 0.1,
            "reinvestment_rate": -108.61,
            "research_to_sale_ratio": null,
            "price_fair": 148.93,
            "eps_avg_yearly": 4.26,
            "eps_latest_yearly": 3.44,
            "eps_growth_yearly": 170.79
        },
        "20221": {
            "year_quarter": 20221,
            "year": 2022,
            "quarter": 1,
            "eps": 1.07,
            "eps_growth_year": 10.31,
            "eps_4q": 3.47,
            "eps_4q_growth_year": 6.33,
            "roe": 2.14,
            "roe_4q": 6.83,
            "gross_profit": 753268,
            "gross_margin": 69.87,
            "gross_margin_4q_avg": 66.68,
            "net_income": 481237,
            "net_income_4q": null,
            "revenue": 1078132,
            "revenue_4q": null,
            "common_shares": 4200842,
            "book_valuer_per_share": 49.91,
            "book_valuer_per_share_4q_avg": 48.65,
            "equity": 22658451,
            "current_ratio": 93.75,
            "debt_ratio": 66.3,
            "inventory_turnover_ratio": 0.02,
            "account_receivable_turnover_ratio": 0.11,
            "reinvestment_rate": 9.62,
            "research_to_sale_ratio": null,
            "price_fair": 148.31,
            "eps_avg_yearly": 4.24,
            "eps_latest_yearly": 4.28,
            "eps_growth_yearly": 177.74
        },
        "20222": {
            "year_quarter": 20222,
            "year": 2022,
            "quarter": 2,
            "eps": 1.3,
            "eps_growth_year": 132.14,
            "eps_4q": 4.2,
            "eps_4q_growth_year": 16.51,
            "roe": 2.57,
            "roe_4q": 8.52,
            "gross_profit": 733954,
            "gross_margin": 68.81,
            "gross_margin_4q_avg": 68.24,
            "net_income": 570506,
            "net_income_4q": null,
            "revenue": 1066677,
            "revenue_4q": null,
            "common_shares": 4200842,
            "book_valuer_per_share": 47.47,
            "book_valuer_per_share_4q_avg": 48.5,
            "equity": 21655042,
            "current_ratio": 92.02,
            "debt_ratio": 67.63,
            "inventory_turnover_ratio": 0.02,
            "account_receivable_turnover_ratio": 0.11,
            "reinvestment_rate": 11.66,
            "research_to_sale_ratio": null,
            "price_fair": 144.81,
            "eps_avg_yearly": 4.14,
            "eps_latest_yearly": 5.2,
            "eps_growth_yearly": 170.84
        },
        "20223": {
            "year_quarter": 20223,
            "year": 2022,
            "quarter": 3,
            "eps": 0.26,
            "eps_growth_year": -73.47,
            "eps_4q": 3.48,
            "eps_4q_growth_year": 5.51,
            "roe": 0.63,
            "roe_4q": 7.13,
            "gross_profit": 519744,
            "gross_margin": 59.02,
            "gross_margin_4q_avg": 66.68,
            "net_income": 135388,
            "net_income_4q": null,
            "revenue": 880614,
            "revenue_4q": null,
            "common_shares": 4200842,
            "book_valuer_per_share": 46.9,
            "book_valuer_per_share_4q_avg": 48.39,
            "equity": 21441448,
            "current_ratio": 90.83,
            "debt_ratio": 67.75,
            "inventory_turnover_ratio": 0.02,
            "account_receivable_turnover_ratio": 0.09,
            "reinvestment_rate": 16.26,
            "research_to_sale_ratio": null,
            "price_fair": 133.61,
            "eps_avg_yearly": 3.82,
            "eps_latest_yearly": 1.04,
            "eps_growth_yearly": 153.19
        },
        "20224": {
            "year_quarter": 20224,
            "year": 2022,
            "quarter": 4,
            "eps": 0.54,
            "eps_growth_year": -36.71,
            "eps_4q": 3.16,
            "eps_4q_growth_year": -5.96,
            "roe": 1.26,
            "roe_4q": 6.6,
            "gross_profit": 607540,
            "gross_margin": 64.7,
            "gross_margin_4q_avg": 65.6,
            "net_income": 270031,
            "net_income_4q": null,
            "revenue": 939073,
            "revenue_4q": null,
            "common_shares": 4200842,
            "book_valuer_per_share": 48.33,
            "book_valuer_per_share_4q_avg": 48.15,
            "equity": 21520488,
            "current_ratio": 90.18,
            "debt_ratio": 67.79,
            "inventory_turnover_ratio": 0.02,
            "account_receivable_turnover_ratio": 0.1,
            "reinvestment_rate": 19.46,
            "research_to_sale_ratio": null,
            "price_fair": 131.16,
            "eps_avg_yearly": 3.75,
            "eps_latest_yearly": 2.16,
            "eps_growth_yearly": 191.8
        },
        "20231": {
            "year_quarter": 20231,
            "year": 2023,
            "quarter": 1,
            "eps": 0.58,
            "eps_growth_year": -45.79,
            "eps_4q": 2.68,
            "eps_4q_growth_year": -22.83,
            "roe": 1.2,
            "roe_4q": 5.66,
            "gross_profit": 666963,
            "gross_margin": 64.1,
            "gross_margin_4q_avg": 64.16,
            "net_income": 263745,
            "net_income_4q": null,
            "revenue": 1040470,
            "revenue_4q": null,
            "common_shares": 4200842,
            "book_valuer_per_share": 50.14,
            "book_valuer_per_share_4q_avg": 48.21,
            "equity": 22303182,
            "current_ratio": 90.19,
            "debt_ratio": 67.09,
            "inventory_turnover_ratio": 0.02,
            "account_receivable_turnover_ratio": 0.12,
            "reinvestment_rate": 23.31,
            "research_to_sale_ratio": null,
            "price_fair": 122.76,
            "eps_avg_yearly": 3.51,
            "eps_latest_yearly": 2.32,
            "eps_growth_yearly": 171.7
        },
        "20232": {
            "year_quarter": 20232,
            "year": 2023,
            "quarter": 2,
            "eps": 0.81,
            "eps_growth_year": -37.69,
            "eps_4q": 2.19,
            "eps_4q_growth_year": -47.92,
            "roe": 1.55,
            "roe_4q": 4.64,
            "gross_profit": 611677,
            "gross_margin": 60.39,
            "gross_margin_4q_avg": 62.05,
            "net_income": 351099,
            "net_income_4q": null,
            "revenue": 1012810,
            "revenue_4q": null,
            "common_shares": 4200842,
            "book_valuer_per_share": 52.03,
            "book_valuer_per_share_4q_avg": 49.35,
            "equity": 23104383,
            "current_ratio": 91.14,
            "debt_ratio": 66.31,
            "inventory_turnover_ratio": 0.02,
            "account_receivable_turnover_ratio": 0.12,
            "reinvestment_rate": 24.22,
            "research_to_sale_ratio": null,
            "price_fair": 124.51,
            "eps_avg_yearly": 3.56,
            "eps_latest_yearly": 3.24,
            "eps_growth_yearly": 196.71
        }
    },
    "months": {
        "2001-06": {
            "month": "2001-06",
            "price": "3.58",
            "revenue": 77675
        },
        "2001-07": {
            "month": "2001-07",
            "price": "3.53",
            "revenue": 82202
        },
        "2001-08": {
            "month": "2001-08",
            "price": "3.34",
            "revenue": 42325
        },
        "2001-09": {
            "month": "2001-09",
            "price": "2.76",
            "revenue": 35185
        },
        "2001-10": {
            "month": "2001-10",
            "price": "2.38",
            "revenue": 26674
        },
        "2001-11": {
            "month": "2001-11",
            "price": "2.17",
            "revenue": 20118
        },
        "2001-12": {
            "month": "2001-12",
            "price": "2.46",
            "revenue": 27113
        },
        "2002-01": {
            "month": "2002-01",
            "price": "2.70",
            "revenue": 41057
        },
        "2002-02": {
            "month": "2002-02",
            "price": "3.08",
            "revenue": 31644
        },
        "2002-03": {
            "month": "2002-03",
            "price": "3.30",
            "revenue": 14536
        },
        "2002-04": {
            "month": "2002-04",
            "price": "4.46",
            "revenue": 121786
        },
        "2002-05": {
            "month": "2002-05",
            "price": "3.71",
            "revenue": 130229
        },
        "2002-06": {
            "month": "2002-06",
            "price": "3.58",
            "revenue": 99629
        },
        "2002-07": {
            "month": "2002-07",
            "price": "3.89",
            "revenue": 101021
        },
        "2002-08": {
            "month": "2002-08",
            "price": "3.79",
            "revenue": 65324
        },
        "2002-09": {
            "month": "2002-09",
            "price": "3.27",
            "revenue": 23187
        },
        "2002-10": {
            "month": "2002-10",
            "price": "3.21",
            "revenue": 62460
        },
        "2002-11": {
            "month": "2002-11",
            "price": "3.15",
            "revenue": 21849
        },
        "2002-12": {
            "month": "2002-12",
            "price": "2.93",
            "revenue": 20404
        },
        "2003-01": {
            "month": "2003-01",
            "price": "3.21",
            "revenue": 9810
        },
        "2003-02": {
            "month": "2003-02",
            "price": "4.11",
            "revenue": 7564
        },
        "2003-03": {
            "month": "2003-03",
            "price": "4.07",
            "revenue": 24230
        },
        "2003-04": {
            "month": "2003-04",
            "price": "3.75",
            "revenue": 9957
        },
        "2003-05": {
            "month": "2003-05",
            "price": "3.70",
            "revenue": 113472
        },
        "2003-06": {
            "month": "2003-06",
            "price": "3.92",
            "revenue": 134895
        },
        "2003-07": {
            "month": "2003-07",
            "price": "3.94",
            "revenue": 6099
        },
        "2003-08": {
            "month": "2003-08",
            "price": "4.11",
            "revenue": 563
        },
        "2003-09": {
            "month": "2003-09",
            "price": "4.18",
            "revenue": 1426
        },
        "2003-10": {
            "month": "2003-10",
            "price": "4.68",
            "revenue": 10889
        },
        "2003-11": {
            "month": "2003-11",
            "price": "4.80",
            "revenue": 6
        },
        "2003-12": {
            "month": "2003-12",
            "price": "4.51",
            "revenue": 160824
        },
        "2004-01": {
            "month": "2004-01",
            "price": "6.11",
            "revenue": 81
        },
        "2004-02": {
            "month": "2004-02",
            "price": "7.63",
            "revenue": 1039
        },
        "2004-03": {
            "month": "2004-03",
            "price": "7.74",
            "revenue": 15143
        },
        "2004-04": {
            "month": "2004-04",
            "price": "7.52",
            "revenue": 7859
        },
        "2004-05": {
            "month": "2004-05",
            "price": "7.16",
            "revenue": 1275
        },
        "2004-06": {
            "month": "2004-06",
            "price": "7.12",
            "revenue": 0
        },
        "2004-07": {
            "month": "2004-07",
            "price": "7.10",
            "revenue": 3373
        },
        "2004-08": {
            "month": "2004-08",
            "price": "6.97",
            "revenue": 340
        },
        "2004-09": {
            "month": "2004-09",
            "price": "6.93",
            "revenue": 439279
        },
        "2004-10": {
            "month": "2004-10",
            "price": "6.97",
            "revenue": 163430
        },
        "2004-11": {
            "month": "2004-11",
            "price": "6.70",
            "revenue": 81641
        },
        "2004-12": {
            "month": "2004-12",
            "price": "7.11",
            "revenue": 294170
        },
        "2005-01": {
            "month": "2005-01",
            "price": "7.85",
            "revenue": 2802
        },
        "2005-02": {
            "month": "2005-02",
            "price": "7.40",
            "revenue": 24150
        },
        "2005-03": {
            "month": "2005-03",
            "price": "7.61",
            "revenue": 23842
        },
        "2005-04": {
            "month": "2005-04",
            "price": "7.42",
            "revenue": 9136
        },
        "2005-05": {
            "month": "2005-05",
            "price": "7.09",
            "revenue": 362652
        },
        "2005-06": {
            "month": "2005-06",
            "price": "8.15",
            "revenue": 150534
        },
        "2005-07": {
            "month": "2005-07",
            "price": "8.01",
            "revenue": 76297
        },
        "2005-08": {
            "month": "2005-08",
            "price": "8.20",
            "revenue": 66187
        },
        "2005-09": {
            "month": "2005-09",
            "price": "9.26",
            "revenue": 79906
        },
        "2005-10": {
            "month": "2005-10",
            "price": "8.49",
            "revenue": 452734
        },
        "2005-11": {
            "month": "2005-11",
            "price": "10.62",
            "revenue": 32948
        },
        "2005-12": {
            "month": "2005-12",
            "price": "22.12",
            "revenue": 27028
        },
        "2006-01": {
            "month": "2006-01",
            "price": "34.21",
            "revenue": 118840
        },
        "2006-02": {
            "month": "2006-02",
            "price": "36.15",
            "revenue": 71307
        },
        "2006-03": {
            "month": "2006-03",
            "price": "34.13",
            "revenue": 228624
        },
        "2006-04": {
            "month": "2006-04",
            "price": "46.73",
            "revenue": 44370
        },
        "2006-05": {
            "month": "2006-05",
            "price": "38.58",
            "revenue": 164820
        },
        "2006-06": {
            "month": "2006-06",
            "price": "30.30",
            "revenue": 8633
        },
        "2006-07": {
            "month": "2006-07",
            "price": "30.78",
            "revenue": 35409
        },
        "2006-08": {
            "month": "2006-08",
            "price": "25.77",
            "revenue": 106091
        },
        "2006-09": {
            "month": "2006-09",
            "price": "21.11",
            "revenue": 90599
        },
        "2006-10": {
            "month": "2006-10",
            "price": "23.74",
            "revenue": 32863
        },
        "2006-11": {
            "month": "2006-11",
            "price": "23.33",
            "revenue": 19841
        },
        "2006-12": {
            "month": "2006-12",
            "price": "22.58",
            "revenue": 9493
        },
        "2007-01": {
            "month": "2007-01",
            "price": "24.39",
            "revenue": 4884
        },
        "2007-02": {
            "month": "2007-02",
            "price": "23.28",
            "revenue": 40598
        },
        "2007-03": {
            "month": "2007-03",
            "price": "23.08",
            "revenue": 104036
        },
        "2007-04": {
            "month": "2007-04",
            "price": "23.64",
            "revenue": 48530
        },
        "2007-05": {
            "month": "2007-05",
            "price": "22.51",
            "revenue": 34959
        },
        "2007-06": {
            "month": "2007-06",
            "price": "22.15",
            "revenue": 3724
        },
        "2007-07": {
            "month": "2007-07",
            "price": "23.09",
            "revenue": 2895
        },
        "2007-08": {
            "month": "2007-08",
            "price": "18.75",
            "revenue": 23318
        },
        "2007-09": {
            "month": "2007-09",
            "price": "14.39",
            "revenue": 17314
        },
        "2007-10": {
            "month": "2007-10",
            "price": "13.69",
            "revenue": 5754
        },
        "2007-11": {
            "month": "2007-11",
            "price": "13.64",
            "revenue": 11585
        },
        "2007-12": {
            "month": "2007-12",
            "price": "12.98",
            "revenue": 1998
        },
        "2008-01": {
            "month": "2008-01",
            "price": "12.95",
            "revenue": 3768
        },
        "2008-02": {
            "month": "2008-02",
            "price": "13.05",
            "revenue": 736
        },
        "2008-03": {
            "month": "2008-03",
            "price": "14.38",
            "revenue": 12968
        },
        "2008-04": {
            "month": "2008-04",
            "price": "15.67",
            "revenue": 8265
        },
        "2008-05": {
            "month": "2008-05",
            "price": "14.56",
            "revenue": 389
        },
        "2008-06": {
            "month": "2008-06",
            "price": "16.59",
            "revenue": 0
        },
        "2008-07": {
            "month": "2008-07",
            "price": "15.06",
            "revenue": 389
        },
        "2008-08": {
            "month": "2008-08",
            "price": "12.04",
            "revenue": 0
        },
        "2008-09": {
            "month": "2008-09",
            "price": "6.19",
            "revenue": 2245
        },
        "2008-10": {
            "month": "2008-10",
            "price": "4.65",
            "revenue": 0
        },
        "2008-11": {
            "month": "2008-11",
            "price": "4.95",
            "revenue": 0
        },
        "2008-12": {
            "month": "2008-12",
            "price": "5.14",
            "revenue": -95
        },
        "2009-01": {
            "month": "2009-01",
            "price": "4.88",
            "revenue": 1334
        },
        "2009-02": {
            "month": "2009-02",
            "price": "4.84",
            "revenue": 0
        },
        "2009-03": {
            "month": "2009-03",
            "price": "5.14",
            "revenue": 1457
        },
        "2009-04": {
            "month": "2009-04",
            "price": "8.70",
            "revenue": 32983
        },
        "2009-05": {
            "month": "2009-05",
            "price": "9.51",
            "revenue": 0
        },
        "2009-06": {
            "month": "2009-06",
            "price": "11.82",
            "revenue": 0
        },
        "2009-07": {
            "month": "2009-07",
            "price": "12.18",
            "revenue": 2774
        },
        "2009-08": {
            "month": "2009-08",
            "price": "15.46",
            "revenue": 1030
        },
        "2009-09": {
            "month": "2009-09",
            "price": "16.54",
            "revenue": 1243
        },
        "2009-10": {
            "month": "2009-10",
            "price": "17.14",
            "revenue": 291
        },
        "2009-11": {
            "month": "2009-11",
            "price": "18.60",
            "revenue": 230352
        },
        "2009-12": {
            "month": "2009-12",
            "price": "19.91",
            "revenue": 342877
        },
        "2010-01": {
            "month": "2010-01",
            "price": "27.26",
            "revenue": 0
        },
        "2010-02": {
            "month": "2010-02",
            "price": "26.75",
            "revenue": 144009
        },
        "2010-03": {
            "month": "2010-03",
            "price": "35.52",
            "revenue": 439862
        },
        "2010-04": {
            "month": "2010-04",
            "price": "49.29",
            "revenue": 268426
        },
        "2010-05": {
            "month": "2010-05",
            "price": "46.91",
            "revenue": 349810
        },
        "2010-06": {
            "month": "2010-06",
            "price": "46.56",
            "revenue": 381647
        },
        "2010-07": {
            "month": "2010-07",
            "price": "45.96",
            "revenue": 194531
        },
        "2010-08": {
            "month": "2010-08",
            "price": "44.35",
            "revenue": 151576
        },
        "2010-09": {
            "month": "2010-09",
            "price": "69.91",
            "revenue": 380049
        },
        "2010-10": {
            "month": "2010-10",
            "price": "75.86",
            "revenue": 157663
        },
        "2010-11": {
            "month": "2010-11",
            "price": "81.91",
            "revenue": 248266
        },
        "2010-12": {
            "month": "2010-12",
            "price": "103.67",
            "revenue": 260380
        },
        "2011-01": {
            "month": "2011-01",
            "price": "110.38",
            "revenue": 185699
        },
        "2011-02": {
            "month": "2011-02",
            "price": "104.32",
            "revenue": 154985
        },
        "2011-03": {
            "month": "2011-03",
            "price": "90.88",
            "revenue": 199146
        },
        "2011-04": {
            "month": "2011-04",
            "price": "94.66",
            "revenue": 386455
        },
        "2011-05": {
            "month": "2011-05",
            "price": "93.26",
            "revenue": 548111
        },
        "2011-06": {
            "month": "2011-06",
            "price": "115.90",
            "revenue": 359999
        },
        "2011-07": {
            "month": "2011-07",
            "price": "130.45",
            "revenue": 400513
        },
        "2011-08": {
            "month": "2011-08",
            "price": "116.14",
            "revenue": 442499
        },
        "2011-09": {
            "month": "2011-09",
            "price": "87.94",
            "revenue": 489319
        },
        "2011-10": {
            "month": "2011-10",
            "price": "88.30",
            "revenue": 431005
        },
        "2011-11": {
            "month": "2011-11",
            "price": "96.24",
            "revenue": 435643
        },
        "2011-12": {
            "month": "2011-12",
            "price": "88.06",
            "revenue": 418032
        },
        "2012-01": {
            "month": "2012-01",
            "price": "88.08",
            "revenue": 234979
        },
        "2012-02": {
            "month": "2012-02",
            "price": "98.54",
            "revenue": 271769
        },
        "2012-03": {
            "month": "2012-03",
            "price": "96.83",
            "revenue": 350460
        },
        "2012-04": {
            "month": "2012-04",
            "price": "93.19",
            "revenue": 401721
        },
        "2012-05": {
            "month": "2012-05",
            "price": "86.51",
            "revenue": 480589
        },
        "2012-06": {
            "month": "2012-06",
            "price": "84.91",
            "revenue": 612398
        },
        "2012-07": {
            "month": "2012-07",
            "price": "88.80",
            "revenue": 360911
        },
        "2012-08": {
            "month": "2012-08",
            "price": "97.21",
            "revenue": 325507
        },
        "2012-09": {
            "month": "2012-09",
            "price": "97.94",
            "revenue": 370259
        },
        "2012-10": {
            "month": "2012-10",
            "price": "98.66",
            "revenue": 404875
        },
        "2012-11": {
            "month": "2012-11",
            "price": "91.33",
            "revenue": 412602
        },
        "2012-12": {
            "month": "2012-12",
            "price": "90.70",
            "revenue": 607079
        },
        "2013-01": {
            "month": "2013-01",
            "price": "90.80",
            "revenue": 356462
        },
        "2013-02": {
            "month": "2013-02",
            "price": "89.78",
            "revenue": 264559
        },
        "2013-03": {
            "month": "2013-03",
            "price": "96.76",
            "revenue": 367601
        },
        "2013-04": {
            "month": "2013-04",
            "price": "104.98",
            "revenue": 330972
        },
        "2013-05": {
            "month": "2013-05",
            "price": "104.91",
            "revenue": 368421
        },
        "2013-06": {
            "month": "2013-06",
            "price": "97.98",
            "revenue": 353086
        },
        "2013-07": {
            "month": "2013-07",
            "price": "94.84",
            "revenue": 414685
        },
        "2013-08": {
            "month": "2013-08",
            "price": "89.85",
            "revenue": 347023
        },
        "2013-09": {
            "month": "2013-09",
            "price": "91.36",
            "revenue": 365678
        },
        "2013-10": {
            "month": "2013-10",
            "price": "86.85",
            "revenue": 301202
        },
        "2013-11": {
            "month": "2013-11",
            "price": "82.31",
            "revenue": 324474
        },
        "2013-12": {
            "month": "2013-12",
            "price": "82.43",
            "revenue": 404851
        },
        "2014-01": {
            "month": "2014-01",
            "price": "84.92",
            "revenue": 508141
        },
        "2014-02": {
            "month": "2014-02",
            "price": "85.24",
            "revenue": 273767
        },
        "2014-03": {
            "month": "2014-03",
            "price": "83.19",
            "revenue": 333169
        },
        "2014-04": {
            "month": "2014-04",
            "price": "83.34",
            "revenue": 352087
        },
        "2014-05": {
            "month": "2014-05",
            "price": "83.69",
            "revenue": 389100
        },
        "2014-06": {
            "month": "2014-06",
            "price": "86.30",
            "revenue": 389681
        },
        "2014-07": {
            "month": "2014-07",
            "price": "85.47",
            "revenue": 312309
        },
        "2014-08": {
            "month": "2014-08",
            "price": "85.75",
            "revenue": 520700
        },
        "2014-09": {
            "month": "2014-09",
            "price": "85.79",
            "revenue": 684473
        },
        "2014-10": {
            "month": "2014-10",
            "price": "87.94",
            "revenue": 697996
        },
        "2014-11": {
            "month": "2014-11",
            "price": "96.22",
            "revenue": 528206
        },
        "2014-12": {
            "month": "2014-12",
            "price": "96.40",
            "revenue": 481432
        },
        "2015-01": {
            "month": "2015-01",
            "price": "88.06",
            "revenue": 318681
        },
        "2015-02": {
            "month": "2015-02",
            "price": "82.79",
            "revenue": 241161
        },
        "2015-03": {
            "month": "2015-03",
            "price": "82.46",
            "revenue": 308105
        },
        "2015-04": {
            "month": "2015-04",
            "price": "81.50",
            "revenue": 286808
        },
        "2015-05": {
            "month": "2015-05",
            "price": "81.08",
            "revenue": 298603
        },
        "2015-06": {
            "month": "2015-06",
            "price": "80.16",
            "revenue": 350176
        },
        "2015-07": {
            "month": "2015-07",
            "price": "79.95",
            "revenue": 296869
        },
        "2015-08": {
            "month": "2015-08",
            "price": "66.25",
            "revenue": 336381
        },
        "2015-09": {
            "month": "2015-09",
            "price": "64.34",
            "revenue": 292919
        },
        "2015-10": {
            "month": "2015-10",
            "price": "63.41",
            "revenue": 327893
        },
        "2015-11": {
            "month": "2015-11",
            "price": "64.22",
            "revenue": 265969
        },
        "2015-12": {
            "month": "2015-12",
            "price": "56.72",
            "revenue": 242076
        },
        "2016-01": {
            "month": "2016-01",
            "price": "56.21",
            "revenue": 309429
        },
        "2016-02": {
            "month": "2016-02",
            "price": "57.93",
            "revenue": 211743
        },
        "2016-03": {
            "month": "2016-03",
            "price": "58.10",
            "revenue": 330644
        },
        "2016-04": {
            "month": "2016-04",
            "price": "56.64",
            "revenue": 335629
        },
        "2016-05": {
            "month": "2016-05",
            "price": "53.99",
            "revenue": 288718
        },
        "2016-06": {
            "month": "2016-06",
            "price": "53.87",
            "revenue": 254170
        },
        "2016-07": {
            "month": "2016-07",
            "price": "57.68",
            "revenue": 290508
        },
        "2016-08": {
            "month": "2016-08",
            "price": "54.50",
            "revenue": 253549
        },
        "2016-09": {
            "month": "2016-09",
            "price": "54.14",
            "revenue": 316541
        },
        "2016-10": {
            "month": "2016-10",
            "price": "54.22",
            "revenue": 391791
        },
        "2016-11": {
            "month": "2016-11",
            "price": "54.44",
            "revenue": 266503
        },
        "2016-12": {
            "month": "2016-12",
            "price": "56.34",
            "revenue": 289899
        },
        "2017-01": {
            "month": "2017-01",
            "price": "55.46",
            "revenue": 293718
        },
        "2017-02": {
            "month": "2017-02",
            "price": "56.77",
            "revenue": 270768
        },
        "2017-03": {
            "month": "2017-03",
            "price": "61.55",
            "revenue": 405727
        },
        "2017-04": {
            "month": "2017-04",
            "price": "58.33",
            "revenue": 480464
        },
        "2017-05": {
            "month": "2017-05",
            "price": "64.38",
            "revenue": 429212
        },
        "2017-06": {
            "month": "2017-06",
            "price": "65.70",
            "revenue": 365256
        },
        "2017-07": {
            "month": "2017-07",
            "price": "66.60",
            "revenue": 439978
        },
        "2017-08": {
            "month": "2017-08",
            "price": "71.25",
            "revenue": 458096
        },
        "2017-09": {
            "month": "2017-09",
            "price": "69.85",
            "revenue": 462382
        },
        "2017-10": {
            "month": "2017-10",
            "price": "72.68",
            "revenue": 501017
        },
        "2017-11": {
            "month": "2017-11",
            "price": "74.14",
            "revenue": 507400
        },
        "2017-12": {
            "month": "2017-12",
            "price": "69.46",
            "revenue": 490361
        },
        "2018-01": {
            "month": "2018-01",
            "price": "70.06",
            "revenue": 393381
        },
        "2018-02": {
            "month": "2018-02",
            "price": "63.52",
            "revenue": 279330
        },
        "2018-03": {
            "month": "2018-03",
            "price": "63.53",
            "revenue": 357715
        },
        "2018-04": {
            "month": "2018-04",
            "price": "62.43",
            "revenue": 493145
        },
        "2018-05": {
            "month": "2018-05",
            "price": "62.16",
            "revenue": 467024
        },
        "2018-06": {
            "month": "2018-06",
            "price": "61.80",
            "revenue": 356240
        },
        "2018-07": {
            "month": "2018-07",
            "price": "59.50",
            "revenue": 459495
        },
        "2018-08": {
            "month": "2018-08",
            "price": "58.19",
            "revenue": 444798
        },
        "2018-09": {
            "month": "2018-09",
            "price": "65.30",
            "revenue": 447997
        },
        "2018-10": {
            "month": "2018-10",
            "price": "59.90",
            "revenue": 467020
        },
        "2018-11": {
            "month": "2018-11",
            "price": "58.84",
            "revenue": 441415
        },
        "2018-12": {
            "month": "2018-12",
            "price": "56.95",
            "revenue": 349457
        },
        "2019-01": {
            "month": "2019-01",
            "price": "57.34",
            "revenue": 757392
        },
        "2019-02": {
            "month": "2019-02",
            "price": "60.48",
            "revenue": 202997
        },
        "2019-03": {
            "month": "2019-03",
            "price": "62.20",
            "revenue": 364604
        },
        "2019-04": {
            "month": "2019-04",
            "price": "61.58",
            "revenue": 279569
        },
        "2019-05": {
            "month": "2019-05",
            "price": "61.70",
            "revenue": 245390
        },
        "2019-06": {
            "month": "2019-06",
            "price": "63.15",
            "revenue": 245318
        },
        "2019-07": {
            "month": "2019-07",
            "price": "63.86",
            "revenue": 299365
        },
        "2019-08": {
            "month": "2019-08",
            "price": "60.74",
            "revenue": 629563
        },
        "2019-09": {
            "month": "2019-09",
            "price": "61.30",
            "revenue": 452911
        },
        "2019-10": {
            "month": "2019-10",
            "price": "60.81",
            "revenue": 588633
        },
        "2019-11": {
            "month": "2019-11",
            "price": "63.66",
            "revenue": 244869
        },
        "2019-12": {
            "month": "2019-12",
            "price": "63.29",
            "revenue": 248737
        },
        "2020-01": {
            "month": "2020-01",
            "price": "63.09",
            "revenue": 308692
        },
        "2020-02": {
            "month": "2020-02",
            "price": "61.39",
            "revenue": 227465
        },
        "2020-03": {
            "month": "2020-03",
            "price": "55.55",
            "revenue": 332652
        },
        "2020-04": {
            "month": "2020-04",
            "price": "54.82",
            "revenue": 249718
        },
        "2020-05": {
            "month": "2020-05",
            "price": "56.80",
            "revenue": 234044
        },
        "2020-06": {
            "month": "2020-06",
            "price": "58.13",
            "revenue": 302261
        },
        "2020-07": {
            "month": "2020-07",
            "price": "58.96",
            "revenue": 337119
        },
        "2020-08": {
            "month": "2020-08",
            "price": "56.42",
            "revenue": 371798
        },
        "2020-09": {
            "month": "2020-09",
            "price": "55.05",
            "revenue": 350992
        },
        "2020-10": {
            "month": "2020-10",
            "price": "53.35",
            "revenue": 350260
        },
        "2020-11": {
            "month": "2020-11",
            "price": "53.35",
            "revenue": 299813
        },
        "2020-12": {
            "month": "2020-12",
            "price": "52.97",
            "revenue": 298693
        },
        "2021-01": {
            "month": "2021-01",
            "price": "52.10",
            "revenue": 355606
        },
        "2021-02": {
            "month": "2021-02",
            "price": "51.23",
            "revenue": 279337
        },
        "2021-03": {
            "month": "2021-03",
            "price": "51.58",
            "revenue": 365437
        },
        "2021-04": {
            "month": "2021-04",
            "price": "52.43",
            "revenue": 270278
        },
        "2021-05": {
            "month": "2021-05",
            "price": "50.75",
            "revenue": 231387
        },
        "2021-06": {
            "month": "2021-06",
            "price": "51.55",
            "revenue": 277523
        },
        "2021-07": {
            "month": "2021-07",
            "price": "48.84",
            "revenue": 273813
        },
        "2021-08": {
            "month": "2021-08",
            "price": "47.67",
            "revenue": 256849
        },
        "2021-09": {
            "month": "2021-09",
            "price": "46.75",
            "revenue": 257430
        },
        "2021-10": {
            "month": "2021-10",
            "price": "45.04",
            "revenue": 324542
        },
        "2021-11": {
            "month": "2021-11",
            "price": "45.09",
            "revenue": 322608
        },
        "2021-12": {
            "month": "2021-12",
            "price": "43.91",
            "revenue": 335833
        },
        "2022-01": {
            "month": "2022-01",
            "price": "43.62",
            "revenue": 447836
        },
        "2022-02": {
            "month": "2022-02",
            "price": "43.51",
            "revenue": 230869
        },
        "2022-03": {
            "month": "2022-03",
            "price": "43.52",
            "revenue": 399427
        },
        "2022-04": {
            "month": "2022-04",
            "price": "47.53",
            "revenue": 310316
        },
        "2022-05": {
            "month": "2022-05",
            "price": "46.22",
            "revenue": 341128
        },
        "2022-06": {
            "month": "2022-06",
            "price": "44.84",
            "revenue": 415233
        },
        "2022-07": {
            "month": "2022-07",
            "price": "41.25",
            "revenue": 342806
        },
        "2022-08": {
            "month": "2022-08",
            "price": "41.08",
            "revenue": 230640
        },
        "2022-09": {
            "month": "2022-09",
            "price": "40.19",
            "revenue": 307168
        },
        "2022-10": {
            "month": "2022-10",
            "price": "36.74",
            "revenue": 367518
        },
        "2022-11": {
            "month": "2022-11",
            "price": "36.62",
            "revenue": 296468
        },
        "2022-12": {
            "month": "2022-12",
            "price": "38.10",
            "revenue": 275087
        },
        "2023-01": {
            "month": "2023-01",
            "price": "37.82",
            "revenue": 278729
        },
        "2023-02": {
            "month": "2023-02",
            "price": "38.64",
            "revenue": 280607
        },
        "2023-03": {
            "month": "2023-03",
            "price": "39.27",
            "revenue": 481134
        },
        "2023-04": {
            "month": "2023-04",
            "price": "38.15",
            "revenue": 304706
        },
        "2023-05": {
            "month": "2023-05",
            "price": "37.67",
            "revenue": 333700
        },
        "2023-06": {
            "month": "2023-06",
            "price": "37.41",
            "revenue": 374404
        },
        "2023-07": {
            "month": "2023-07",
            "price": "36.63",
            "revenue": 335740
        },
        "2023-08": {
            "month": "2023-08",
            "price": "36.13",
            "revenue": 298348
        },
        "2023-09": {
            "month": "2023-09",
            "price": "36.60",
            "revenue": 301233
        }
    }
}
