{
    "summary": {
        "stock_name": "鄉林",
        "stock_id": "5531",
        "category": "建材營造",
        "main_business": "委託營造廠興建國民住宅、商業大樓出租或出售",
        "website_url": "http://www.shininggroup.com",
        "ceo": "賴正鎰",
        "pe_ratio": -15,
        "report_year_from": 2001,
        "report_year_to": 2023,
        "age": 22,
        "eps_negative_percentage": 9,
        "eps_growth_avg": {
            "last_all": -4.54,
            "last_2y": 0,
            "last_4y": -34.28,
            "last_8y": -21.9,
            "last_12y": -6.75,
            "last_16y": -8.43,
            "last_20y": -4.54,
            "at_2006_last_3y": 30.63,
            "at_2007_last_3y": 33.51,
            "at_2008_last_3y": -9.79,
            "at_2009_last_3y": -13.5,
            "at_2010_last_3y": -12.99,
            "at_2011_last_3y": -13.67,
            "at_2012_last_3y": -8.16,
            "at_2013_last_3y": 23.57,
            "at_2014_last_3y": -1.55,
            "at_2015_last_3y": -24.95,
            "at_2016_last_3y": 12.84,
            "at_2017_last_3y": -9.53,
            "at_2018_last_3y": -11.57,
            "at_2019_last_3y": -6.64,
            "at_2020_last_3y": -6.64,
            "at_2021_last_3y": -34.28,
            "at_2022_last_3y": -20.83,
            "at_2023_last_3y": -20.83,
            "at_2006_last_all": 15.21,
            "at_2007_last_all": 15.03,
            "at_2008_last_all": 2.43,
            "at_2009_last_all": -1.24,
            "at_2010_last_all": 2.68,
            "at_2011_last_all": 3.55,
            "at_2012_last_all": -1.42,
            "at_2013_last_all": 7.03,
            "at_2014_last_all": 1.38,
            "at_2015_last_all": -4.59,
            "at_2016_last_all": 2.38,
            "at_2017_last_all": 2.89,
            "at_2018_last_all": -1.67,
            "at_2019_last_all": -5.05,
            "at_2020_last_all": 0.48,
            "at_2021_last_all": -4.54,
            "at_2022_last_all": -4.54,
            "at_2023_last_all": -4.54
        },
        "latest_eps": -0.79,
        "latest_price": 11.8,
        "latest_roe": -8.93,
        "latest_gross_margin": 25.9,
        "latest_equity": 11232775,
        "latest_revenue": 2345386,
        "latest_gross_profit": 607514,
        "latest_net_income": 283802,
        "latest_debt_ratio": 71.58,
        "latest_current_ratio": 131.84,
        "latest_account_receivable_turnover_ratio": 60.62,
        "latest_inventory_turnover_ratio": 0.09,
        "latest_reinvestment_rate": null,
        "latest_research_to_sale_ratio": null
    },
    "eps_dividends": {
        "2000": {
            "cash": 0,
            "stock": 0.5,
            "eps": 0
        },
        "2001": {
            "cash": 0,
            "stock": 0.7,
            "eps": 0.71
        },
        "2002": {
            "cash": 0,
            "stock": 0,
            "eps": 0.38
        },
        "2003": {
            "cash": 0,
            "stock": 0,
            "eps": 0.39
        },
        "2004": {
            "cash": 0,
            "stock": 0,
            "eps": 5.55
        },
        "2005": {
            "cash": 0,
            "stock": 6.25,
            "eps": 4.88
        },
        "2006": {
            "cash": 0,
            "stock": 4.08,
            "eps": 6.44
        },
        "2007": {
            "cash": 0,
            "stock": 5,
            "eps": 7.35
        },
        "2008": {
            "cash": 2,
            "stock": 2,
            "eps": 1.97
        },
        "2009": {
            "cash": 0,
            "stock": 1,
            "eps": 1.44
        },
        "2010": {
            "cash": 0,
            "stock": 1,
            "eps": 1.93
        },
        "2011": {
            "cash": 0,
            "stock": 3.5,
            "eps": 2.15
        },
        "2012": {
            "cash": 0,
            "stock": 0,
            "eps": 1.05
        },
        "2013": {
            "cash": 0,
            "stock": 1,
            "eps": 4.02
        },
        "2014": {
            "cash": 0,
            "stock": 3,
            "eps": 1.35
        },
        "2015": {
            "cash": 0,
            "stock": 1,
            "eps": 0.24
        },
        "2016": {
            "cash": 0,
            "stock": 0,
            "eps": 0.57
        },
        "2017": {
            "cash": 0,
            "stock": 0.5,
            "eps": 0.63
        },
        "2018": {
            "cash": 0,
            "stock": 0.5,
            "eps": 0.16
        },
        "2019": {
            "cash": 0,
            "stock": 0.1,
            "eps": 0.06
        },
        "2020": {
            "cash": 0,
            "stock": 0,
            "eps": 0.17
        },
        "2021": {
            "cash": 0,
            "stock": 0,
            "eps": -0.6
        },
        "2022": {
            "cash": 0,
            "stock": 0,
            "eps": -1.41
        },
        "2023": {
            "cash": 0,
            "stock": 0,
            "eps": 0.34
        }
    },
    "dividends": {
        "2000-06-30": {
            "cash": 0,
            "stock": 0.5
        },
        "2001-06-05": {
            "cash": 0,
            "stock": 0.7
        },
        "2005-03-28": {
            "cash": 0,
            "stock": 6.25
        },
        "2006-04-20": {
            "cash": 0,
            "stock": 4.08
        },
        "2007-04-23": {
            "cash": 0,
            "stock": 5
        },
        "2008-04-07": {
            "cash": 2,
            "stock": 2
        },
        "2009-04-22": {
            "cash": 0,
            "stock": 1
        },
        "2010-04-22": {
            "cash": 0,
            "stock": 1
        },
        "2011-01-01": {
            "cash": 0,
            "stock": 2
        },
        "2011-04-28": {
            "cash": 0,
            "stock": 1.5
        },
        "2013-05-08": {
            "cash": 0,
            "stock": 1
        },
        "2014-06-27": {
            "cash": 0,
            "stock": 3
        },
        "2015-05-12": {
            "cash": 0,
            "stock": 1
        },
        "2017-04-24": {
            "cash": 0,
            "stock": 0.5
        },
        "2018-05-08": {
            "cash": 0,
            "stock": 0.5
        },
        "2019-05-10": {
            "cash": 0,
            "stock": 0.1
        }
    },
    "prices": {
        "200101": "無",
        "200102": "無",
        "200103": "無",
        "200104": "無",
        "200105": "無",
        "200106": "11.05",
        "200107": "11.57",
        "200108": "11.71",
        "200109": "12.11",
        "200110": "12.26",
        "200111": "12.61",
        "200112": "12.76",
        "200201": "14.22",
        "200202": "15.72",
        "200203": "17.65",
        "200204": "19.29",
        "200205": "18.75",
        "200206": "18.92",
        "200207": "18.43",
        "200208": "16.96",
        "200209": "15.52",
        "200210": "17.06",
        "200211": "18.14",
        "200212": "17.61",
        "200301": "17.74",
        "200302": "17.51",
        "200303": "17.39",
        "200304": "16.82",
        "200305": "16.46",
        "200306": "17.12",
        "200307": "17.90",
        "200308": "18.31",
        "200309": "18.30",
        "200310": "16.37",
        "200311": "13.61",
        "200312": "12.54",
        "200401": "17.83",
        "200402": "19.96",
        "200403": "24.71",
        "200404": "33.95",
        "200405": "32.21",
        "200406": "33.06",
        "200407": "29.85",
        "200408": "30.86",
        "200409": "31.44",
        "200410": "31.46",
        "200411": "30.18",
        "200412": "32.37",
        "200501": "43.20",
        "200502": "40.42",
        "200503": "43.66",
        "200504": "42.91",
        "200505": "41.65",
        "200506": "42.02",
        "200507": "41.71",
        "200508": "32.70",
        "200509": "28.42",
        "200510": "25.41",
        "200511": "23.28",
        "200512": "29.00",
        "200601": "29.67",
        "200602": "28.29",
        "200603": "26.64",
        "200604": "35.78",
        "200605": "45.03",
        "200606": "42.70",
        "200607": "51.08",
        "200608": "41.63",
        "200609": "39.69",
        "200610": "47.51",
        "200611": "54.08",
        "200612": "63.73",
        "200701": "55.86",
        "200702": "57.15",
        "200703": "62.21",
        "200704": "65.56",
        "200705": "64.75",
        "200706": "66.36",
        "200707": "87.90",
        "200708": "82.13",
        "200709": "72.29",
        "200710": "64.15",
        "200711": "58.41",
        "200712": "56.02",
        "200801": "67.50",
        "200802": "80.24",
        "200803": "89.22",
        "200804": "101.81",
        "200805": "93.15",
        "200806": "74.43",
        "200807": "46.81",
        "200808": "37.88",
        "200809": "24.98",
        "200810": "15.70",
        "200811": "12.80",
        "200812": "13.21",
        "200901": "13.41",
        "200902": "12.47",
        "200903": "14.64",
        "200904": "26.70",
        "200905": "38.65",
        "200906": "39.34",
        "200907": "39.31",
        "200908": "33.69",
        "200909": "36.07",
        "200910": "37.80",
        "200911": "35.51",
        "200912": "36.27",
        "201001": "37.24",
        "201002": "33.10",
        "201003": "34.37",
        "201004": "35.07",
        "201005": "32.04",
        "201006": "30.79",
        "201007": "31.19",
        "201008": "32.76",
        "201009": "31.75",
        "201010": "31.63",
        "201011": "31.67",
        "201012": "37.19",
        "201101": "41.58",
        "201102": "38.09",
        "201103": "31.39",
        "201104": "34.76",
        "201105": "39.09",
        "201106": "40.21",
        "201107": "51.50",
        "201108": "38.19",
        "201109": "30.02",
        "201110": "30.03",
        "201111": "28.25",
        "201112": "21.66",
        "201201": "22.96",
        "201202": "28.62",
        "201203": "28.46",
        "201204": "26.49",
        "201205": "25.32",
        "201206": "24.52",
        "201207": "24.72",
        "201208": "23.26",
        "201209": "24.20",
        "201210": "22.34",
        "201211": "20.75",
        "201212": "22.23",
        "201301": "23.38",
        "201302": "23.86",
        "201303": "22.81",
        "201304": "21.81",
        "201305": "23.46",
        "201306": "24.79",
        "201307": "24.64",
        "201308": "23.83",
        "201309": "22.82",
        "201310": "23.18",
        "201311": "24.20",
        "201312": "25.10",
        "201401": "25.52",
        "201402": "25.16",
        "201403": "24.41",
        "201404": "25.05",
        "201405": "25.04",
        "201406": "25.42",
        "201407": "26.08",
        "201408": "21.86",
        "201409": "20.59",
        "201410": "18.58",
        "201411": "18.26",
        "201412": "18.89",
        "201501": "18.18",
        "201502": "17.94",
        "201503": "17.98",
        "201504": "17.88",
        "201505": "15.92",
        "201506": "14.98",
        "201507": "13.80",
        "201508": "11.17",
        "201509": "11.52",
        "201510": "11.55",
        "201511": "11.61",
        "201512": "10.55",
        "201601": "9.71",
        "201602": "10.29",
        "201603": "12.52",
        "201604": "11.75",
        "201605": "10.96",
        "201606": "10.98",
        "201607": "10.78",
        "201608": "10.68",
        "201609": "10.70",
        "201610": "10.30",
        "201611": "10.10",
        "201612": "10.45",
        "201701": "10.39",
        "201702": "11.01",
        "201703": "11.36",
        "201704": "10.69",
        "201705": "10.74",
        "201706": "10.78",
        "201707": "10.67",
        "201708": "10.35",
        "201709": "10.25",
        "201710": "10.27",
        "201711": "10.26",
        "201712": "10.33",
        "201801": "11.85",
        "201802": "10.70",
        "201803": "10.67",
        "201804": "11.71",
        "201805": "11.80",
        "201806": "12.97",
        "201807": "12.27",
        "201808": "11.88",
        "201809": "11.72",
        "201810": "10.65",
        "201811": "10.30",
        "201812": "10.37",
        "201901": "10.20",
        "201902": "10.55",
        "201903": "10.54",
        "201904": "10.25",
        "201905": "9.99",
        "201906": "9.97",
        "201907": "9.84",
        "201908": "9.55",
        "201909": "10.29",
        "201910": "12.01",
        "201911": "11.44",
        "201912": "10.83",
        "202001": "10.75",
        "202002": "9.37",
        "202003": "8.41",
        "202004": "8.84",
        "202005": "8.82",
        "202006": "9.41",
        "202007": "9.94",
        "202008": "9.82",
        "202009": "10.38",
        "202010": "10.31",
        "202011": "11.95",
        "202012": "16.56",
        "202101": "14.51",
        "202102": "14.38",
        "202103": "14.98",
        "202104": "15.33",
        "202105": "12.41",
        "202106": "12.15",
        "202107": "12.00",
        "202108": "11.79",
        "202109": "11.33",
        "202110": "10.78",
        "202111": "11.43",
        "202112": "11.09",
        "202201": "10.59",
        "202202": "10.70",
        "202203": "10.57",
        "202204": "10.45",
        "202205": "9.73",
        "202206": "9.67",
        "202207": "9.28",
        "202208": "9.15",
        "202209": "9.10",
        "202210": "9.22",
        "202211": "9.23",
        "202212": "9.40",
        "202301": "9.21",
        "202302": "9.18",
        "202303": "9.16",
        "202304": "9.77",
        "202305": "10.99",
        "202306": "12.15"
    },
    "quarters": {
        "20011": {
            "year_quarter": 20011,
            "year": 2001,
            "quarter": 1,
            "eps": -0.28,
            "eps_growth_year": null,
            "eps_4q": 0.75,
            "eps_4q_growth_year": null,
            "roe": -2.51,
            "roe_4q": -2.51,
            "gross_profit": -1621,
            "gross_margin": -1.03,
            "gross_margin_4q_avg": -1.03,
            "net_income": -21110,
            "revenue": 156994,
            "common_shares": 762300,
            "book_valuer_per_share": 10.78,
            "book_valuer_per_share_4q_avg": 10.78,
            "equity": 821852,
            "current_ratio": 166.48,
            "debt_ratio": 52.88,
            "inventory_turnover_ratio": 0.12,
            "account_receivable_turnover_ratio": null,
            "reinvestment_rate": null,
            "research_to_sale_ratio": null,
            "price_fair": 0,
            "eps_avg_yearly": 0,
            "eps_latest_yearly": 0,
            "eps_growth_yearly": 0
        },
        "20012": {
            "year_quarter": 20012,
            "year": 2001,
            "quarter": 2,
            "eps": 0.53,
            "eps_growth_year": null,
            "eps_4q": 1.44,
            "eps_4q_growth_year": null,
            "roe": 4.8,
            "roe_4q": 2.29,
            "gross_profit": 95744,
            "gross_margin": 16.55,
            "gross_margin_4q_avg": 7.76,
            "net_income": 40444,
            "revenue": 578556,
            "common_shares": 762300,
            "book_valuer_per_share": 11.31,
            "book_valuer_per_share_4q_avg": 11.05,
            "equity": 861888,
            "current_ratio": 166.8,
            "debt_ratio": 52.74,
            "inventory_turnover_ratio": 0.4,
            "account_receivable_turnover_ratio": null,
            "reinvestment_rate": null,
            "research_to_sale_ratio": null,
            "price_fair": 0,
            "eps_avg_yearly": 0,
            "eps_latest_yearly": 0,
            "eps_growth_yearly": 0
        },
        "20013": {
            "year_quarter": 20013,
            "year": 2001,
            "quarter": 3,
            "eps": -0.29,
            "eps_growth_year": -159.18,
            "eps_4q": 0.66,
            "eps_4q_growth_year": null,
            "roe": -2.61,
            "roe_4q": -0.31999999999999984,
            "gross_profit": -15068,
            "gross_margin": -12.85,
            "gross_margin_4q_avg": 0.89,
            "net_income": -22230,
            "revenue": 117227,
            "common_shares": 762300,
            "book_valuer_per_share": 11.01,
            "book_valuer_per_share_4q_avg": 11.03,
            "equity": 839659,
            "current_ratio": 198.69,
            "debt_ratio": 42.48,
            "inventory_turnover_ratio": 0.12,
            "account_receivable_turnover_ratio": null,
            "reinvestment_rate": null,
            "research_to_sale_ratio": null,
            "price_fair": 0,
            "eps_avg_yearly": 0,
            "eps_latest_yearly": 0,
            "eps_growth_yearly": 0
        },
        "20014": {
            "year_quarter": 20014,
            "year": 2001,
            "quarter": 4,
            "eps": 0.75,
            "eps_growth_year": 7.14,
            "eps_4q": 0.71,
            "eps_4q_growth_year": 19.7,
            "roe": 6.97,
            "roe_4q": 6.65,
            "gross_profit": 102854,
            "gross_margin": 18.93,
            "gross_margin_4q_avg": 5.4,
            "net_income": 61192,
            "revenue": 543266,
            "common_shares": 815661,
            "book_valuer_per_share": 11.04,
            "book_valuer_per_share_4q_avg": 11.04,
            "equity": 917073,
            "current_ratio": 168.92,
            "debt_ratio": 56.16,
            "inventory_turnover_ratio": 0.44,
            "account_receivable_turnover_ratio": null,
            "reinvestment_rate": null,
            "research_to_sale_ratio": null,
            "price_fair": 0,
            "eps_avg_yearly": 0,
            "eps_latest_yearly": 0,
            "eps_growth_yearly": 0
        },
        "20021": {
            "year_quarter": 20021,
            "year": 2002,
            "quarter": 1,
            "eps": -0.22,
            "eps_growth_year": null,
            "eps_4q": 0.74,
            "eps_4q_growth_year": -1.08,
            "roe": -2.01,
            "roe_4q": 7.15,
            "gross_profit": -2042,
            "gross_margin": -1.89,
            "gross_margin_4q_avg": 5.19,
            "net_income": -18103,
            "revenue": 108119,
            "common_shares": 815661,
            "book_valuer_per_share": 10.82,
            "book_valuer_per_share_4q_avg": 11.05,
            "equity": 882747,
            "current_ratio": 262.4,
            "debt_ratio": 32.05,
            "inventory_turnover_ratio": 0.12,
            "account_receivable_turnover_ratio": null,
            "reinvestment_rate": null,
            "research_to_sale_ratio": null,
            "price_fair": 0,
            "eps_avg_yearly": 0,
            "eps_latest_yearly": 0,
            "eps_growth_yearly": 0
        },
        "20022": {
            "year_quarter": 20022,
            "year": 2002,
            "quarter": 2,
            "eps": 0.02,
            "eps_growth_year": -96.23,
            "eps_4q": 0.35,
            "eps_4q_growth_year": -75.87,
            "roe": 0.14,
            "roe_4q": 2.4899999999999998,
            "gross_profit": 23652,
            "gross_margin": 10.75,
            "gross_margin_4q_avg": 3.74,
            "net_income": 1270,
            "revenue": 220042,
            "common_shares": 815661,
            "book_valuer_per_share": 10.83,
            "book_valuer_per_share_4q_avg": 10.93,
            "equity": 883492,
            "current_ratio": 252.71,
            "debt_ratio": 33.78,
            "inventory_turnover_ratio": 0.23,
            "account_receivable_turnover_ratio": null,
            "reinvestment_rate": null,
            "research_to_sale_ratio": null,
            "price_fair": 0,
            "eps_avg_yearly": 0,
            "eps_latest_yearly": 0,
            "eps_growth_yearly": 0
        },
        "20023": {
            "year_quarter": 20023,
            "year": 2002,
            "quarter": 3,
            "eps": -0.14,
            "eps_growth_year": null,
            "eps_4q": 0.41,
            "eps_4q_growth_year": -38.44,
            "roe": -1.28,
            "roe_4q": 3.82,
            "gross_profit": 3340,
            "gross_margin": 4.47,
            "gross_margin_4q_avg": 8.07,
            "net_income": -11231,
            "revenue": 74658,
            "common_shares": 815661,
            "book_valuer_per_share": 10.69,
            "book_valuer_per_share_4q_avg": 10.85,
            "equity": 872262,
            "current_ratio": 234.32,
            "debt_ratio": 36.67,
            "inventory_turnover_ratio": 0.08,
            "account_receivable_turnover_ratio": null,
            "reinvestment_rate": null,
            "research_to_sale_ratio": null,
            "price_fair": 0,
            "eps_avg_yearly": 0,
            "eps_latest_yearly": 0,
            "eps_growth_yearly": 0
        },
        "20024": {
            "year_quarter": 20024,
            "year": 2002,
            "quarter": 4,
            "eps": 0.72,
            "eps_growth_year": -4,
            "eps_4q": 0.38,
            "eps_4q_growth_year": -47.2,
            "roe": 6.49,
            "roe_4q": 3.34,
            "gross_profit": 81618,
            "gross_margin": 20.19,
            "gross_margin_4q_avg": 8.38,
            "net_income": 58955,
            "revenue": 404183,
            "common_shares": 815661,
            "book_valuer_per_share": 11.42,
            "book_valuer_per_share_4q_avg": 10.94,
            "equity": 945726,
            "current_ratio": 202.73,
            "debt_ratio": 44.48,
            "inventory_turnover_ratio": 0.39,
            "account_receivable_turnover_ratio": null,
            "reinvestment_rate": null,
            "research_to_sale_ratio": null,
            "price_fair": 0,
            "eps_avg_yearly": 0,
            "eps_latest_yearly": 0,
            "eps_growth_yearly": 0
        },
        "20031": {
            "year_quarter": 20031,
            "year": 2003,
            "quarter": 1,
            "eps": -0.2,
            "eps_growth_year": null,
            "eps_4q": 0.39,
            "eps_4q_growth_year": -47.33,
            "roe": -1.78,
            "roe_4q": 3.57,
            "gross_profit": -519,
            "gross_margin": -140.27,
            "gross_margin_4q_avg": -26.22,
            "net_income": -16542,
            "revenue": 370,
            "common_shares": 815661,
            "book_valuer_per_share": 11.21,
            "book_valuer_per_share_4q_avg": 11.04,
            "equity": 914674,
            "current_ratio": 247.64,
            "debt_ratio": 32.43,
            "inventory_turnover_ratio": 0,
            "account_receivable_turnover_ratio": null,
            "reinvestment_rate": null,
            "research_to_sale_ratio": null,
            "price_fair": 0,
            "eps_avg_yearly": 0,
            "eps_latest_yearly": 0,
            "eps_growth_yearly": 0
        },
        "20032": {
            "year_quarter": 20032,
            "year": 2003,
            "quarter": 2,
            "eps": -0.15,
            "eps_growth_year": -850,
            "eps_4q": 0.24,
            "eps_4q_growth_year": -32.34,
            "roe": -1.32,
            "roe_4q": 2.1100000000000003,
            "gross_profit": 16210,
            "gross_margin": 18.13,
            "gross_margin_4q_avg": -24.37,
            "net_income": -11951,
            "revenue": 89392,
            "common_shares": 815661,
            "book_valuer_per_share": 11.06,
            "book_valuer_per_share_4q_avg": 11.1,
            "equity": 902445,
            "current_ratio": 220.11,
            "debt_ratio": 37.09,
            "inventory_turnover_ratio": 0.09,
            "account_receivable_turnover_ratio": null,
            "reinvestment_rate": null,
            "research_to_sale_ratio": null,
            "price_fair": 0,
            "eps_avg_yearly": 0,
            "eps_latest_yearly": 0,
            "eps_growth_yearly": 0
        },
        "20033": {
            "year_quarter": 20033,
            "year": 2003,
            "quarter": 3,
            "eps": -0.06,
            "eps_growth_year": null,
            "eps_4q": 0.31,
            "eps_4q_growth_year": -22.78,
            "roe": -0.54,
            "roe_4q": 2.85,
            "gross_profit": 4751,
            "gross_margin": 17.12,
            "gross_margin_4q_avg": -21.21,
            "net_income": -4882,
            "revenue": 27745,
            "common_shares": 815661,
            "book_valuer_per_share": 11,
            "book_valuer_per_share_4q_avg": 11.17,
            "equity": 897563,
            "current_ratio": 208.9,
            "debt_ratio": 39.29,
            "inventory_turnover_ratio": 0.03,
            "account_receivable_turnover_ratio": null,
            "reinvestment_rate": null,
            "research_to_sale_ratio": null,
            "price_fair": 0,
            "eps_avg_yearly": 0,
            "eps_latest_yearly": 0,
            "eps_growth_yearly": 0
        },
        "20034": {
            "year_quarter": 20034,
            "year": 2003,
            "quarter": 4,
            "eps": 0.8,
            "eps_growth_year": 11.11,
            "eps_4q": 0.39,
            "eps_4q_growth_year": 3.84,
            "roe": 6.98,
            "roe_4q": 3.34,
            "gross_profit": 91942,
            "gross_margin": 20.73,
            "gross_margin_4q_avg": -21.07,
            "net_income": 65400,
            "revenue": 443449,
            "common_shares": 815661,
            "book_valuer_per_share": 11.81,
            "book_valuer_per_share_4q_avg": 11.27,
            "equity": 977267,
            "current_ratio": 172.44,
            "debt_ratio": 52.37,
            "inventory_turnover_ratio": 0.37,
            "account_receivable_turnover_ratio": null,
            "reinvestment_rate": 39.56,
            "research_to_sale_ratio": null,
            "price_fair": 0,
            "eps_avg_yearly": 0,
            "eps_latest_yearly": 0,
            "eps_growth_yearly": 0
        },
        "20041": {
            "year_quarter": 20041,
            "year": 2004,
            "quarter": 1,
            "eps": -0.19,
            "eps_growth_year": null,
            "eps_4q": 0.4,
            "eps_4q_growth_year": 1.75,
            "roe": -1.63,
            "roe_4q": 3.49,
            "gross_profit": 149,
            "gross_margin": 34.41,
            "gross_margin_4q_avg": 22.6,
            "net_income": -15661,
            "revenue": 433,
            "common_shares": 815661,
            "book_valuer_per_share": 11.61,
            "book_valuer_per_share_4q_avg": 11.37,
            "equity": 947302,
            "current_ratio": 151.86,
            "debt_ratio": 56.85,
            "inventory_turnover_ratio": 0,
            "account_receivable_turnover_ratio": null,
            "reinvestment_rate": 43.67,
            "research_to_sale_ratio": null,
            "price_fair": 0,
            "eps_avg_yearly": 0,
            "eps_latest_yearly": 0,
            "eps_growth_yearly": 0
        },
        "20042": {
            "year_quarter": 20042,
            "year": 2004,
            "quarter": 2,
            "eps": -0.46,
            "eps_growth_year": null,
            "eps_4q": 0.09,
            "eps_4q_growth_year": -61.88,
            "roe": -4.04,
            "roe_4q": 0.7700000000000005,
            "gross_profit": -690,
            "gross_margin": 357.51,
            "gross_margin_4q_avg": 107.44,
            "net_income": -37527,
            "revenue": -193,
            "common_shares": 815661,
            "book_valuer_per_share": 11.15,
            "book_valuer_per_share_4q_avg": 11.39,
            "equity": 909488,
            "current_ratio": 135.45,
            "debt_ratio": 65.24,
            "inventory_turnover_ratio": 0,
            "account_receivable_turnover_ratio": null,
            "reinvestment_rate": 51.67,
            "research_to_sale_ratio": null,
            "price_fair": 0,
            "eps_avg_yearly": 0,
            "eps_latest_yearly": 0,
            "eps_growth_yearly": 0
        },
        "20043": {
            "year_quarter": 20043,
            "year": 2004,
            "quarter": 3,
            "eps": -0.04,
            "eps_growth_year": null,
            "eps_4q": 0.11,
            "eps_4q_growth_year": -66.09,
            "roe": -0.39,
            "roe_4q": 0.9200000000000008,
            "gross_profit": 26269,
            "gross_margin": 28.19,
            "gross_margin_4q_avg": 110.21,
            "net_income": -3538,
            "revenue": 93182,
            "common_shares": 815661,
            "book_valuer_per_share": 11.11,
            "book_valuer_per_share_4q_avg": 11.42,
            "equity": 905949,
            "current_ratio": 131.59,
            "debt_ratio": 68.07,
            "inventory_turnover_ratio": 0.03,
            "account_receivable_turnover_ratio": null,
            "reinvestment_rate": 71.09,
            "research_to_sale_ratio": null,
            "price_fair": 0,
            "eps_avg_yearly": 0,
            "eps_latest_yearly": 0,
            "eps_growth_yearly": 0
        },
        "20044": {
            "year_quarter": 20044,
            "year": 2004,
            "quarter": 4,
            "eps": 6.24,
            "eps_growth_year": 680,
            "eps_4q": 5.54,
            "eps_4q_growth_year": 1315.39,
            "roe": 43.62,
            "roe_4q": 37.559999999999995,
            "gross_profit": 669549,
            "gross_margin": 31.6,
            "gross_margin_4q_avg": 112.93,
            "net_income": 509081,
            "revenue": 2118959,
            "common_shares": 815661,
            "book_valuer_per_share": 17.35,
            "book_valuer_per_share_4q_avg": 12.81,
            "equity": 1428225,
            "current_ratio": 147.66,
            "debt_ratio": 64.07,
            "inventory_turnover_ratio": 0.72,
            "account_receivable_turnover_ratio": null,
            "reinvestment_rate": 14.08,
            "research_to_sale_ratio": null,
            "price_fair": 0,
            "eps_avg_yearly": 0,
            "eps_latest_yearly": 0,
            "eps_growth_yearly": 0
        },
        "20051": {
            "year_quarter": 20051,
            "year": 2005,
            "quarter": 1,
            "eps": 0.31,
            "eps_growth_year": null,
            "eps_4q": 5.97,
            "eps_4q_growth_year": 1395.01,
            "roe": 1.79,
            "roe_4q": 40.98,
            "gross_profit": 71929,
            "gross_margin": 30.69,
            "gross_margin_4q_avg": 112,
            "net_income": 25641,
            "revenue": 234390,
            "common_shares": 815661,
            "book_valuer_per_share": 17.66,
            "book_valuer_per_share_4q_avg": 14.32,
            "equity": 1440672,
            "current_ratio": 153.76,
            "debt_ratio": 60.04,
            "inventory_turnover_ratio": 0.07,
            "account_receivable_turnover_ratio": null,
            "reinvestment_rate": 10.88,
            "research_to_sale_ratio": null,
            "price_fair": 3.72,
            "eps_avg_yearly": 1.24,
            "eps_latest_yearly": 1.24,
            "eps_growth_yearly": -380.13
        },
        "20052": {
            "year_quarter": 20052,
            "year": 2005,
            "quarter": 2,
            "eps": 0.47,
            "eps_growth_year": null,
            "eps_4q": 7.04,
            "eps_4q_growth_year": 7735.71,
            "roe": 2.61,
            "roe_4q": 47.629999999999995,
            "gross_profit": 73991,
            "gross_margin": 30,
            "gross_margin_4q_avg": 30.12,
            "net_income": 37990,
            "revenue": 246670,
            "common_shares": 815661,
            "book_valuer_per_share": 18.08,
            "book_valuer_per_share_4q_avg": 16.05,
            "equity": 1474590,
            "current_ratio": 136.05,
            "debt_ratio": 68.94,
            "inventory_turnover_ratio": 0.05,
            "account_receivable_turnover_ratio": null,
            "reinvestment_rate": 13.06,
            "research_to_sale_ratio": null,
            "price_fair": 4.68,
            "eps_avg_yearly": 1.56,
            "eps_latest_yearly": 1.88,
            "eps_growth_yearly": -86.84
        },
        "20053": {
            "year_quarter": 20053,
            "year": 2005,
            "quarter": 3,
            "eps": -0.23,
            "eps_growth_year": null,
            "eps_4q": 4.09,
            "eps_4q_growth_year": 3745.33,
            "roe": -2.1,
            "roe_4q": 45.919999999999995,
            "gross_profit": 6379,
            "gross_margin": 27.13,
            "gross_margin_4q_avg": 29.86,
            "net_income": -30704,
            "revenue": 23509,
            "common_shares": 1325449,
            "book_valuer_per_share": 10.89,
            "book_valuer_per_share_4q_avg": 16,
            "equity": 1443886,
            "current_ratio": 131.34,
            "debt_ratio": 71.68,
            "inventory_turnover_ratio": 0,
            "account_receivable_turnover_ratio": null,
            "reinvestment_rate": 14.91,
            "research_to_sale_ratio": null,
            "price_fair": 4.68,
            "eps_avg_yearly": 1.56,
            "eps_latest_yearly": 1.88,
            "eps_growth_yearly": -86.84
        },
        "20054": {
            "year_quarter": 20054,
            "year": 2005,
            "quarter": 4,
            "eps": 4.33,
            "eps_growth_year": -30.61,
            "eps_4q": 4.58,
            "eps_4q_growth_year": -17.43,
            "roe": 33.06,
            "roe_4q": 35.36,
            "gross_profit": 742800,
            "gross_margin": 33.7,
            "gross_margin_4q_avg": 30.38,
            "net_income": 574266,
            "revenue": 2204011,
            "common_shares": 1325449,
            "book_valuer_per_share": 15.23,
            "book_valuer_per_share_4q_avg": 15.47,
            "equity": 2030565,
            "current_ratio": 136.25,
            "debt_ratio": 70.93,
            "inventory_turnover_ratio": 0.37,
            "account_receivable_turnover_ratio": null,
            "reinvestment_rate": 11.13,
            "research_to_sale_ratio": null,
            "price_fair": 4.68,
            "eps_avg_yearly": 1.56,
            "eps_latest_yearly": 1.88,
            "eps_growth_yearly": -86.84
        },
        "20061": {
            "year_quarter": 20061,
            "year": 2006,
            "quarter": 1,
            "eps": -0.21,
            "eps_growth_year": -167.74,
            "eps_4q": 4.28,
            "eps_4q_growth_year": -28.24,
            "roe": -1.35,
            "roe_4q": 32.22,
            "gross_profit": 39624,
            "gross_margin": 14.51,
            "gross_margin_4q_avg": 26.34,
            "net_income": -27182,
            "revenue": 273116,
            "common_shares": 1325449,
            "book_valuer_per_share": 15.02,
            "book_valuer_per_share_4q_avg": 14.81,
            "equity": 1990970,
            "current_ratio": 135.56,
            "debt_ratio": 70.51,
            "inventory_turnover_ratio": 0.06,
            "account_receivable_turnover_ratio": null,
            "reinvestment_rate": 11.74,
            "research_to_sale_ratio": null,
            "price_fair": 4.68,
            "eps_avg_yearly": 1.56,
            "eps_latest_yearly": 1.88,
            "eps_growth_yearly": -86.84
        },
        "20062": {
            "year_quarter": 20062,
            "year": 2006,
            "quarter": 2,
            "eps": 0.43,
            "eps_growth_year": -8.51,
            "eps_4q": 4.37,
            "eps_4q_growth_year": -37.93,
            "roe": 2.79,
            "roe_4q": 32.4,
            "gross_profit": 115626,
            "gross_margin": 34.71,
            "gross_margin_4q_avg": 27.51,
            "net_income": 56342,
            "revenue": 333101,
            "common_shares": 1325449,
            "book_valuer_per_share": 15.4,
            "book_valuer_per_share_4q_avg": 14.14,
            "equity": 2041847,
            "current_ratio": 132.34,
            "debt_ratio": 72.5,
            "inventory_turnover_ratio": 0.05,
            "account_receivable_turnover_ratio": null,
            "reinvestment_rate": 11.91,
            "research_to_sale_ratio": null,
            "price_fair": 4.68,
            "eps_avg_yearly": 1.56,
            "eps_latest_yearly": 1.88,
            "eps_growth_yearly": -86.84
        },
        "20063": {
            "year_quarter": 20063,
            "year": 2006,
            "quarter": 3,
            "eps": 0.18,
            "eps_growth_year": null,
            "eps_4q": 3.35,
            "eps_4q_growth_year": -18.18,
            "roe": 1.67,
            "roe_4q": 36.17,
            "gross_profit": 88678,
            "gross_margin": 28.03,
            "gross_margin_4q_avg": 27.74,
            "net_income": 34307,
            "revenue": 316321,
            "common_shares": 1866232,
            "book_valuer_per_share": 11.12,
            "book_valuer_per_share_4q_avg": 14.19,
            "equity": 2076154,
            "current_ratio": 127.42,
            "debt_ratio": 75.69,
            "inventory_turnover_ratio": 0.04,
            "account_receivable_turnover_ratio": null,
            "reinvestment_rate": 11.67,
            "research_to_sale_ratio": null,
            "price_fair": 3.84,
            "eps_avg_yearly": 1.28,
            "eps_latest_yearly": 0.72,
            "eps_growth_yearly": -135.41
        },
        "20064": {
            "year_quarter": 20064,
            "year": 2006,
            "quarter": 4,
            "eps": 6.04,
            "eps_growth_year": 39.49,
            "eps_4q": 6.38,
            "eps_4q_growth_year": 39.35,
            "roe": 42.67,
            "roe_4q": 45.78,
            "gross_profit": 1684545,
            "gross_margin": 37.51,
            "gross_margin_4q_avg": 28.69,
            "net_income": 1127972,
            "revenue": 4491004,
            "common_shares": 1866232,
            "book_valuer_per_share": 17.15,
            "book_valuer_per_share_4q_avg": 14.67,
            "equity": 3210354,
            "current_ratio": 126.25,
            "debt_ratio": 75.7,
            "inventory_turnover_ratio": 0.45,
            "account_receivable_turnover_ratio": null,
            "reinvestment_rate": 17.59,
            "research_to_sale_ratio": null,
            "price_fair": 245,
            "eps_avg_yearly": 7,
            "eps_latest_yearly": 24.16,
            "eps_growth_yearly": 3154
        },
        "20071": {
            "year_quarter": 20071,
            "year": 2007,
            "quarter": 1,
            "eps": 1.93,
            "eps_growth_year": null,
            "eps_4q": 8.45,
            "eps_4q_growth_year": 97.2,
            "roe": 10.66,
            "roe_4q": 57.79,
            "gross_profit": 512825,
            "gross_margin": 35.39,
            "gross_margin_4q_avg": 33.91,
            "net_income": 360957,
            "revenue": 1449257,
            "common_shares": 1866232,
            "book_valuer_per_share": 19.08,
            "book_valuer_per_share_4q_avg": 15.69,
            "equity": 3561192,
            "current_ratio": 129.89,
            "debt_ratio": 73.22,
            "inventory_turnover_ratio": 0.14,
            "account_receivable_turnover_ratio": null,
            "reinvestment_rate": 15.5,
            "research_to_sale_ratio": null,
            "price_fair": 250.04,
            "eps_avg_yearly": 7.14,
            "eps_latest_yearly": 7.72,
            "eps_growth_yearly": 2468.76
        },
        "20072": {
            "year_quarter": 20072,
            "year": 2007,
            "quarter": 2,
            "eps": 1.91,
            "eps_growth_year": 344.19,
            "eps_4q": 10.09,
            "eps_4q_growth_year": 130.85,
            "roe": 9.53,
            "roe_4q": 64.53,
            "gross_profit": 466884,
            "gross_margin": 36.91,
            "gross_margin_4q_avg": 34.46,
            "net_income": 355643,
            "revenue": 1264884,
            "common_shares": 1866232,
            "book_valuer_per_share": 20.93,
            "book_valuer_per_share_4q_avg": 17.07,
            "equity": 3906152,
            "current_ratio": 144.81,
            "debt_ratio": 64.5,
            "inventory_turnover_ratio": 0.11,
            "account_receivable_turnover_ratio": null,
            "reinvestment_rate": 14.31,
            "research_to_sale_ratio": null,
            "price_fair": 252.93,
            "eps_avg_yearly": 7.23,
            "eps_latest_yearly": 7.64,
            "eps_growth_yearly": 2056.61
        },
        "20073": {
            "year_quarter": 20073,
            "year": 2007,
            "quarter": 3,
            "eps": 1.57,
            "eps_growth_year": 772.22,
            "eps_4q": 8.18,
            "eps_4q_growth_year": 144.43,
            "roe": 10.62,
            "roe_4q": 73.48,
            "gross_profit": 561834,
            "gross_margin": 39.58,
            "gross_margin_4q_avg": 37.35,
            "net_income": 438210,
            "revenue": 1419621,
            "common_shares": 2799349,
            "book_valuer_per_share": 15.52,
            "book_valuer_per_share_4q_avg": 18.17,
            "equity": 4344362,
            "current_ratio": 153.78,
            "debt_ratio": 59.64,
            "inventory_turnover_ratio": 0.1,
            "account_receivable_turnover_ratio": null,
            "reinvestment_rate": 11.64,
            "research_to_sale_ratio": null,
            "price_fair": 248.2,
            "eps_avg_yearly": 7.09,
            "eps_latest_yearly": 6.28,
            "eps_growth_yearly": 1752.64
        },
        "20074": {
            "year_quarter": 20074,
            "year": 2007,
            "quarter": 4,
            "eps": 1.94,
            "eps_growth_year": -67.88,
            "eps_4q": 6.07,
            "eps_4q_growth_year": -4.9,
            "roe": 11.74,
            "roe_4q": 42.55,
            "gross_profit": 725254,
            "gross_margin": 37.73,
            "gross_margin_4q_avg": 37.4,
            "net_income": 542802,
            "revenue": 1922429,
            "common_shares": 2799348,
            "book_valuer_per_share": 17.46,
            "book_valuer_per_share_4q_avg": 18.25,
            "equity": 4898908,
            "current_ratio": 162.34,
            "debt_ratio": 57.72,
            "inventory_turnover_ratio": 0.14,
            "account_receivable_turnover_ratio": null,
            "reinvestment_rate": 10.9,
            "research_to_sale_ratio": null,
            "price_fair": 251.13,
            "eps_avg_yearly": 7.18,
            "eps_latest_yearly": 7.76,
            "eps_growth_yearly": 1545.34
        },
        "20081": {
            "year_quarter": 20081,
            "year": 2008,
            "quarter": 1,
            "eps": 0.25,
            "eps_growth_year": -87.05,
            "eps_4q": 5.17,
            "eps_4q_growth_year": -38.77,
            "roe": 1.38,
            "roe_4q": 33.27,
            "gross_profit": 181148,
            "gross_margin": 34.66,
            "gross_margin_4q_avg": 37.22,
            "net_income": 67989,
            "revenue": 522663,
            "common_shares": 2799348,
            "book_valuer_per_share": 17.7,
            "book_valuer_per_share_4q_avg": 17.9,
            "equity": 4964777,
            "current_ratio": 154.71,
            "debt_ratio": 60.75,
            "inventory_turnover_ratio": 0.04,
            "account_receivable_turnover_ratio": null,
            "reinvestment_rate": 11.57,
            "research_to_sale_ratio": null,
            "price_fair": 227.11,
            "eps_avg_yearly": 6.49,
            "eps_latest_yearly": 1,
            "eps_growth_yearly": 1334.92
        },
        "20082": {
            "year_quarter": 20082,
            "year": 2008,
            "quarter": 2,
            "eps": 1.34,
            "eps_growth_year": -29.84,
            "eps_4q": 4.47,
            "eps_4q_growth_year": -55.68,
            "roe": 9.17,
            "roe_4q": 32.91,
            "gross_profit": 629755,
            "gross_margin": 34.88,
            "gross_margin_4q_avg": 36.71,
            "net_income": 449531,
            "revenue": 1805321,
            "common_shares": 2799348,
            "book_valuer_per_share": 17.25,
            "book_valuer_per_share_4q_avg": 16.98,
            "equity": 4839134,
            "current_ratio": 152.11,
            "debt_ratio": 63.28,
            "inventory_turnover_ratio": 0.13,
            "account_receivable_turnover_ratio": null,
            "reinvestment_rate": -1.31,
            "research_to_sale_ratio": null,
            "price_fair": 223.16,
            "eps_avg_yearly": 6.38,
            "eps_latest_yearly": 5.36,
            "eps_growth_yearly": 1375.83
        },
        "20083": {
            "year_quarter": 20083,
            "year": 2008,
            "quarter": 3,
            "eps": 0.16,
            "eps_growth_year": -89.81,
            "eps_4q": 3.41,
            "eps_4q_growth_year": -58.3,
            "roe": 1.07,
            "roe_4q": 23.36,
            "gross_profit": 161566,
            "gross_margin": 34.86,
            "gross_margin_4q_avg": 35.53,
            "net_income": 52300,
            "revenue": 463533,
            "common_shares": 3359218,
            "book_valuer_per_share": 14.54,
            "book_valuer_per_share_4q_avg": 16.74,
            "equity": 4893345,
            "current_ratio": 148.89,
            "debt_ratio": 64.46,
            "inventory_turnover_ratio": 0.03,
            "account_receivable_turnover_ratio": null,
            "reinvestment_rate": -1.32,
            "research_to_sale_ratio": null,
            "price_fair": 204.91,
            "eps_avg_yearly": 5.85,
            "eps_latest_yearly": 0.64,
            "eps_growth_yearly": 1218.73
        },
        "20084": {
            "year_quarter": 20084,
            "year": 2008,
            "quarter": 4,
            "eps": 0.22,
            "eps_growth_year": -88.66,
            "eps_4q": 1.93,
            "eps_4q_growth_year": -68.24,
            "roe": 1.49,
            "roe_4q": 13.11,
            "gross_profit": 135532,
            "gross_margin": 35.83,
            "gross_margin_4q_avg": 35.06,
            "net_income": 73621,
            "revenue": 378262,
            "common_shares": 3359218,
            "book_valuer_per_share": 14.76,
            "book_valuer_per_share_4q_avg": 16.06,
            "equity": 4968782,
            "current_ratio": 147.87,
            "debt_ratio": 65.08,
            "inventory_turnover_ratio": 0.02,
            "account_receivable_turnover_ratio": 27.1,
            "reinvestment_rate": -1.51,
            "research_to_sale_ratio": null,
            "price_fair": 190.4,
            "eps_avg_yearly": 5.44,
            "eps_latest_yearly": 0.88,
            "eps_growth_yearly": 1129.67
        },
        "20091": {
            "year_quarter": 20091,
            "year": 2009,
            "quarter": 1,
            "eps": 0.18,
            "eps_growth_year": -28,
            "eps_4q": 1.9,
            "eps_4q_growth_year": -63.29,
            "roe": 1.21,
            "roe_4q": 12.940000000000001,
            "gross_profit": 132599,
            "gross_margin": 36.39,
            "gross_margin_4q_avg": 35.49,
            "net_income": 60353,
            "revenue": 364367,
            "common_shares": 3359218,
            "book_valuer_per_share": 14.95,
            "book_valuer_per_share_4q_avg": 15.38,
            "equity": 5029995,
            "current_ratio": 152.51,
            "debt_ratio": 63,
            "inventory_turnover_ratio": 0.02,
            "account_receivable_turnover_ratio": 1.21,
            "reinvestment_rate": -1.51,
            "research_to_sale_ratio": null,
            "price_fair": 188.88,
            "eps_avg_yearly": 5.4,
            "eps_latest_yearly": 0.72,
            "eps_growth_yearly": 1155.29
        },
        "20092": {
            "year_quarter": 20092,
            "year": 2009,
            "quarter": 2,
            "eps": 0.02,
            "eps_growth_year": -98.51,
            "eps_4q": 0.65,
            "eps_4q_growth_year": -85.41,
            "roe": 0.12,
            "roe_4q": 3.8900000000000006,
            "gross_profit": 103873,
            "gross_margin": 29.07,
            "gross_margin_4q_avg": 34.04,
            "net_income": 5965,
            "revenue": 357362,
            "common_shares": 3359218,
            "book_valuer_per_share": 14.97,
            "book_valuer_per_share_4q_avg": 14.81,
            "equity": 5035121,
            "current_ratio": 150.31,
            "debt_ratio": 64.29,
            "inventory_turnover_ratio": 0.02,
            "account_receivable_turnover_ratio": 1.01,
            "reinvestment_rate": -2.94,
            "research_to_sale_ratio": null,
            "price_fair": 183.63,
            "eps_avg_yearly": 5.25,
            "eps_latest_yearly": 0.08,
            "eps_growth_yearly": 1108.45
        },
        "20093": {
            "year_quarter": 20093,
            "year": 2009,
            "quarter": 3,
            "eps": 0.45,
            "eps_growth_year": 181.25,
            "eps_4q": 0.83,
            "eps_4q_growth_year": -75.57,
            "roe": 3.26,
            "roe_4q": 6.08,
            "gross_profit": 267708,
            "gross_margin": 20.39,
            "gross_margin_4q_avg": 30.42,
            "net_income": 167108,
            "revenue": 1312784,
            "common_shares": 3695140,
            "book_valuer_per_share": 14.06,
            "book_valuer_per_share_4q_avg": 14.69,
            "equity": 5201553,
            "current_ratio": 148.89,
            "debt_ratio": 64.95,
            "inventory_turnover_ratio": 0.09,
            "account_receivable_turnover_ratio": 16.74,
            "reinvestment_rate": -3.06,
            "research_to_sale_ratio": null,
            "price_fair": 174.35,
            "eps_avg_yearly": 4.98,
            "eps_latest_yearly": 1.8,
            "eps_growth_yearly": 1684.72
        },
        "20094": {
            "year_quarter": 20094,
            "year": 2009,
            "quarter": 4,
            "eps": 0.79,
            "eps_growth_year": 259.09,
            "eps_4q": 1.43,
            "eps_4q_growth_year": -25.99,
            "roe": 5.44,
            "roe_4q": 10.029999999999998,
            "gross_profit": 386523,
            "gross_margin": 42.77,
            "gross_margin_4q_avg": 32.16,
            "net_income": 290935,
            "revenue": 903809,
            "common_shares": 3695140,
            "book_valuer_per_share": 14.84,
            "book_valuer_per_share_4q_avg": 14.71,
            "equity": 5490462,
            "current_ratio": 148.62,
            "debt_ratio": 65.29,
            "inventory_turnover_ratio": 0.04,
            "account_receivable_turnover_ratio": 59.68,
            "reinvestment_rate": -1.79,
            "research_to_sale_ratio": null,
            "price_fair": 169.8,
            "eps_avg_yearly": 4.85,
            "eps_latest_yearly": 3.16,
            "eps_growth_yearly": 1585.97
        },
        "20101": {
            "year_quarter": 20101,
            "year": 2010,
            "quarter": 1,
            "eps": 0.89,
            "eps_growth_year": 394.44,
            "eps_4q": 2.15,
            "eps_4q_growth_year": 13.18,
            "roe": 5.81,
            "roe_4q": 14.629999999999999,
            "gross_profit": 414947,
            "gross_margin": 39.12,
            "gross_margin_4q_avg": 32.84,
            "net_income": 328792,
            "revenue": 1060732,
            "common_shares": 3695140,
            "book_valuer_per_share": 15.73,
            "book_valuer_per_share_4q_avg": 14.9,
            "equity": 5820374,
            "current_ratio": 145.92,
            "debt_ratio": 66.61,
            "inventory_turnover_ratio": 0.05,
            "account_receivable_turnover_ratio": 20.81,
            "reinvestment_rate": -2.19,
            "research_to_sale_ratio": null,
            "price_fair": 166.79,
            "eps_avg_yearly": 4.77,
            "eps_latest_yearly": 3.56,
            "eps_growth_yearly": 1483.62
        },
        "20102": {
            "year_quarter": 20102,
            "year": 2010,
            "quarter": 2,
            "eps": 0.43,
            "eps_growth_year": 2066.63,
            "eps_4q": 2.37,
            "eps_4q_growth_year": 263.11,
            "roe": 2.95,
            "roe_4q": 17.46,
            "gross_profit": 312868,
            "gross_margin": 50.38,
            "gross_margin_4q_avg": 38.17,
            "net_income": 174546,
            "revenue": 621052,
            "common_shares": 3695140,
            "book_valuer_per_share": 16.21,
            "book_valuer_per_share_4q_avg": 15.21,
            "equity": 5994937,
            "current_ratio": 152.58,
            "debt_ratio": 63.56,
            "inventory_turnover_ratio": 0.02,
            "account_receivable_turnover_ratio": 10.23,
            "reinvestment_rate": -2.54,
            "research_to_sale_ratio": null,
            "price_fair": 160.13,
            "eps_avg_yearly": 4.58,
            "eps_latest_yearly": 1.72,
            "eps_growth_yearly": 1377.97
        },
        "20103": {
            "year_quarter": 20103,
            "year": 2010,
            "quarter": 3,
            "eps": 0.3,
            "eps_growth_year": -34.05,
            "eps_4q": 2.25,
            "eps_4q_growth_year": 170.27,
            "roe": 1.94,
            "roe_4q": 16.14,
            "gross_profit": 199509,
            "gross_margin": 49.87,
            "gross_margin_4q_avg": 45.54,
            "net_income": 117724,
            "revenue": 400028,
            "common_shares": 4064654,
            "book_valuer_per_share": 15.03,
            "book_valuer_per_share_4q_avg": 15.45,
            "equity": 6112620,
            "current_ratio": 149.72,
            "debt_ratio": 64.89,
            "inventory_turnover_ratio": 0.02,
            "account_receivable_turnover_ratio": 13.68,
            "reinvestment_rate": -2.96,
            "research_to_sale_ratio": null,
            "price_fair": 161.18,
            "eps_avg_yearly": 4.61,
            "eps_latest_yearly": 1.2,
            "eps_growth_yearly": 1384.95
        },
        "20104": {
            "year_quarter": 20104,
            "year": 2010,
            "quarter": 4,
            "eps": 0.31,
            "eps_growth_year": -60.55,
            "eps_4q": 1.85,
            "eps_4q_growth_year": 29.67,
            "roe": 2.04,
            "roe_4q": 12.739999999999998,
            "gross_profit": 190412,
            "gross_margin": 40.77,
            "gross_margin_4q_avg": 45.04,
            "net_income": 125748,
            "revenue": 467061,
            "common_shares": 4064654,
            "book_valuer_per_share": 15.34,
            "book_valuer_per_share_4q_avg": 15.58,
            "equity": 6237462,
            "current_ratio": 150.45,
            "debt_ratio": 64.57,
            "inventory_turnover_ratio": 0.02,
            "account_receivable_turnover_ratio": 39.51,
            "reinvestment_rate": -13,
            "research_to_sale_ratio": null,
            "price_fair": 111.04,
            "eps_avg_yearly": 3.17,
            "eps_latest_yearly": 1.24,
            "eps_growth_yearly": 571.89
        },
        "20111": {
            "year_quarter": 20111,
            "year": 2011,
            "quarter": 1,
            "eps": 0.77,
            "eps_growth_year": -13.48,
            "eps_4q": 1.81,
            "eps_4q_growth_year": -15.57,
            "roe": 4.91,
            "roe_4q": 11.84,
            "gross_profit": 715392,
            "gross_margin": 56.18,
            "gross_margin_4q_avg": 49.3,
            "net_income": 313749,
            "revenue": 1273412,
            "common_shares": 4064654,
            "book_valuer_per_share": 16.11,
            "book_valuer_per_share_4q_avg": 15.67,
            "equity": 6551223,
            "current_ratio": 152.24,
            "debt_ratio": 63.68,
            "inventory_turnover_ratio": 0.04,
            "account_receivable_turnover_ratio": 112.22,
            "reinvestment_rate": -13.73,
            "research_to_sale_ratio": null,
            "price_fair": 100.89,
            "eps_avg_yearly": 2.88,
            "eps_latest_yearly": 3.08,
            "eps_growth_yearly": 626
        },
        "20112": {
            "year_quarter": 20112,
            "year": 2011,
            "quarter": 2,
            "eps": 0.9,
            "eps_growth_year": 108.23,
            "eps_4q": 2.1,
            "eps_4q_growth_year": -11.2,
            "roe": 6.25,
            "roe_4q": 15.139999999999999,
            "gross_profit": 647494,
            "gross_margin": 29.28,
            "gross_margin_4q_avg": 44.03,
            "net_income": 422545,
            "revenue": 2211303,
            "common_shares": 4064654,
            "book_valuer_per_share": 17.15,
            "book_valuer_per_share_4q_avg": 15.91,
            "equity": 6973738,
            "current_ratio": 156.11,
            "debt_ratio": 62.41,
            "inventory_turnover_ratio": 0.1,
            "account_receivable_turnover_ratio": 85.01,
            "reinvestment_rate": -13.92,
            "research_to_sale_ratio": null,
            "price_fair": 92.05,
            "eps_avg_yearly": 2.63,
            "eps_latest_yearly": 3.6,
            "eps_growth_yearly": 630.48
        },
        "20113": {
            "year_quarter": 20113,
            "year": 2011,
            "quarter": 3,
            "eps": 0.14,
            "eps_growth_year": -53.03,
            "eps_4q": 1.98,
            "eps_4q_growth_year": -11.89,
            "roe": 0.93,
            "roe_4q": 14.129999999999999,
            "gross_profit": 253687,
            "gross_margin": 36.8,
            "gross_margin_4q_avg": 40.76,
            "net_income": 64879,
            "revenue": 689458,
            "common_shares": 4674352,
            "book_valuer_per_share": 15.05,
            "book_valuer_per_share_4q_avg": 15.91,
            "equity": 7034946,
            "current_ratio": 156.92,
            "debt_ratio": 63.95,
            "inventory_turnover_ratio": 0.03,
            "account_receivable_turnover_ratio": 18.4,
            "reinvestment_rate": 8.62,
            "research_to_sale_ratio": null,
            "price_fair": 79.54,
            "eps_avg_yearly": 2.27,
            "eps_latest_yearly": 0.56,
            "eps_growth_yearly": 613.82
        },
        "20114": {
            "year_quarter": 20114,
            "year": 2011,
            "quarter": 4,
            "eps": 0.34,
            "eps_growth_year": 10.67,
            "eps_4q": 2.06,
            "eps_4q_growth_year": 11.3,
            "roe": 2.24,
            "roe_4q": 14.33,
            "gross_profit": 423962,
            "gross_margin": 43.28,
            "gross_margin_4q_avg": 41.39,
            "net_income": 159596,
            "revenue": 979539,
            "common_shares": 4674352,
            "book_valuer_per_share": 15.38,
            "book_valuer_per_share_4q_avg": 15.92,
            "equity": 7189892,
            "current_ratio": 158.47,
            "debt_ratio": 63.34,
            "inventory_turnover_ratio": 0.03,
            "account_receivable_turnover_ratio": 15.25,
            "reinvestment_rate": 7.82,
            "research_to_sale_ratio": null,
            "price_fair": 65.54,
            "eps_avg_yearly": 1.87,
            "eps_latest_yearly": 1.36,
            "eps_growth_yearly": 643.64
        },
        "20121": {
            "year_quarter": 20121,
            "year": 2012,
            "quarter": 1,
            "eps": 0.29,
            "eps_growth_year": -62.34,
            "eps_4q": 1.68,
            "eps_4q_growth_year": -7.59,
            "roe": 1.87,
            "roe_4q": 11.29,
            "gross_profit": 310973,
            "gross_margin": 49.55,
            "gross_margin_4q_avg": 39.73,
            "net_income": 135270,
            "revenue": 627615,
            "common_shares": 4674352,
            "book_valuer_per_share": 15.63,
            "book_valuer_per_share_4q_avg": 15.8,
            "equity": 7305816,
            "current_ratio": 170.73,
            "debt_ratio": 59.07,
            "inventory_turnover_ratio": 0.02,
            "account_receivable_turnover_ratio": 8.82,
            "reinvestment_rate": 5.77,
            "research_to_sale_ratio": null,
            "price_fair": 65.89,
            "eps_avg_yearly": 1.88,
            "eps_latest_yearly": 1.16,
            "eps_growth_yearly": 661.74
        },
        "20122": {
            "year_quarter": 20122,
            "year": 2012,
            "quarter": 2,
            "eps": -0.01,
            "eps_growth_year": -101.3,
            "eps_4q": 0.63,
            "eps_4q_growth_year": -69.88,
            "roe": -0.17,
            "roe_4q": 4.87,
            "gross_profit": 123318,
            "gross_margin": 51.88,
            "gross_margin_4q_avg": 45.38,
            "net_income": -13204,
            "revenue": 237711,
            "common_shares": 4674352,
            "book_valuer_per_share": 15.6,
            "book_valuer_per_share_4q_avg": 15.42,
            "equity": 7963640,
            "current_ratio": 166.33,
            "debt_ratio": 63.43,
            "inventory_turnover_ratio": 0.01,
            "account_receivable_turnover_ratio": 7.32,
            "reinvestment_rate": 30.03,
            "research_to_sale_ratio": null,
            "price_fair": 57.77,
            "eps_avg_yearly": 1.65,
            "eps_latest_yearly": 1.16,
            "eps_growth_yearly": 589.59
        },
        "20123": {
            "year_quarter": 20123,
            "year": 2012,
            "quarter": 3,
            "eps": 0.18,
            "eps_growth_year": 29.08,
            "eps_4q": 0.7,
            "eps_4q_growth_year": -64.87,
            "roe": 1.21,
            "roe_4q": 5.15,
            "gross_profit": 199682,
            "gross_margin": 54.67,
            "gross_margin_4q_avg": 49.85,
            "net_income": 96865,
            "revenue": 365239,
            "common_shares": 5609200,
            "book_valuer_per_share": 13.13,
            "book_valuer_per_share_4q_avg": 14.94,
            "equity": 8028918,
            "current_ratio": 169.45,
            "debt_ratio": 63.89,
            "inventory_turnover_ratio": 0.01,
            "account_receivable_turnover_ratio": 16.24,
            "reinvestment_rate": 48.41,
            "research_to_sale_ratio": null,
            "price_fair": 60.3,
            "eps_avg_yearly": 1.72,
            "eps_latest_yearly": 1.16,
            "eps_growth_yearly": 656.87
        },
        "20124": {
            "year_quarter": 20124,
            "year": 2012,
            "quarter": 4,
            "eps": 0.59,
            "eps_growth_year": 71.64,
            "eps_4q": 1,
            "eps_4q_growth_year": -51.33,
            "roe": 3.99,
            "roe_4q": 6.9,
            "gross_profit": 629400,
            "gross_margin": 49.75,
            "gross_margin_4q_avg": 51.46,
            "net_income": 326548,
            "revenue": 1265210,
            "common_shares": 5609200,
            "book_valuer_per_share": 13.72,
            "book_valuer_per_share_4q_avg": 14.52,
            "equity": 8320806,
            "current_ratio": 174.03,
            "debt_ratio": 62.86,
            "inventory_turnover_ratio": 0.03,
            "account_receivable_turnover_ratio": 12.41,
            "reinvestment_rate": 45.13,
            "research_to_sale_ratio": null,
            "price_fair": 64,
            "eps_avg_yearly": 1.83,
            "eps_latest_yearly": 2.36,
            "eps_growth_yearly": 711.23
        },
        "20131": {
            "year_quarter": 20131,
            "year": 2013,
            "quarter": 1,
            "eps": -0.04,
            "eps_growth_year": -113.79,
            "eps_4q": 0.72,
            "eps_4q_growth_year": -56.93,
            "roe": -0.45,
            "roe_4q": 4.58,
            "gross_profit": 216020,
            "gross_margin": 48.45,
            "gross_margin_4q_avg": 51.19,
            "net_income": -36645,
            "revenue": 445847,
            "common_shares": 5609200,
            "book_valuer_per_share": 13.06,
            "book_valuer_per_share_4q_avg": 13.88,
            "equity": 7961151,
            "current_ratio": 184.66,
            "debt_ratio": 66,
            "inventory_turnover_ratio": 0.01,
            "account_receivable_turnover_ratio": 4.27,
            "reinvestment_rate": -2.22,
            "research_to_sale_ratio": null,
            "price_fair": 66.98,
            "eps_avg_yearly": 1.91,
            "eps_latest_yearly": 2.36,
            "eps_growth_yearly": 771.54
        },
        "20132": {
            "year_quarter": 20132,
            "year": 2013,
            "quarter": 2,
            "eps": 0.6,
            "eps_growth_year": null,
            "eps_4q": 1.27,
            "eps_4q_growth_year": 100.34,
            "roe": 4.13,
            "roe_4q": 8.879999999999999,
            "gross_profit": 562848,
            "gross_margin": 48.46,
            "gross_margin_4q_avg": 50.33,
            "net_income": 350067,
            "revenue": 1161550,
            "common_shares": 5609200,
            "book_valuer_per_share": 13.84,
            "book_valuer_per_share_4q_avg": 13.44,
            "equity": 8995507,
            "current_ratio": 193.03,
            "debt_ratio": 65.84,
            "inventory_turnover_ratio": 0.03,
            "account_receivable_turnover_ratio": 35.19,
            "reinvestment_rate": -0.45,
            "research_to_sale_ratio": null,
            "price_fair": 72.33,
            "eps_avg_yearly": 2.07,
            "eps_latest_yearly": 2.36,
            "eps_growth_yearly": 865.46
        },
        "20133": {
            "year_quarter": 20133,
            "year": 2013,
            "quarter": 3,
            "eps": 0.8,
            "eps_growth_year": 344.6,
            "eps_4q": 1.9,
            "eps_4q_growth_year": 172.65,
            "roe": 5.06,
            "roe_4q": 12.73,
            "gross_profit": 745212,
            "gross_margin": 50.1,
            "gross_margin_4q_avg": 49.19,
            "net_income": 466268,
            "revenue": 1487324,
            "common_shares": 6170000,
            "book_valuer_per_share": 13.34,
            "book_valuer_per_share_4q_avg": 13.49,
            "equity": 9425281,
            "current_ratio": 195.37,
            "debt_ratio": 65.41,
            "inventory_turnover_ratio": 0.03,
            "account_receivable_turnover_ratio": 32.34,
            "reinvestment_rate": -0.33,
            "research_to_sale_ratio": null,
            "price_fair": 76.42,
            "eps_avg_yearly": 2.18,
            "eps_latest_yearly": 3.2,
            "eps_growth_yearly": 159.91
        },
        "20134": {
            "year_quarter": 20134,
            "year": 2013,
            "quarter": 4,
            "eps": 2.66,
            "eps_growth_year": 349.78,
            "eps_4q": 4.03,
            "eps_4q_growth_year": 301.82,
            "roe": 15.63,
            "roe_4q": 24.37,
            "gross_profit": 2332185,
            "gross_margin": 49.59,
            "gross_margin_4q_avg": 49.15,
            "net_income": 1647998,
            "revenue": 4702697,
            "common_shares": 6170000,
            "book_valuer_per_share": 16.07,
            "book_valuer_per_share_4q_avg": 14.08,
            "equity": 11658465,
            "current_ratio": 195.34,
            "debt_ratio": 60.74,
            "inventory_turnover_ratio": 0.1,
            "account_receivable_turnover_ratio": 8.83,
            "reinvestment_rate": -1.88,
            "research_to_sale_ratio": null,
            "price_fair": 98.23,
            "eps_avg_yearly": 2.81,
            "eps_latest_yearly": 10.64,
            "eps_growth_yearly": 212.22
        },
        "20141": {
            "year_quarter": 20141,
            "year": 2014,
            "quarter": 1,
            "eps": -0.06,
            "eps_growth_year": null,
            "eps_4q": 4,
            "eps_4q_growth_year": 454.06,
            "roe": -0.62,
            "roe_4q": 24.2,
            "gross_profit": 319484,
            "gross_margin": 53.9,
            "gross_margin_4q_avg": 50.51,
            "net_income": -71643,
            "revenue": 592759,
            "common_shares": 6170000,
            "book_valuer_per_share": 16.01,
            "book_valuer_per_share_4q_avg": 14.82,
            "equity": 11578789,
            "current_ratio": 195.98,
            "debt_ratio": 61.96,
            "inventory_turnover_ratio": 0.01,
            "account_receivable_turnover_ratio": 0.97,
            "reinvestment_rate": -1.3,
            "research_to_sale_ratio": null,
            "price_fair": 95.84,
            "eps_avg_yearly": 2.74,
            "eps_latest_yearly": 10.64,
            "eps_growth_yearly": 226.91
        },
        "20142": {
            "year_quarter": 20142,
            "year": 2014,
            "quarter": 2,
            "eps": 0.66,
            "eps_growth_year": 10,
            "eps_4q": 3.27,
            "eps_4q_growth_year": 158.02,
            "roe": 4.25,
            "roe_4q": 24.32,
            "gross_profit": 905189,
            "gross_margin": 47.55,
            "gross_margin_4q_avg": 50.29,
            "net_income": 503827,
            "revenue": 1903710,
            "common_shares": 6170000,
            "book_valuer_per_share": 16.77,
            "book_valuer_per_share_4q_avg": 15.55,
            "equity": 12140394,
            "current_ratio": 186.74,
            "debt_ratio": 64.38,
            "inventory_turnover_ratio": 0.04,
            "account_receivable_turnover_ratio": 14.79,
            "reinvestment_rate": -0.95,
            "research_to_sale_ratio": null,
            "price_fair": 99.4,
            "eps_avg_yearly": 2.84,
            "eps_latest_yearly": 10.64,
            "eps_growth_yearly": 270.28
        },
        "20143": {
            "year_quarter": 20143,
            "year": 2014,
            "quarter": 3,
            "eps": 0.49,
            "eps_growth_year": -38.75,
            "eps_4q": 3.15,
            "eps_4q_growth_year": 65.82,
            "roe": 2.91,
            "roe_4q": 22.17,
            "gross_profit": 640532,
            "gross_margin": 47.85,
            "gross_margin_4q_avg": 49.72,
            "net_income": 360847,
            "revenue": 1338620,
            "common_shares": 8021000,
            "book_valuer_per_share": 13.21,
            "book_valuer_per_share_4q_avg": 15.52,
            "equity": 12624648,
            "current_ratio": 177.07,
            "debt_ratio": 67.62,
            "inventory_turnover_ratio": 0.03,
            "account_receivable_turnover_ratio": 25.97,
            "reinvestment_rate": -0.47,
            "research_to_sale_ratio": null,
            "price_fair": 102.06,
            "eps_avg_yearly": 2.92,
            "eps_latest_yearly": 1.96,
            "eps_growth_yearly": 272.07
        },
        "20144": {
            "year_quarter": 20144,
            "year": 2014,
            "quarter": 4,
            "eps": 0.26,
            "eps_growth_year": -90.19,
            "eps_4q": 1.37,
            "eps_4q_growth_year": -66.08,
            "roe": 1.04,
            "roe_4q": 7.579999999999999,
            "gross_profit": 515775,
            "gross_margin": 42.39,
            "gross_margin_4q_avg": 47.92,
            "net_income": 132762,
            "revenue": 1216607,
            "common_shares": 8021000,
            "book_valuer_per_share": 13.85,
            "book_valuer_per_share_4q_avg": 14.96,
            "equity": 12913439,
            "current_ratio": 176.36,
            "debt_ratio": 70.07,
            "inventory_turnover_ratio": 0.02,
            "account_receivable_turnover_ratio": 22.86,
            "reinvestment_rate": 3.43,
            "research_to_sale_ratio": null,
            "price_fair": 101.36,
            "eps_avg_yearly": 2.9,
            "eps_latest_yearly": 1.04,
            "eps_growth_yearly": 251.96
        },
        "20151": {
            "year_quarter": 20151,
            "year": 2015,
            "quarter": 1,
            "eps": -0.12,
            "eps_growth_year": null,
            "eps_4q": 1.29,
            "eps_4q_growth_year": -67.82,
            "roe": -1.15,
            "roe_4q": 7.050000000000001,
            "gross_profit": 169482,
            "gross_margin": 49.36,
            "gross_margin_4q_avg": 46.79,
            "net_income": -160442,
            "revenue": 343338,
            "common_shares": 8021000,
            "book_valuer_per_share": 13.69,
            "book_valuer_per_share_4q_avg": 14.38,
            "equity": 14965523,
            "current_ratio": 191.43,
            "debt_ratio": 67.59,
            "inventory_turnover_ratio": 0.01,
            "account_receivable_turnover_ratio": 8.81,
            "reinvestment_rate": 3.75,
            "research_to_sale_ratio": null,
            "price_fair": 100.64,
            "eps_avg_yearly": 2.88,
            "eps_latest_yearly": 1.04,
            "eps_growth_yearly": 214
        },
        "20152": {
            "year_quarter": 20152,
            "year": 2015,
            "quarter": 2,
            "eps": -0.18,
            "eps_growth_year": -127.27,
            "eps_4q": 0.39,
            "eps_4q_growth_year": -88.09,
            "roe": -1.44,
            "roe_4q": 1.3600000000000003,
            "gross_profit": 190552,
            "gross_margin": 45.04,
            "gross_margin_4q_avg": 46.16,
            "net_income": -208987,
            "revenue": 423070,
            "common_shares": 8021000,
            "book_valuer_per_share": 13.39,
            "book_valuer_per_share_4q_avg": 13.54,
            "equity": 14067726,
            "current_ratio": 192.92,
            "debt_ratio": 68.44,
            "inventory_turnover_ratio": 0.01,
            "account_receivable_turnover_ratio": 8.4,
            "reinvestment_rate": 4.48,
            "research_to_sale_ratio": null,
            "price_fair": 97.48,
            "eps_avg_yearly": 2.79,
            "eps_latest_yearly": 1.04,
            "eps_growth_yearly": 232.31
        },
        "20153": {
            "year_quarter": 20153,
            "year": 2015,
            "quarter": 3,
            "eps": 0.08,
            "eps_growth_year": -83.67,
            "eps_4q": 0.03,
            "eps_4q_growth_year": -99.13,
            "roe": -0.38,
            "roe_4q": -1.9299999999999997,
            "gross_profit": 268647,
            "gross_margin": 37.07,
            "gross_margin_4q_avg": 43.47,
            "net_income": -53721,
            "revenue": 724637,
            "common_shares": 8823100,
            "book_valuer_per_share": 12.39,
            "book_valuer_per_share_4q_avg": 13.33,
            "equity": 14206737,
            "current_ratio": 182.64,
            "debt_ratio": 69.62,
            "inventory_turnover_ratio": 0.01,
            "account_receivable_turnover_ratio": 11.44,
            "reinvestment_rate": -13.85,
            "research_to_sale_ratio": null,
            "price_fair": 108.6,
            "eps_avg_yearly": 3.1,
            "eps_latest_yearly": 1.04,
            "eps_growth_yearly": 313.75
        },
        "20154": {
            "year_quarter": 20154,
            "year": 2015,
            "quarter": 4,
            "eps": 0.46,
            "eps_growth_year": 77.09,
            "eps_4q": 0.25,
            "eps_4q_growth_year": -81.52,
            "roe": 3.04,
            "roe_4q": 0.07000000000000028,
            "gross_profit": 984678,
            "gross_margin": 29.53,
            "gross_margin_4q_avg": 40.25,
            "net_income": 399455,
            "revenue": 3334599,
            "common_shares": 8823100,
            "book_valuer_per_share": 12.45,
            "book_valuer_per_share_4q_avg": 12.98,
            "equity": 12084107,
            "current_ratio": 171.7,
            "debt_ratio": 73.57,
            "inventory_turnover_ratio": 0.08,
            "account_receivable_turnover_ratio": 22.22,
            "reinvestment_rate": 82.74,
            "research_to_sale_ratio": null,
            "price_fair": 111,
            "eps_avg_yearly": 3.17,
            "eps_latest_yearly": 1.84,
            "eps_growth_yearly": 503.55
        },
        "20161": {
            "year_quarter": 20161,
            "year": 2016,
            "quarter": 1,
            "eps": 0.27,
            "eps_growth_year": null,
            "eps_4q": 0.64,
            "eps_4q_growth_year": -50.59,
            "roe": 1.87,
            "roe_4q": 3.0900000000000003,
            "gross_profit": 590240,
            "gross_margin": 28.92,
            "gross_margin_4q_avg": 35.14,
            "net_income": 227352,
            "revenue": 2041122,
            "common_shares": 8823100,
            "book_valuer_per_share": 12.56,
            "book_valuer_per_share_4q_avg": 12.7,
            "equity": 12177807,
            "current_ratio": 189.56,
            "debt_ratio": 73.65,
            "inventory_turnover_ratio": 0.05,
            "account_receivable_turnover_ratio": 13.52,
            "reinvestment_rate": 80.23,
            "research_to_sale_ratio": null,
            "price_fair": 110.6,
            "eps_avg_yearly": 3.16,
            "eps_latest_yearly": 1.08,
            "eps_growth_yearly": 488.35
        },
        "20162": {
            "year_quarter": 20162,
            "year": 2016,
            "quarter": 2,
            "eps": -0.38,
            "eps_growth_year": null,
            "eps_4q": 0.44,
            "eps_4q_growth_year": 12.99,
            "roe": -3.17,
            "roe_4q": 1.3600000000000003,
            "gross_profit": 105611,
            "gross_margin": 13.02,
            "gross_margin_4q_avg": 27.14,
            "net_income": -378597,
            "revenue": 811340,
            "common_shares": 8823100,
            "book_valuer_per_share": 12.09,
            "book_valuer_per_share_4q_avg": 12.37,
            "equity": 11689416,
            "current_ratio": 178.84,
            "debt_ratio": 72.87,
            "inventory_turnover_ratio": 0.03,
            "account_receivable_turnover_ratio": 21.24,
            "reinvestment_rate": 82.25,
            "research_to_sale_ratio": null,
            "price_fair": 110.6,
            "eps_avg_yearly": 3.16,
            "eps_latest_yearly": 1.08,
            "eps_growth_yearly": 488.35
        },
        "20163": {
            "year_quarter": 20163,
            "year": 2016,
            "quarter": 3,
            "eps": 0.01,
            "eps_growth_year": -87.5,
            "eps_4q": 0.37,
            "eps_4q_growth_year": 1257.66,
            "roe": -0.15,
            "roe_4q": 1.5900000000000003,
            "gross_profit": 449992,
            "gross_margin": 38.75,
            "gross_margin_4q_avg": 27.56,
            "net_income": -17683,
            "revenue": 1161144,
            "common_shares": 8823100,
            "book_valuer_per_share": 11.92,
            "book_valuer_per_share_4q_avg": 12.26,
            "equity": 11493696,
            "current_ratio": 171.16,
            "debt_ratio": 73.16,
            "inventory_turnover_ratio": 0.03,
            "account_receivable_turnover_ratio": 57.98,
            "reinvestment_rate": 68.74,
            "research_to_sale_ratio": null,
            "price_fair": 110.6,
            "eps_avg_yearly": 3.16,
            "eps_latest_yearly": 1.08,
            "eps_growth_yearly": 488.35
        },
        "20164": {
            "year_quarter": 20164,
            "year": 2016,
            "quarter": 4,
            "eps": 0.67,
            "eps_growth_year": 43.82,
            "eps_4q": 0.57,
            "eps_4q_growth_year": 127.08,
            "roe": 4.45,
            "roe_4q": 3,
            "gross_profit": 1088352,
            "gross_margin": 31.7,
            "gross_margin_4q_avg": 28.1,
            "net_income": 522886,
            "revenue": 3433043,
            "common_shares": 8823100,
            "book_valuer_per_share": 12.53,
            "book_valuer_per_share_4q_avg": 12.28,
            "equity": 11985779,
            "current_ratio": 152.84,
            "debt_ratio": 70.68,
            "inventory_turnover_ratio": 0.09,
            "account_receivable_turnover_ratio": 14.48,
            "reinvestment_rate": 70.03,
            "research_to_sale_ratio": null,
            "price_fair": 112.2,
            "eps_avg_yearly": 3.21,
            "eps_latest_yearly": 2.68,
            "eps_growth_yearly": 4129.62
        },
        "20171": {
            "year_quarter": 20171,
            "year": 2017,
            "quarter": 1,
            "eps": -0.12,
            "eps_growth_year": -144.44,
            "eps_4q": 0.18,
            "eps_4q_growth_year": -71.21,
            "roe": -1.04,
            "roe_4q": 0.0900000000000003,
            "gross_profit": 140027,
            "gross_margin": 36.31,
            "gross_margin_4q_avg": 29.95,
            "net_income": -122323,
            "revenue": 385599,
            "common_shares": 8823100,
            "book_valuer_per_share": 12.15,
            "book_valuer_per_share_4q_avg": 12.17,
            "equity": 11581697,
            "current_ratio": 149.03,
            "debt_ratio": 72.65,
            "inventory_turnover_ratio": 0.01,
            "account_receivable_turnover_ratio": 1.44,
            "reinvestment_rate": 98.02,
            "research_to_sale_ratio": null,
            "price_fair": 112.2,
            "eps_avg_yearly": 3.21,
            "eps_latest_yearly": 2.68,
            "eps_growth_yearly": 4129.62
        },
        "20172": {
            "year_quarter": 20172,
            "year": 2017,
            "quarter": 2,
            "eps": -0.11,
            "eps_growth_year": null,
            "eps_4q": 0.42,
            "eps_4q_growth_year": -4.23,
            "roe": -1.11,
            "roe_4q": 2.15,
            "gross_profit": 105859,
            "gross_margin": 49.17,
            "gross_margin_4q_avg": 38.98,
            "net_income": -128343,
            "revenue": 215300,
            "common_shares": 8823100,
            "book_valuer_per_share": 12.11,
            "book_valuer_per_share_4q_avg": 12.18,
            "equity": 11513049,
            "current_ratio": 144.05,
            "debt_ratio": 72.27,
            "inventory_turnover_ratio": 0,
            "account_receivable_turnover_ratio": 3.82,
            "reinvestment_rate": 111.04,
            "research_to_sale_ratio": null,
            "price_fair": 112.2,
            "eps_avg_yearly": 3.21,
            "eps_latest_yearly": 2.68,
            "eps_growth_yearly": 4129.62
        },
        "20173": {
            "year_quarter": 20173,
            "year": 2017,
            "quarter": 3,
            "eps": 0.11,
            "eps_growth_year": 1000,
            "eps_4q": 0.52,
            "eps_4q_growth_year": 39.11,
            "roe": 0.34,
            "roe_4q": 2.64,
            "gross_profit": 433217,
            "gross_margin": 37.01,
            "gross_margin_4q_avg": 38.55,
            "net_income": 39381,
            "revenue": 1170640,
            "common_shares": 9264255,
            "book_valuer_per_share": 11.69,
            "book_valuer_per_share_4q_avg": 12.12,
            "equity": 11603208,
            "current_ratio": 156.29,
            "debt_ratio": 70.64,
            "inventory_turnover_ratio": 0.03,
            "account_receivable_turnover_ratio": 47.28,
            "reinvestment_rate": 124.31,
            "research_to_sale_ratio": null,
            "price_fair": 112.23,
            "eps_avg_yearly": 3.21,
            "eps_latest_yearly": 2.68,
            "eps_growth_yearly": 4795.67
        },
        "20174": {
            "year_quarter": 20174,
            "year": 2017,
            "quarter": 4,
            "eps": 0.75,
            "eps_growth_year": 12.59,
            "eps_4q": 0.63,
            "eps_4q_growth_year": 10.05,
            "roe": 5.9,
            "roe_4q": 4.09,
            "gross_profit": 1127906,
            "gross_margin": 35.91,
            "gross_margin_4q_avg": 39.6,
            "net_income": 704703,
            "revenue": 3140632,
            "common_shares": 9264255,
            "book_valuer_per_share": 12.44,
            "book_valuer_per_share_4q_avg": 12.1,
            "equity": 12305007,
            "current_ratio": 194.72,
            "debt_ratio": 67.83,
            "inventory_turnover_ratio": 0.08,
            "account_receivable_turnover_ratio": 81.43,
            "reinvestment_rate": 172.11,
            "research_to_sale_ratio": null,
            "price_fair": 67.67,
            "eps_avg_yearly": 1.93,
            "eps_latest_yearly": 3,
            "eps_growth_yearly": 5028.54
        },
        "20181": {
            "year_quarter": 20181,
            "year": 2018,
            "quarter": 1,
            "eps": 0.09,
            "eps_growth_year": null,
            "eps_4q": 0.84,
            "eps_4q_growth_year": 357.2,
            "roe": 0.14,
            "roe_4q": 5.27,
            "gross_profit": 293875,
            "gross_margin": 37.22,
            "gross_margin_4q_avg": 39.83,
            "net_income": 17495,
            "revenue": 789466,
            "common_shares": 9264255,
            "book_valuer_per_share": 12.6,
            "book_valuer_per_share_4q_avg": 12.21,
            "equity": 12385687,
            "current_ratio": 195.77,
            "debt_ratio": 70.01,
            "inventory_turnover_ratio": 0.02,
            "account_receivable_turnover_ratio": 15.25,
            "reinvestment_rate": 164.86,
            "research_to_sale_ratio": null,
            "price_fair": 59.8,
            "eps_avg_yearly": 1.71,
            "eps_latest_yearly": 0.36,
            "eps_growth_yearly": 4259.9
        },
        "20182": {
            "year_quarter": 20182,
            "year": 2018,
            "quarter": 2,
            "eps": -0.02,
            "eps_growth_year": null,
            "eps_4q": 0.89,
            "eps_4q_growth_year": 109.91,
            "roe": -0.79,
            "roe_4q": 5.59,
            "gross_profit": 706989,
            "gross_margin": 33.94,
            "gross_margin_4q_avg": 36.02,
            "net_income": -98012,
            "revenue": 2083221,
            "common_shares": 9264255,
            "book_valuer_per_share": 12.57,
            "book_valuer_per_share_4q_avg": 12.33,
            "equity": 12291599,
            "current_ratio": 174.07,
            "debt_ratio": 69.31,
            "inventory_turnover_ratio": 0.06,
            "account_receivable_turnover_ratio": 22.52,
            "reinvestment_rate": 393.03,
            "research_to_sale_ratio": null,
            "price_fair": 59.8,
            "eps_avg_yearly": 1.71,
            "eps_latest_yearly": 0.36,
            "eps_growth_yearly": 4259.9
        },
        "20183": {
            "year_quarter": 20183,
            "year": 2018,
            "quarter": 3,
            "eps": 0.14,
            "eps_growth_year": 27.27,
            "eps_4q": 0.93,
            "eps_4q_growth_year": 79.92,
            "roe": 1,
            "roe_4q": 6.25,
            "gross_profit": 791113,
            "gross_margin": 27.58,
            "gross_margin_4q_avg": 33.66,
            "net_income": 121574,
            "revenue": 2868173,
            "common_shares": 9727468,
            "book_valuer_per_share": 11.96,
            "book_valuer_per_share_4q_avg": 12.39,
            "equity": 12091415,
            "current_ratio": 180.96,
            "debt_ratio": 68.59,
            "inventory_turnover_ratio": 0.09,
            "account_receivable_turnover_ratio": 17.24,
            "reinvestment_rate": 433.28,
            "research_to_sale_ratio": null,
            "price_fair": 58.33,
            "eps_avg_yearly": 1.67,
            "eps_latest_yearly": 0.36,
            "eps_growth_yearly": 4987.05
        },
        "20184": {
            "year_quarter": 20184,
            "year": 2018,
            "quarter": 4,
            "eps": -0.05,
            "eps_growth_year": -106.23,
            "eps_4q": 0.17,
            "eps_4q_growth_year": -73.52,
            "roe": -0.59,
            "roe_4q": -0.24,
            "gross_profit": 499470,
            "gross_margin": 31.77,
            "gross_margin_4q_avg": 32.63,
            "net_income": -70724,
            "revenue": 1572285,
            "common_shares": 9727468,
            "book_valuer_per_share": 11.97,
            "book_valuer_per_share_4q_avg": 12.28,
            "equity": 12079426,
            "current_ratio": 171.62,
            "debt_ratio": 67.51,
            "inventory_turnover_ratio": 0.05,
            "account_receivable_turnover_ratio": 10.75,
            "reinvestment_rate": 493.92,
            "research_to_sale_ratio": null,
            "price_fair": 62.72,
            "eps_avg_yearly": 1.79,
            "eps_latest_yearly": 0.36,
            "eps_growth_yearly": 6022.01
        },
        "20191": {
            "year_quarter": 20191,
            "year": 2019,
            "quarter": 1,
            "eps": -0.12,
            "eps_growth_year": -233.33,
            "eps_4q": -0.04,
            "eps_4q_growth_year": -104.63,
            "roe": -1.46,
            "roe_4q": -1.8399999999999999,
            "gross_profit": 222683,
            "gross_margin": 27.59,
            "gross_margin_4q_avg": 30.22,
            "net_income": -176070,
            "revenue": 807149,
            "common_shares": 9727468,
            "book_valuer_per_share": 11.96,
            "book_valuer_per_share_4q_avg": 12.12,
            "equity": 12014885,
            "current_ratio": 170.66,
            "debt_ratio": 67.85,
            "inventory_turnover_ratio": 0.03,
            "account_receivable_turnover_ratio": 8.3,
            "reinvestment_rate": 500.5,
            "research_to_sale_ratio": null,
            "price_fair": 62.72,
            "eps_avg_yearly": 1.79,
            "eps_latest_yearly": 0.36,
            "eps_growth_yearly": 6022.01
        },
        "20192": {
            "year_quarter": 20192,
            "year": 2019,
            "quarter": 2,
            "eps": -0.51,
            "eps_growth_year": null,
            "eps_4q": -0.53,
            "eps_4q_growth_year": -160.39,
            "roe": -3.55,
            "roe_4q": -4.6,
            "gross_profit": 559785,
            "gross_margin": 56.58,
            "gross_margin_4q_avg": 35.88,
            "net_income": -418771,
            "revenue": 989319,
            "common_shares": 9727468,
            "book_valuer_per_share": 11.41,
            "book_valuer_per_share_4q_avg": 11.83,
            "equity": 11561125,
            "current_ratio": 185,
            "debt_ratio": 68.66,
            "inventory_turnover_ratio": 0.02,
            "account_receivable_turnover_ratio": 7.63,
            "reinvestment_rate": 574.02,
            "research_to_sale_ratio": null,
            "price_fair": 62.72,
            "eps_avg_yearly": 1.79,
            "eps_latest_yearly": 0.36,
            "eps_growth_yearly": 6022.01
        },
        "20193": {
            "year_quarter": 20193,
            "year": 2019,
            "quarter": 3,
            "eps": -0.28,
            "eps_growth_year": -300,
            "eps_4q": -0.95,
            "eps_4q_growth_year": -202.59,
            "roe": -2.74,
            "roe_4q": -8.34,
            "gross_profit": 321189,
            "gross_margin": 19.82,
            "gross_margin_4q_avg": 33.94,
            "net_income": -310609,
            "revenue": 1620884,
            "common_shares": 9824742,
            "book_valuer_per_share": 10.87,
            "book_valuer_per_share_4q_avg": 11.55,
            "equity": 11087613,
            "current_ratio": 174.33,
            "debt_ratio": 68.45,
            "inventory_turnover_ratio": 0.06,
            "account_receivable_turnover_ratio": 9.05,
            "reinvestment_rate": 789.25,
            "research_to_sale_ratio": null,
            "price_fair": 62.72,
            "eps_avg_yearly": 1.79,
            "eps_latest_yearly": 0.36,
            "eps_growth_yearly": 6022.01
        },
        "20194": {
            "year_quarter": 20194,
            "year": 2019,
            "quarter": 4,
            "eps": 0.97,
            "eps_growth_year": null,
            "eps_4q": 0.07,
            "eps_4q_growth_year": -60.45,
            "roe": 13.64,
            "roe_4q": 5.890000000000001,
            "gross_profit": 1837121,
            "gross_margin": 41.88,
            "gross_margin_4q_avg": 36.47,
            "net_income": 1608819,
            "revenue": 4386227,
            "common_shares": 9824742,
            "book_valuer_per_share": 11.67,
            "book_valuer_per_share_4q_avg": 11.48,
            "equity": 12499172,
            "current_ratio": 162.06,
            "debt_ratio": 63.02,
            "inventory_turnover_ratio": 0.14,
            "account_receivable_turnover_ratio": 24.04,
            "reinvestment_rate": 261.58,
            "research_to_sale_ratio": null,
            "price_fair": 62.3,
            "eps_avg_yearly": 1.78,
            "eps_latest_yearly": 0.36,
            "eps_growth_yearly": 7052.51
        },
        "20201": {
            "year_quarter": 20201,
            "year": 2020,
            "quarter": 1,
            "eps": -0.31,
            "eps_growth_year": null,
            "eps_4q": -0.13,
            "eps_4q_growth_year": null,
            "roe": -2.92,
            "roe_4q": 4.430000000000001,
            "gross_profit": 73071,
            "gross_margin": 15.67,
            "gross_margin_4q_avg": 33.49,
            "net_income": -359029,
            "revenue": 466434,
            "common_shares": 9824742,
            "book_valuer_per_share": 11.34,
            "book_valuer_per_share_4q_avg": 11.32,
            "equity": 12083834,
            "current_ratio": 157.74,
            "debt_ratio": 63.72,
            "inventory_turnover_ratio": 0.02,
            "account_receivable_turnover_ratio": 4.27,
            "reinvestment_rate": 438.03,
            "research_to_sale_ratio": null,
            "price_fair": 70.47,
            "eps_avg_yearly": 2.01,
            "eps_latest_yearly": 0.36,
            "eps_growth_yearly": 9458.42
        },
        "20202": {
            "year_quarter": 20202,
            "year": 2020,
            "quarter": 2,
            "eps": -0.14,
            "eps_growth_year": null,
            "eps_4q": 0.24,
            "eps_4q_growth_year": null,
            "roe": -1.5,
            "roe_4q": 6.48,
            "gross_profit": 153844,
            "gross_margin": 20.87,
            "gross_margin_4q_avg": 24.56,
            "net_income": -178289,
            "revenue": 737012,
            "common_shares": 9824742,
            "book_valuer_per_share": 11.07,
            "book_valuer_per_share_4q_avg": 11.24,
            "equity": 11723081,
            "current_ratio": 172.67,
            "debt_ratio": 63.89,
            "inventory_turnover_ratio": 0.03,
            "account_receivable_turnover_ratio": 9.67,
            "reinvestment_rate": 353.51,
            "research_to_sale_ratio": null,
            "price_fair": 70.47,
            "eps_avg_yearly": 2.01,
            "eps_latest_yearly": 0.36,
            "eps_growth_yearly": 9458.42
        },
        "20203": {
            "year_quarter": 20203,
            "year": 2020,
            "quarter": 3,
            "eps": -0.12,
            "eps_growth_year": null,
            "eps_4q": 0.4,
            "eps_4q_growth_year": null,
            "roe": -1.31,
            "roe_4q": 7.91,
            "gross_profit": 212035,
            "gross_margin": 20.46,
            "gross_margin_4q_avg": 24.72,
            "net_income": -152814,
            "revenue": 1036212,
            "common_shares": 9775892,
            "book_valuer_per_share": 10.99,
            "book_valuer_per_share_4q_avg": 11.27,
            "equity": 11610489,
            "current_ratio": 169.64,
            "debt_ratio": 64.78,
            "inventory_turnover_ratio": 0.05,
            "account_receivable_turnover_ratio": 11.23,
            "reinvestment_rate": 431.07,
            "research_to_sale_ratio": null,
            "price_fair": 70.47,
            "eps_avg_yearly": 2.01,
            "eps_latest_yearly": 0.36,
            "eps_growth_yearly": 9458.42
        },
        "20204": {
            "year_quarter": 20204,
            "year": 2020,
            "quarter": 4,
            "eps": 0.74,
            "eps_growth_year": -23.52,
            "eps_4q": 0.17,
            "eps_4q_growth_year": 158.48,
            "roe": 6.63,
            "roe_4q": 0.9000000000000004,
            "gross_profit": 1221131,
            "gross_margin": 33.22,
            "gross_margin_4q_avg": 22.56,
            "net_income": 797938,
            "revenue": 3675899,
            "common_shares": 9775892,
            "book_valuer_per_share": 11.76,
            "book_valuer_per_share_4q_avg": 11.29,
            "equity": 12459963,
            "current_ratio": 160.69,
            "debt_ratio": 60.9,
            "inventory_turnover_ratio": 0.16,
            "account_receivable_turnover_ratio": 13.02,
            "reinvestment_rate": 368.9,
            "research_to_sale_ratio": null,
            "price_fair": 58.8,
            "eps_avg_yearly": 1.68,
            "eps_latest_yearly": 0.36,
            "eps_growth_yearly": 987.64
        },
        "20211": {
            "year_quarter": 20211,
            "year": 2021,
            "quarter": 1,
            "eps": -0.33,
            "eps_growth_year": null,
            "eps_4q": 0.15,
            "eps_4q_growth_year": null,
            "roe": -3.21,
            "roe_4q": 0.6099999999999999,
            "gross_profit": 19161,
            "gross_margin": 11.14,
            "gross_margin_4q_avg": 21.42,
            "net_income": -392584,
            "revenue": 171925,
            "common_shares": 9775892,
            "book_valuer_per_share": 11.39,
            "book_valuer_per_share_4q_avg": 11.3,
            "equity": 12028105,
            "current_ratio": 151.73,
            "debt_ratio": 62.14,
            "inventory_turnover_ratio": 0.01,
            "account_receivable_turnover_ratio": 0.6,
            "reinvestment_rate": 510.25,
            "research_to_sale_ratio": null,
            "price_fair": 58.8,
            "eps_avg_yearly": 1.68,
            "eps_latest_yearly": 0.36,
            "eps_growth_yearly": 987.64
        },
        "20212": {
            "year_quarter": 20212,
            "year": 2021,
            "quarter": 2,
            "eps": -0.2,
            "eps_growth_year": null,
            "eps_4q": 0.09,
            "eps_4q_growth_year": -62.45,
            "roe": -1.92,
            "roe_4q": 0.18999999999999995,
            "gross_profit": 189245,
            "gross_margin": 25.54,
            "gross_margin_4q_avg": 22.59,
            "net_income": -227753,
            "revenue": 741070,
            "common_shares": 9775892,
            "book_valuer_per_share": 11.07,
            "book_valuer_per_share_4q_avg": 11.3,
            "equity": 11666677,
            "current_ratio": 144.72,
            "debt_ratio": 62.66,
            "inventory_turnover_ratio": 0.04,
            "account_receivable_turnover_ratio": 7.22,
            "reinvestment_rate": 588.54,
            "research_to_sale_ratio": null,
            "price_fair": 58.8,
            "eps_avg_yearly": 1.68,
            "eps_latest_yearly": 0.36,
            "eps_growth_yearly": 987.64
        },
        "20213": {
            "year_quarter": 20213,
            "year": 2021,
            "quarter": 3,
            "eps": -0.2,
            "eps_growth_year": null,
            "eps_4q": 0.01,
            "eps_4q_growth_year": -97.84,
            "roe": -1.93,
            "roe_4q": -0.4299999999999997,
            "gross_profit": 98615,
            "gross_margin": 26.08,
            "gross_margin_4q_avg": 24,
            "net_income": -222947,
            "revenue": 378112,
            "common_shares": 9775892,
            "book_valuer_per_share": 10.87,
            "book_valuer_per_share_4q_avg": 11.27,
            "equity": 11437101,
            "current_ratio": 132.42,
            "debt_ratio": 66.66,
            "inventory_turnover_ratio": 0.02,
            "account_receivable_turnover_ratio": 3.49,
            "reinvestment_rate": 992.9,
            "research_to_sale_ratio": null,
            "price_fair": 58.8,
            "eps_avg_yearly": 1.68,
            "eps_latest_yearly": 0.36,
            "eps_growth_yearly": 987.64
        },
        "20214": {
            "year_quarter": 20214,
            "year": 2021,
            "quarter": 4,
            "eps": 0.13,
            "eps_growth_year": -82.08,
            "eps_4q": -0.6,
            "eps_4q_growth_year": -451.89,
            "roe": 0.59,
            "roe_4q": -6.47,
            "gross_profit": 652545,
            "gross_margin": 29.9,
            "gross_margin_4q_avg": 23.17,
            "net_income": 67256,
            "revenue": 2182749,
            "common_shares": 9775892,
            "book_valuer_per_share": 10.98,
            "book_valuer_per_share_4q_avg": 11.08,
            "equity": 11487871,
            "current_ratio": 196.85,
            "debt_ratio": 67.43,
            "inventory_turnover_ratio": 0.1,
            "account_receivable_turnover_ratio": 20.48,
            "reinvestment_rate": null,
            "research_to_sale_ratio": null,
            "price_fair": 1.08,
            "eps_avg_yearly": 0.36,
            "eps_latest_yearly": 0.36,
            "eps_growth_yearly": -352
        },
        "20221": {
            "year_quarter": 20221,
            "year": 2022,
            "quarter": 1,
            "eps": -0.28,
            "eps_growth_year": null,
            "eps_4q": -0.55,
            "eps_4q_growth_year": -474.55,
            "roe": -2.95,
            "roe_4q": -6.21,
            "gross_profit": 7530,
            "gross_margin": 2.38,
            "gross_margin_4q_avg": 20.98,
            "net_income": -338185,
            "revenue": 316702,
            "common_shares": 9775892,
            "book_valuer_per_share": 11.01,
            "book_valuer_per_share_4q_avg": 10.98,
            "equity": 11478296,
            "current_ratio": 197.06,
            "debt_ratio": 68.44,
            "inventory_turnover_ratio": 0.02,
            "account_receivable_turnover_ratio": 4.71,
            "reinvestment_rate": null,
            "research_to_sale_ratio": null,
            "price_fair": 0,
            "eps_avg_yearly": 0,
            "eps_latest_yearly": 0,
            "eps_growth_yearly": 0
        },
        "20222": {
            "year_quarter": 20222,
            "year": 2022,
            "quarter": 2,
            "eps": -0.41,
            "eps_growth_year": null,
            "eps_4q": -0.76,
            "eps_4q_growth_year": -928.9,
            "roe": -4.14,
            "roe_4q": -8.43,
            "gross_profit": 86219,
            "gross_margin": 21.08,
            "gross_margin_4q_avg": 19.86,
            "net_income": -467641,
            "revenue": 408930,
            "common_shares": 9775892,
            "book_valuer_per_share": 10.68,
            "book_valuer_per_share_4q_avg": 10.89,
            "equity": 11095549,
            "current_ratio": 190.99,
            "debt_ratio": 69.36,
            "inventory_turnover_ratio": 0.02,
            "account_receivable_turnover_ratio": 15.91,
            "reinvestment_rate": null,
            "research_to_sale_ratio": null,
            "price_fair": 0,
            "eps_avg_yearly": 0,
            "eps_latest_yearly": 0,
            "eps_growth_yearly": 0
        },
        "20223": {
            "year_quarter": 20223,
            "year": 2022,
            "quarter": 3,
            "eps": -0.47,
            "eps_growth_year": null,
            "eps_4q": -1.03,
            "eps_4q_growth_year": -11861.24,
            "roe": -4.47,
            "roe_4q": -10.969999999999999,
            "gross_profit": 145035,
            "gross_margin": 42.59,
            "gross_margin_4q_avg": 23.99,
            "net_income": -490665,
            "revenue": 340522,
            "common_shares": 9775892,
            "book_valuer_per_share": 10.48,
            "book_valuer_per_share_4q_avg": 10.79,
            "equity": 10881708,
            "current_ratio": 183.34,
            "debt_ratio": 70.23,
            "inventory_turnover_ratio": 0.01,
            "account_receivable_turnover_ratio": 15.83,
            "reinvestment_rate": null,
            "research_to_sale_ratio": null,
            "price_fair": 0,
            "eps_avg_yearly": 0,
            "eps_latest_yearly": 0,
            "eps_growth_yearly": 0
        },
        "20224": {
            "year_quarter": 20224,
            "year": 2022,
            "quarter": 4,
            "eps": -0.25,
            "eps_growth_year": -285.82,
            "eps_4q": -1.41,
            "eps_4q_growth_year": null,
            "roe": -3.11,
            "roe_4q": -14.669999999999998,
            "gross_profit": 116362,
            "gross_margin": 44.05,
            "gross_margin_4q_avg": 27.53,
            "net_income": -339400,
            "revenue": 264130,
            "common_shares": 9775892,
            "book_valuer_per_share": 10.68,
            "book_valuer_per_share_4q_avg": 10.71,
            "equity": 10963830,
            "current_ratio": 129.24,
            "debt_ratio": 72.67,
            "inventory_turnover_ratio": 0.01,
            "account_receivable_turnover_ratio": 17.61,
            "reinvestment_rate": null,
            "research_to_sale_ratio": null,
            "price_fair": 0,
            "eps_avg_yearly": 0,
            "eps_latest_yearly": 0,
            "eps_growth_yearly": 0
        },
        "20231": {
            "year_quarter": 20231,
            "year": 2023,
            "quarter": 1,
            "eps": 0.34,
            "eps_growth_year": null,
            "eps_4q": -0.79,
            "eps_4q_growth_year": null,
            "roe": 2.56,
            "roe_4q": -9.16,
            "gross_profit": 607514,
            "gross_margin": 25.9,
            "gross_margin_4q_avg": 33.41,
            "net_income": 283802,
            "revenue": 2345386,
            "common_shares": 9775892,
            "book_valuer_per_share": 11,
            "book_valuer_per_share_4q_avg": 10.71,
            "equity": 11232775,
            "current_ratio": 131.84,
            "debt_ratio": 71.58,
            "inventory_turnover_ratio": 0.09,
            "account_receivable_turnover_ratio": 60.62,
            "reinvestment_rate": null,
            "research_to_sale_ratio": null,
            "price_fair": 0,
            "eps_avg_yearly": 0,
            "eps_latest_yearly": 0,
            "eps_growth_yearly": 0
        }
    },
    "months": {
        "2001-06": {
            "month": "2001-06",
            "price": "11.05",
            "revenue": 489665
        },
        "2001-07": {
            "month": "2001-07",
            "price": "11.57",
            "revenue": 55455
        },
        "2001-08": {
            "month": "2001-08",
            "price": "11.71",
            "revenue": 29914
        },
        "2001-09": {
            "month": "2001-09",
            "price": "12.11",
            "revenue": 31858
        },
        "2001-10": {
            "month": "2001-10",
            "price": "12.26",
            "revenue": 36902
        },
        "2001-11": {
            "month": "2001-11",
            "price": "12.61",
            "revenue": 55833
        },
        "2001-12": {
            "month": "2001-12",
            "price": "12.76",
            "revenue": 466365
        },
        "2002-01": {
            "month": "2002-01",
            "price": "14.22",
            "revenue": 45956
        },
        "2002-02": {
            "month": "2002-02",
            "price": "15.72",
            "revenue": 35135
        },
        "2002-03": {
            "month": "2002-03",
            "price": "17.65",
            "revenue": 27028
        },
        "2002-04": {
            "month": "2002-04",
            "price": "19.29",
            "revenue": 86706
        },
        "2002-05": {
            "month": "2002-05",
            "price": "18.75",
            "revenue": 81132
        },
        "2002-06": {
            "month": "2002-06",
            "price": "18.92",
            "revenue": 52204
        },
        "2002-07": {
            "month": "2002-07",
            "price": "18.43",
            "revenue": 13091
        },
        "2002-08": {
            "month": "2002-08",
            "price": "16.96",
            "revenue": 50607
        },
        "2002-09": {
            "month": "2002-09",
            "price": "15.52",
            "revenue": 10960
        },
        "2002-10": {
            "month": "2002-10",
            "price": "17.06",
            "revenue": 18452
        },
        "2002-11": {
            "month": "2002-11",
            "price": "18.14",
            "revenue": 23104
        },
        "2002-12": {
            "month": "2002-12",
            "price": "17.61",
            "revenue": 362523
        },
        "2003-01": {
            "month": "2003-01",
            "price": "17.74",
            "revenue": 241
        },
        "2003-02": {
            "month": "2003-02",
            "price": "17.51",
            "revenue": 140
        },
        "2003-03": {
            "month": "2003-03",
            "price": "17.39",
            "revenue": -10
        },
        "2003-04": {
            "month": "2003-04",
            "price": "16.82",
            "revenue": 17981
        },
        "2003-05": {
            "month": "2003-05",
            "price": "16.46",
            "revenue": 31900
        },
        "2003-06": {
            "month": "2003-06",
            "price": "17.12",
            "revenue": 39512
        },
        "2003-07": {
            "month": "2003-07",
            "price": "17.90",
            "revenue": 18538
        },
        "2003-08": {
            "month": "2003-08",
            "price": "18.31",
            "revenue": 9072
        },
        "2003-09": {
            "month": "2003-09",
            "price": "18.30",
            "revenue": 134
        },
        "2003-10": {
            "month": "2003-10",
            "price": "16.37",
            "revenue": 158
        },
        "2003-11": {
            "month": "2003-11",
            "price": "13.61",
            "revenue": 142
        },
        "2003-12": {
            "month": "2003-12",
            "price": "12.54",
            "revenue": 442939
        },
        "2004-01": {
            "month": "2004-01",
            "price": "17.83",
            "revenue": 176
        },
        "2004-02": {
            "month": "2004-02",
            "price": "19.96",
            "revenue": -273
        },
        "2004-03": {
            "month": "2004-03",
            "price": "24.71",
            "revenue": 166
        },
        "2004-04": {
            "month": "2004-04",
            "price": "33.95",
            "revenue": -532
        },
        "2004-05": {
            "month": "2004-05",
            "price": "32.21",
            "revenue": 179
        },
        "2004-06": {
            "month": "2004-06",
            "price": "33.06",
            "revenue": 122
        },
        "2004-07": {
            "month": "2004-07",
            "price": "29.85",
            "revenue": 32249
        },
        "2004-08": {
            "month": "2004-08",
            "price": "30.86",
            "revenue": 26756
        },
        "2004-09": {
            "month": "2004-09",
            "price": "31.44",
            "revenue": 34176
        },
        "2004-10": {
            "month": "2004-10",
            "price": "31.46",
            "revenue": 626118
        },
        "2004-11": {
            "month": "2004-11",
            "price": "30.18",
            "revenue": 879
        },
        "2004-12": {
            "month": "2004-12",
            "price": "32.37",
            "revenue": 1496815
        },
        "2005-01": {
            "month": "2005-01",
            "price": "43.20",
            "revenue": 250
        },
        "2005-02": {
            "month": "2005-02",
            "price": "40.42",
            "revenue": 67715
        },
        "2005-03": {
            "month": "2005-03",
            "price": "43.66",
            "revenue": 170558
        },
        "2005-04": {
            "month": "2005-04",
            "price": "42.91",
            "revenue": 19378
        },
        "2005-05": {
            "month": "2005-05",
            "price": "41.65",
            "revenue": 47339
        },
        "2005-06": {
            "month": "2005-06",
            "price": "42.02",
            "revenue": 197124
        },
        "2005-07": {
            "month": "2005-07",
            "price": "41.71",
            "revenue": 526
        },
        "2005-08": {
            "month": "2005-08",
            "price": "32.70",
            "revenue": 2711
        },
        "2005-09": {
            "month": "2005-09",
            "price": "28.42",
            "revenue": 19825
        },
        "2005-10": {
            "month": "2005-10",
            "price": "25.41",
            "revenue": 9208
        },
        "2005-11": {
            "month": "2005-11",
            "price": "23.28",
            "revenue": 380211
        },
        "2005-12": {
            "month": "2005-12",
            "price": "29.00",
            "revenue": 1835302
        },
        "2006-01": {
            "month": "2006-01",
            "price": "29.67",
            "revenue": -286
        },
        "2006-02": {
            "month": "2006-02",
            "price": "28.29",
            "revenue": 2152
        },
        "2006-03": {
            "month": "2006-03",
            "price": "26.64",
            "revenue": 270938
        },
        "2006-04": {
            "month": "2006-04",
            "price": "35.78",
            "revenue": 93253
        },
        "2006-05": {
            "month": "2006-05",
            "price": "45.03",
            "revenue": 86945
        },
        "2006-06": {
            "month": "2006-06",
            "price": "42.70",
            "revenue": 158873
        },
        "2006-07": {
            "month": "2006-07",
            "price": "51.08",
            "revenue": 128022
        },
        "2006-08": {
            "month": "2006-08",
            "price": "41.63",
            "revenue": 61595
        },
        "2006-09": {
            "month": "2006-09",
            "price": "39.69",
            "revenue": 118018
        },
        "2006-10": {
            "month": "2006-10",
            "price": "47.51",
            "revenue": 30299
        },
        "2006-11": {
            "month": "2006-11",
            "price": "54.08",
            "revenue": 40078
        },
        "2006-12": {
            "month": "2006-12",
            "price": "63.73",
            "revenue": 4442560
        },
        "2007-01": {
            "month": "2007-01",
            "price": "55.86",
            "revenue": 46630
        },
        "2007-02": {
            "month": "2007-02",
            "price": "57.15",
            "revenue": 185799
        },
        "2007-03": {
            "month": "2007-03",
            "price": "62.21",
            "revenue": 1216828
        },
        "2007-04": {
            "month": "2007-04",
            "price": "65.56",
            "revenue": 441353
        },
        "2007-05": {
            "month": "2007-05",
            "price": "64.75",
            "revenue": 545304
        },
        "2007-06": {
            "month": "2007-06",
            "price": "66.36",
            "revenue": 292661
        },
        "2007-07": {
            "month": "2007-07",
            "price": "87.90",
            "revenue": 270553
        },
        "2007-08": {
            "month": "2007-08",
            "price": "82.13",
            "revenue": 465424
        },
        "2007-09": {
            "month": "2007-09",
            "price": "72.29",
            "revenue": 683364
        },
        "2007-10": {
            "month": "2007-10",
            "price": "64.15",
            "revenue": 741053
        },
        "2007-11": {
            "month": "2007-11",
            "price": "58.41",
            "revenue": 314776
        },
        "2007-12": {
            "month": "2007-12",
            "price": "56.02",
            "revenue": 881454
        },
        "2008-01": {
            "month": "2008-01",
            "price": "67.50",
            "revenue": 43512
        },
        "2008-02": {
            "month": "2008-02",
            "price": "80.24",
            "revenue": 122338
        },
        "2008-03": {
            "month": "2008-03",
            "price": "89.22",
            "revenue": 359078
        },
        "2008-04": {
            "month": "2008-04",
            "price": "101.81",
            "revenue": 561919
        },
        "2008-05": {
            "month": "2008-05",
            "price": "93.15",
            "revenue": 776267
        },
        "2008-06": {
            "month": "2008-06",
            "price": "74.43",
            "revenue": 482806
        },
        "2008-07": {
            "month": "2008-07",
            "price": "46.81",
            "revenue": 157253
        },
        "2008-08": {
            "month": "2008-08",
            "price": "37.88",
            "revenue": 207546
        },
        "2008-09": {
            "month": "2008-09",
            "price": "24.98",
            "revenue": 95198
        },
        "2008-10": {
            "month": "2008-10",
            "price": "15.70",
            "revenue": 142180
        },
        "2008-11": {
            "month": "2008-11",
            "price": "12.80",
            "revenue": 93363
        },
        "2008-12": {
            "month": "2008-12",
            "price": "13.21",
            "revenue": 142719
        },
        "2009-01": {
            "month": "2009-01",
            "price": "13.41",
            "revenue": 87862
        },
        "2009-02": {
            "month": "2009-02",
            "price": "12.47",
            "revenue": 214041
        },
        "2009-03": {
            "month": "2009-03",
            "price": "14.64",
            "revenue": 62464
        },
        "2009-04": {
            "month": "2009-04",
            "price": "26.70",
            "revenue": 77189
        },
        "2009-05": {
            "month": "2009-05",
            "price": "38.65",
            "revenue": 149203
        },
        "2009-06": {
            "month": "2009-06",
            "price": "39.34",
            "revenue": 130968
        },
        "2009-07": {
            "month": "2009-07",
            "price": "39.31",
            "revenue": 848222
        },
        "2009-08": {
            "month": "2009-08",
            "price": "33.69",
            "revenue": 23152
        },
        "2009-09": {
            "month": "2009-09",
            "price": "36.07",
            "revenue": 441410
        },
        "2009-10": {
            "month": "2009-10",
            "price": "37.80",
            "revenue": 114990
        },
        "2009-11": {
            "month": "2009-11",
            "price": "35.51",
            "revenue": 274150
        },
        "2009-12": {
            "month": "2009-12",
            "price": "36.27",
            "revenue": 514668
        },
        "2010-01": {
            "month": "2010-01",
            "price": "37.24",
            "revenue": 257838
        },
        "2010-02": {
            "month": "2010-02",
            "price": "33.10",
            "revenue": 111706
        },
        "2010-03": {
            "month": "2010-03",
            "price": "34.37",
            "revenue": 656875
        },
        "2010-04": {
            "month": "2010-04",
            "price": "35.07",
            "revenue": 199545
        },
        "2010-05": {
            "month": "2010-05",
            "price": "32.04",
            "revenue": 287098
        },
        "2010-06": {
            "month": "2010-06",
            "price": "30.79",
            "revenue": 134387
        },
        "2010-07": {
            "month": "2010-07",
            "price": "31.19",
            "revenue": 252129
        },
        "2010-08": {
            "month": "2010-08",
            "price": "32.76",
            "revenue": 89246
        },
        "2010-09": {
            "month": "2010-09",
            "price": "31.75",
            "revenue": 58652
        },
        "2010-10": {
            "month": "2010-10",
            "price": "31.63",
            "revenue": 112888
        },
        "2010-11": {
            "month": "2010-11",
            "price": "31.67",
            "revenue": 68173
        },
        "2010-12": {
            "month": "2010-12",
            "price": "37.19",
            "revenue": 285999
        },
        "2011-01": {
            "month": "2011-01",
            "price": "41.58",
            "revenue": 117549
        },
        "2011-02": {
            "month": "2011-02",
            "price": "38.09",
            "revenue": 3137
        },
        "2011-03": {
            "month": "2011-03",
            "price": "31.39",
            "revenue": 1152727
        },
        "2011-04": {
            "month": "2011-04",
            "price": "34.76",
            "revenue": 150182
        },
        "2011-05": {
            "month": "2011-05",
            "price": "39.09",
            "revenue": 1827526
        },
        "2011-06": {
            "month": "2011-06",
            "price": "40.21",
            "revenue": 223415
        },
        "2011-07": {
            "month": "2011-07",
            "price": "51.50",
            "revenue": 104990
        },
        "2011-08": {
            "month": "2011-08",
            "price": "38.19",
            "revenue": 247504
        },
        "2011-09": {
            "month": "2011-09",
            "price": "30.02",
            "revenue": 336965
        },
        "2011-10": {
            "month": "2011-10",
            "price": "30.03",
            "revenue": 234607
        },
        "2011-11": {
            "month": "2011-11",
            "price": "28.25",
            "revenue": 291636
        },
        "2011-12": {
            "month": "2011-12",
            "price": "21.66",
            "revenue": 453297
        },
        "2012-01": {
            "month": "2012-01",
            "price": "22.96",
            "revenue": 69094
        },
        "2012-02": {
            "month": "2012-02",
            "price": "28.62",
            "revenue": 141493
        },
        "2012-03": {
            "month": "2012-03",
            "price": "28.46",
            "revenue": 441631
        },
        "2012-04": {
            "month": "2012-04",
            "price": "26.49",
            "revenue": 41417
        },
        "2012-05": {
            "month": "2012-05",
            "price": "25.32",
            "revenue": 152177
        },
        "2012-06": {
            "month": "2012-06",
            "price": "24.52",
            "revenue": 44128
        },
        "2012-07": {
            "month": "2012-07",
            "price": "24.72",
            "revenue": 60774
        },
        "2012-08": {
            "month": "2012-08",
            "price": "23.26",
            "revenue": 24
        },
        "2012-09": {
            "month": "2012-09",
            "price": "24.20",
            "revenue": 304443
        },
        "2012-10": {
            "month": "2012-10",
            "price": "22.34",
            "revenue": 217665
        },
        "2012-11": {
            "month": "2012-11",
            "price": "20.75",
            "revenue": 413916
        },
        "2012-12": {
            "month": "2012-12",
            "price": "22.23",
            "revenue": 630472
        },
        "2013-01": {
            "month": "2013-01",
            "price": "23.38",
            "revenue": 37564
        },
        "2013-02": {
            "month": "2013-02",
            "price": "23.86",
            "revenue": 203266
        },
        "2013-03": {
            "month": "2013-03",
            "price": "22.81",
            "revenue": 205028
        },
        "2013-04": {
            "month": "2013-04",
            "price": "21.81",
            "revenue": 440068
        },
        "2013-05": {
            "month": "2013-05",
            "price": "23.46",
            "revenue": 368568
        },
        "2013-06": {
            "month": "2013-06",
            "price": "24.79",
            "revenue": 352926
        },
        "2013-07": {
            "month": "2013-07",
            "price": "24.64",
            "revenue": 665404
        },
        "2013-08": {
            "month": "2013-08",
            "price": "23.83",
            "revenue": 231960
        },
        "2013-09": {
            "month": "2013-09",
            "price": "22.82",
            "revenue": 589972
        },
        "2013-10": {
            "month": "2013-10",
            "price": "23.18",
            "revenue": 234897
        },
        "2013-11": {
            "month": "2013-11",
            "price": "24.20",
            "revenue": 2260027
        },
        "2013-12": {
            "month": "2013-12",
            "price": "25.10",
            "revenue": 2216701
        },
        "2014-01": {
            "month": "2014-01",
            "price": "25.52",
            "revenue": 43170
        },
        "2014-02": {
            "month": "2014-02",
            "price": "25.16",
            "revenue": 24834
        },
        "2014-03": {
            "month": "2014-03",
            "price": "24.41",
            "revenue": 524742
        },
        "2014-04": {
            "month": "2014-04",
            "price": "25.05",
            "revenue": 414699
        },
        "2014-05": {
            "month": "2014-05",
            "price": "25.04",
            "revenue": 1003597
        },
        "2014-06": {
            "month": "2014-06",
            "price": "25.42",
            "revenue": 485214
        },
        "2014-07": {
            "month": "2014-07",
            "price": "26.08",
            "revenue": 568238
        },
        "2014-08": {
            "month": "2014-08",
            "price": "21.86",
            "revenue": 388352
        },
        "2014-09": {
            "month": "2014-09",
            "price": "20.59",
            "revenue": 382042
        },
        "2014-10": {
            "month": "2014-10",
            "price": "18.58",
            "revenue": 461349
        },
        "2014-11": {
            "month": "2014-11",
            "price": "18.26",
            "revenue": 187362
        },
        "2014-12": {
            "month": "2014-12",
            "price": "18.89",
            "revenue": 552084
        },
        "2015-01": {
            "month": "2015-01",
            "price": "18.18",
            "revenue": 154526
        },
        "2015-02": {
            "month": "2015-02",
            "price": "17.94",
            "revenue": 71914
        },
        "2015-03": {
            "month": "2015-03",
            "price": "17.98",
            "revenue": 101498
        },
        "2015-04": {
            "month": "2015-04",
            "price": "17.88",
            "revenue": 218693
        },
        "2015-05": {
            "month": "2015-05",
            "price": "15.92",
            "revenue": 106909
        },
        "2015-06": {
            "month": "2015-06",
            "price": "14.98",
            "revenue": 112544
        },
        "2015-07": {
            "month": "2015-07",
            "price": "13.80",
            "revenue": 367962
        },
        "2015-08": {
            "month": "2015-08",
            "price": "11.17",
            "revenue": 114309
        },
        "2015-09": {
            "month": "2015-09",
            "price": "11.52",
            "revenue": 237665
        },
        "2015-10": {
            "month": "2015-10",
            "price": "11.55",
            "revenue": 304517
        },
        "2015-11": {
            "month": "2015-11",
            "price": "11.61",
            "revenue": 1235957
        },
        "2015-12": {
            "month": "2015-12",
            "price": "10.55",
            "revenue": 1769603
        },
        "2016-01": {
            "month": "2016-01",
            "price": "9.71",
            "revenue": 605323
        },
        "2016-02": {
            "month": "2016-02",
            "price": "10.29",
            "revenue": 1129731
        },
        "2016-03": {
            "month": "2016-03",
            "price": "12.52",
            "revenue": 302729
        },
        "2016-04": {
            "month": "2016-04",
            "price": "11.75",
            "revenue": 292130
        },
        "2016-05": {
            "month": "2016-05",
            "price": "10.96",
            "revenue": 234557
        },
        "2016-06": {
            "month": "2016-06",
            "price": "10.98",
            "revenue": 283052
        },
        "2016-07": {
            "month": "2016-07",
            "price": "10.78",
            "revenue": 82244
        },
        "2016-08": {
            "month": "2016-08",
            "price": "10.68",
            "revenue": 784070
        },
        "2016-09": {
            "month": "2016-09",
            "price": "10.70",
            "revenue": 272698
        },
        "2016-10": {
            "month": "2016-10",
            "price": "10.30",
            "revenue": 164283
        },
        "2016-11": {
            "month": "2016-11",
            "price": "10.10",
            "revenue": 44233
        },
        "2016-12": {
            "month": "2016-12",
            "price": "10.45",
            "revenue": 3233347
        },
        "2017-01": {
            "month": "2017-01",
            "price": "10.39",
            "revenue": 156580
        },
        "2017-02": {
            "month": "2017-02",
            "price": "11.01",
            "revenue": 140336
        },
        "2017-03": {
            "month": "2017-03",
            "price": "11.36",
            "revenue": 88635
        },
        "2017-04": {
            "month": "2017-04",
            "price": "10.69",
            "revenue": 60877
        },
        "2017-05": {
            "month": "2017-05",
            "price": "10.74",
            "revenue": 53747
        },
        "2017-06": {
            "month": "2017-06",
            "price": "10.78",
            "revenue": 101225
        },
        "2017-07": {
            "month": "2017-07",
            "price": "10.67",
            "revenue": 93230
        },
        "2017-08": {
            "month": "2017-08",
            "price": "10.35",
            "revenue": 83057
        },
        "2017-09": {
            "month": "2017-09",
            "price": "10.25",
            "revenue": 997507
        },
        "2017-10": {
            "month": "2017-10",
            "price": "10.27",
            "revenue": 240556
        },
        "2017-11": {
            "month": "2017-11",
            "price": "10.26",
            "revenue": 940677
        },
        "2017-12": {
            "month": "2017-12",
            "price": "10.33",
            "revenue": 1977102
        },
        "2018-01": {
            "month": "2018-01",
            "price": "11.85",
            "revenue": 82317
        },
        "2018-02": {
            "month": "2018-02",
            "price": "10.70",
            "revenue": 498506
        },
        "2018-03": {
            "month": "2018-03",
            "price": "10.67",
            "revenue": 200293
        },
        "2018-04": {
            "month": "2018-04",
            "price": "11.71",
            "revenue": 477514
        },
        "2018-05": {
            "month": "2018-05",
            "price": "11.80",
            "revenue": 887639
        },
        "2018-06": {
            "month": "2018-06",
            "price": "12.97",
            "revenue": 698297
        },
        "2018-07": {
            "month": "2018-07",
            "price": "12.27",
            "revenue": 698695
        },
        "2018-08": {
            "month": "2018-08",
            "price": "11.88",
            "revenue": 902651
        },
        "2018-09": {
            "month": "2018-09",
            "price": "11.72",
            "revenue": 1261629
        },
        "2018-10": {
            "month": "2018-10",
            "price": "10.65",
            "revenue": 468637
        },
        "2018-11": {
            "month": "2018-11",
            "price": "10.30",
            "revenue": 788726
        },
        "2018-12": {
            "month": "2018-12",
            "price": "10.37",
            "revenue": 386363
        },
        "2019-01": {
            "month": "2019-01",
            "price": "10.20",
            "revenue": 285375
        },
        "2019-02": {
            "month": "2019-02",
            "price": "10.55",
            "revenue": 167486
        },
        "2019-03": {
            "month": "2019-03",
            "price": "10.54",
            "revenue": 279240
        },
        "2019-04": {
            "month": "2019-04",
            "price": "10.25",
            "revenue": 264290
        },
        "2019-05": {
            "month": "2019-05",
            "price": "9.99",
            "revenue": 500012
        },
        "2019-06": {
            "month": "2019-06",
            "price": "9.97",
            "revenue": 288862
        },
        "2019-07": {
            "month": "2019-07",
            "price": "9.84",
            "revenue": 695343
        },
        "2019-08": {
            "month": "2019-08",
            "price": "9.55",
            "revenue": 541926
        },
        "2019-09": {
            "month": "2019-09",
            "price": "10.29",
            "revenue": 368669
        },
        "2019-10": {
            "month": "2019-10",
            "price": "12.01",
            "revenue": 566231
        },
        "2019-11": {
            "month": "2019-11",
            "price": "11.44",
            "revenue": 2692903
        },
        "2019-12": {
            "month": "2019-12",
            "price": "10.83",
            "revenue": 1048022
        },
        "2020-01": {
            "month": "2020-01",
            "price": "10.75",
            "revenue": 152044
        },
        "2020-02": {
            "month": "2020-02",
            "price": "9.37",
            "revenue": 133198
        },
        "2020-03": {
            "month": "2020-03",
            "price": "8.41",
            "revenue": 179496
        },
        "2020-04": {
            "month": "2020-04",
            "price": "8.84",
            "revenue": 140547
        },
        "2020-05": {
            "month": "2020-05",
            "price": "8.82",
            "revenue": 234548
        },
        "2020-06": {
            "month": "2020-06",
            "price": "9.41",
            "revenue": 384734
        },
        "2020-07": {
            "month": "2020-07",
            "price": "9.94",
            "revenue": 271794
        },
        "2020-08": {
            "month": "2020-08",
            "price": "9.82",
            "revenue": 358581
        },
        "2020-09": {
            "month": "2020-09",
            "price": "10.38",
            "revenue": 373411
        },
        "2020-10": {
            "month": "2020-10",
            "price": "10.31",
            "revenue": 311791
        },
        "2020-11": {
            "month": "2020-11",
            "price": "11.95",
            "revenue": 1395534
        },
        "2020-12": {
            "month": "2020-12",
            "price": "16.56",
            "revenue": 2011079
        },
        "2021-01": {
            "month": "2021-01",
            "price": "14.51",
            "revenue": 40292
        },
        "2021-02": {
            "month": "2021-02",
            "price": "14.38",
            "revenue": 32256
        },
        "2021-03": {
            "month": "2021-03",
            "price": "14.98",
            "revenue": 108761
        },
        "2021-04": {
            "month": "2021-04",
            "price": "15.33",
            "revenue": 169716
        },
        "2021-05": {
            "month": "2021-05",
            "price": "12.41",
            "revenue": 326667
        },
        "2021-06": {
            "month": "2021-06",
            "price": "12.15",
            "revenue": 227506
        },
        "2021-07": {
            "month": "2021-07",
            "price": "12.00",
            "revenue": 110151
        },
        "2021-08": {
            "month": "2021-08",
            "price": "11.79",
            "revenue": 82219
        },
        "2021-09": {
            "month": "2021-09",
            "price": "11.33",
            "revenue": 191092
        },
        "2021-10": {
            "month": "2021-10",
            "price": "10.78",
            "revenue": 189929
        },
        "2021-11": {
            "month": "2021-11",
            "price": "11.43",
            "revenue": 256834
        },
        "2021-12": {
            "month": "2021-12",
            "price": "11.09",
            "revenue": 1771812
        },
        "2022-01": {
            "month": "2022-01",
            "price": "10.59",
            "revenue": 145072
        },
        "2022-02": {
            "month": "2022-02",
            "price": "10.70",
            "revenue": 62229
        },
        "2022-03": {
            "month": "2022-03",
            "price": "10.57",
            "revenue": 107286
        },
        "2022-04": {
            "month": "2022-04",
            "price": "10.45",
            "revenue": 209885
        },
        "2022-05": {
            "month": "2022-05",
            "price": "9.73",
            "revenue": 75486
        },
        "2022-06": {
            "month": "2022-06",
            "price": "9.67",
            "revenue": 120406
        },
        "2022-07": {
            "month": "2022-07",
            "price": "9.28",
            "revenue": 111951
        },
        "2022-08": {
            "month": "2022-08",
            "price": "9.15",
            "revenue": 153713
        },
        "2022-09": {
            "month": "2022-09",
            "price": "9.10",
            "revenue": 81830
        },
        "2022-10": {
            "month": "2022-10",
            "price": "9.22",
            "revenue": 133315
        },
        "2022-11": {
            "month": "2022-11",
            "price": "9.23",
            "revenue": 52285
        },
        "2022-12": {
            "month": "2022-12",
            "price": "9.40",
            "revenue": 36858
        },
        "2023-01": {
            "month": "2023-01",
            "price": "9.21",
            "revenue": 106337
        },
        "2023-02": {
            "month": "2023-02",
            "price": "9.18",
            "revenue": 114630
        },
        "2023-03": {
            "month": "2023-03",
            "price": "9.16",
            "revenue": 2124355
        },
        "2023-04": {
            "month": "2023-04",
            "price": "9.77",
            "revenue": 180464
        },
        "2023-05": {
            "month": "2023-05",
            "price": "10.99",
            "revenue": 67859
        }
    }
}
