{
    "summary": {
        "stock_name": "皇鼎",
        "stock_id": "5533",
        "category": "建材營造",
        "main_business": "興建國民住宅、商業大樓及工業廠房之出租及出售",
        "website_url": "http://www.founding.com.tw",
        "ceo": "曹羅方",
        "pe_ratio": 7,
        "report_year_from": 2001,
        "report_year_to": 2023,
        "age": 22,
        "eps_negative_percentage": 4,
        "eps_growth_avg": {
            "last_all": 1.64,
            "last_2y": 65.14,
            "last_4y": 20.91,
            "last_8y": 5.6,
            "last_12y": 2.5,
            "last_16y": 7.15,
            "last_20y": 1.64,
            "at_2006_last_3y": 15.98,
            "at_2007_last_3y": 47.36,
            "at_2008_last_3y": 25.58,
            "at_2009_last_3y": 22.25,
            "at_2010_last_3y": 10,
            "at_2011_last_3y": 8.2,
            "at_2012_last_3y": 19.6,
            "at_2013_last_3y": -4.46,
            "at_2014_last_3y": 1.73,
            "at_2015_last_3y": -5.3,
            "at_2016_last_3y": -21.08,
            "at_2017_last_3y": -13.53,
            "at_2018_last_3y": -26.94,
            "at_2019_last_3y": -31.89,
            "at_2020_last_3y": 7.43,
            "at_2021_last_3y": 27.28,
            "at_2022_last_3y": 33.61,
            "at_2023_last_3y": 33.61,
            "at_2006_last_all": -10.23,
            "at_2007_last_all": -9.36,
            "at_2008_last_all": -14.42,
            "at_2009_last_all": 0.02,
            "at_2010_last_all": -0.11,
            "at_2011_last_all": -1.55,
            "at_2012_last_all": -0.81,
            "at_2013_last_all": -1.61,
            "at_2014_last_all": 0.5,
            "at_2015_last_all": -2.71,
            "at_2016_last_all": -6.6,
            "at_2017_last_all": -4.79,
            "at_2018_last_all": -6.36,
            "at_2019_last_all": -9.57,
            "at_2020_last_all": -3.48,
            "at_2021_last_all": 1.96,
            "at_2022_last_all": 1.64,
            "at_2023_last_all": 1.64
        },
        "latest_eps": 2.83,
        "latest_price": 19.55,
        "latest_roe": 8.9,
        "latest_gross_margin": 32.83,
        "latest_equity": 9319109,
        "latest_revenue": 1063243,
        "latest_gross_profit": 349032,
        "latest_net_income": 232422,
        "latest_debt_ratio": 24.36,
        "latest_current_ratio": 463.25,
        "latest_account_receivable_turnover_ratio": 57.03,
        "latest_inventory_turnover_ratio": 0.16,
        "latest_reinvestment_rate": -74.56,
        "latest_research_to_sale_ratio": null
    },
    "eps_dividends": {
        "1999": {
            "cash": 0.5,
            "stock": 3,
            "eps": 0
        },
        "2000": {
            "cash": 0,
            "stock": 3.5,
            "eps": 0
        },
        "2001": {
            "cash": 1,
            "stock": 1.5,
            "eps": 2.69
        },
        "2002": {
            "cash": 1.8,
            "stock": 0,
            "eps": 0.3
        },
        "2003": {
            "cash": 0.7,
            "stock": 0,
            "eps": -1.95
        },
        "2004": {
            "cash": 0.3,
            "stock": 0,
            "eps": 0.86
        },
        "2005": {
            "cash": 0.5,
            "stock": 0.3,
            "eps": 2.42
        },
        "2006": {
            "cash": 0.8,
            "stock": 0.55,
            "eps": 3.58
        },
        "2007": {
            "cash": 0.8,
            "stock": 1.5,
            "eps": 3.37
        },
        "2008": {
            "cash": 0.8,
            "stock": 1.5,
            "eps": 2.03
        },
        "2009": {
            "cash": 0.5,
            "stock": 0.7,
            "eps": 3.79
        },
        "2010": {
            "cash": 0.6,
            "stock": 0.9,
            "eps": 3.75
        },
        "2011": {
            "cash": 1.1,
            "stock": 1.6,
            "eps": 3.26
        },
        "2012": {
            "cash": 0,
            "stock": 0,
            "eps": 3.45
        },
        "2013": {
            "cash": 0.5,
            "stock": 0.7,
            "eps": 3.12
        },
        "2014": {
            "cash": 0.5,
            "stock": 0.5,
            "eps": 3.86
        },
        "2015": {
            "cash": 0.6,
            "stock": 0.6,
            "eps": 2.27
        },
        "2016": {
            "cash": 0.5,
            "stock": 0.5,
            "eps": 0.97
        },
        "2017": {
            "cash": 0.65,
            "stock": 0,
            "eps": 1.17
        },
        "2018": {
            "cash": 0.7,
            "stock": 0,
            "eps": 0.82
        },
        "2019": {
            "cash": 0.7,
            "stock": 0,
            "eps": 0.32
        },
        "2020": {
            "cash": 0.5,
            "stock": 0,
            "eps": 0.85
        },
        "2021": {
            "cash": 0.6,
            "stock": 0,
            "eps": 3.72
        },
        "2022": {
            "cash": 1,
            "stock": 0,
            "eps": 3.55
        },
        "2023": {
            "cash": 1.2,
            "stock": 0,
            "eps": 2.11
        }
    },
    "dividends": {
        "1999-04-30": {
            "cash": 0.5,
            "stock": 3
        },
        "2000-04-28": {
            "cash": 0,
            "stock": 3.5
        },
        "2001-05-25": {
            "cash": 1,
            "stock": 1.5
        },
        "2002-04-26": {
            "cash": 1.8,
            "stock": 0
        },
        "2003-02-21": {
            "cash": 0.7,
            "stock": 0
        },
        "2004-03-12": {
            "cash": 0.3,
            "stock": 0
        },
        "2005-02-14": {
            "cash": 0.5,
            "stock": 0.3
        },
        "2006-03-20": {
            "cash": 0.8,
            "stock": 0.55
        },
        "2007-03-16": {
            "cash": 0.8,
            "stock": 1.5
        },
        "2008-01-15": {
            "cash": 0.8,
            "stock": 1.5
        },
        "2009-04-01": {
            "cash": 0.5,
            "stock": 0.7
        },
        "2010-03-17": {
            "cash": 0.6,
            "stock": 0.9
        },
        "2011-01-01": {
            "cash": 0.5,
            "stock": 0.7
        },
        "2011-03-21": {
            "cash": 0.6,
            "stock": 0.9
        },
        "2013-02-27": {
            "cash": 0.5,
            "stock": 0.7
        },
        "2014-06-06": {
            "cash": 0.5,
            "stock": 0.5
        },
        "2015-08-14": {
            "cash": 0.6,
            "stock": 0.6
        },
        "2016-08-09": {
            "cash": 0.5,
            "stock": 0.5
        },
        "2017-07-12": {
            "cash": 0.65,
            "stock": 0
        },
        "2018-07-18": {
            "cash": 0.7,
            "stock": 0
        },
        "2019-07-23": {
            "cash": 0.7,
            "stock": 0
        },
        "2020-07-20": {
            "cash": 0.5,
            "stock": 0
        },
        "2021-07-09": {
            "cash": 0.6,
            "stock": 0
        },
        "2022-07-01": {
            "cash": 1,
            "stock": 0
        },
        "2023-07-28": {
            "cash": 1.2,
            "stock": 0
        }
    },
    "prices": {
        "200101": "無",
        "200102": "無",
        "200103": "無",
        "200104": "無",
        "200105": "無",
        "200106": "無",
        "200107": "無",
        "200108": "10.47",
        "200109": "9.08",
        "200110": "8.06",
        "200111": "7.07",
        "200112": "8.04",
        "200201": "9.28",
        "200202": "9.70",
        "200203": "10.05",
        "200204": "12.36",
        "200205": "10.69",
        "200206": "8.91",
        "200207": "8.32",
        "200208": "8.48",
        "200209": "8.35",
        "200210": "7.51",
        "200211": "6.96",
        "200212": "6.61",
        "200301": "6.64",
        "200302": "6.43",
        "200303": "6.34",
        "200304": "6.37",
        "200305": "5.65",
        "200306": "5.42",
        "200307": "6.18",
        "200308": "6.41",
        "200309": "5.76",
        "200310": "7.06",
        "200311": "6.20",
        "200312": "6.20",
        "200401": "8.32",
        "200402": "9.48",
        "200403": "9.09",
        "200404": "8.45",
        "200405": "8.17",
        "200406": "8.10",
        "200407": "7.27",
        "200408": "6.80",
        "200409": "7.61",
        "200410": "7.34",
        "200411": "8.09",
        "200412": "9.09",
        "200501": "12.33",
        "200502": "12.48",
        "200503": "11.32",
        "200504": "10.63",
        "200505": "10.94",
        "200506": "11.50",
        "200507": "11.25",
        "200508": "10.12",
        "200509": "10.21",
        "200510": "10.32",
        "200511": "9.92",
        "200512": "11.22",
        "200601": "12.51",
        "200602": "12.44",
        "200603": "12.43",
        "200604": "14.42",
        "200605": "22.70",
        "200606": "20.84",
        "200607": "21.95",
        "200608": "19.17",
        "200609": "17.72",
        "200610": "22.24",
        "200611": "26.80",
        "200612": "26.58",
        "200701": "24.04",
        "200702": "24.26",
        "200703": "24.05",
        "200704": "24.74",
        "200705": "24.46",
        "200706": "24.04",
        "200707": "27.36",
        "200708": "25.17",
        "200709": "22.37",
        "200710": "22.59",
        "200711": "20.84",
        "200712": "19.54",
        "200801": "23.37",
        "200802": "25.51",
        "200803": "30.27",
        "200804": "31.40",
        "200805": "31.57",
        "200806": "22.48",
        "200807": "15.93",
        "200808": "15.33",
        "200809": "12.08",
        "200810": "9.82",
        "200811": "10.13",
        "200812": "10.05",
        "200901": "9.77",
        "200902": "9.36",
        "200903": "10.13",
        "200904": "13.79",
        "200905": "16.08",
        "200906": "19.22",
        "200907": "24.50",
        "200908": "22.12",
        "200909": "24.50",
        "200910": "26.59",
        "200911": "26.26",
        "200912": "25.96",
        "201001": "26.16",
        "201002": "23.45",
        "201003": "24.08",
        "201004": "24.95",
        "201005": "22.74",
        "201006": "21.69",
        "201007": "21.62",
        "201008": "20.80",
        "201009": "21.64",
        "201010": "21.48",
        "201011": "24.25",
        "201012": "26.03",
        "201101": "25.68",
        "201102": "24.52",
        "201103": "21.50",
        "201104": "22.03",
        "201105": "24.25",
        "201106": "24.31",
        "201107": "23.67",
        "201108": "20.33",
        "201109": "19.31",
        "201110": "19.09",
        "201111": "18.98",
        "201112": "17.75",
        "201201": "17.51",
        "201202": "18.84",
        "201203": "19.28",
        "201204": "18.49",
        "201205": "17.87",
        "201206": "17.57",
        "201207": "17.49",
        "201208": "17.62",
        "201209": "18.34",
        "201210": "18.08",
        "201211": "18.16",
        "201212": "18.87",
        "201301": "20.59",
        "201302": "21.00",
        "201303": "21.26",
        "201304": "21.00",
        "201305": "21.00",
        "201306": "21.03",
        "201307": "20.25",
        "201308": "19.90",
        "201309": "19.45",
        "201310": "19.23",
        "201311": "19.18",
        "201312": "19.18",
        "201401": "19.00",
        "201402": "19.16",
        "201403": "19.15",
        "201404": "19.02",
        "201405": "18.91",
        "201406": "19.02",
        "201407": "18.70",
        "201408": "19.19",
        "201409": "20.56",
        "201410": "20.30",
        "201411": "20.43",
        "201412": "20.32",
        "201501": "20.22",
        "201502": "20.34",
        "201503": "20.56",
        "201504": "20.56",
        "201505": "20.72",
        "201506": "19.90",
        "201507": "19.06",
        "201508": "17.33",
        "201509": "16.96",
        "201510": "17.10",
        "201511": "17.01",
        "201512": "16.88",
        "201601": "16.80",
        "201602": "16.97",
        "201603": "17.35",
        "201604": "17.24",
        "201605": "17.00",
        "201606": "17.14",
        "201607": "16.51",
        "201608": "15.98",
        "201609": "15.64",
        "201610": "15.69",
        "201611": "15.70",
        "201612": "15.73",
        "201701": "15.68",
        "201702": "15.79",
        "201703": "15.80",
        "201704": "15.76",
        "201705": "15.36",
        "201706": "15.40",
        "201707": "15.51",
        "201708": "15.46",
        "201709": "15.51",
        "201710": "15.47",
        "201711": "15.53",
        "201712": "15.74",
        "201801": "16.11",
        "201802": "15.89",
        "201803": "15.92",
        "201804": "16.35",
        "201805": "16.50",
        "201806": "16.57",
        "201807": "16.48",
        "201808": "16.47",
        "201809": "16.10",
        "201810": "15.72",
        "201811": "16.16",
        "201812": "15.93",
        "201901": "15.98",
        "201902": "16.38",
        "201903": "16.36",
        "201904": "16.23",
        "201905": "16.09",
        "201906": "16.06",
        "201907": "15.73",
        "201908": "15.73",
        "201909": "15.83",
        "201910": "15.93",
        "201911": "16.00",
        "201912": "15.89",
        "202001": "15.98",
        "202002": "15.71",
        "202003": "14.70",
        "202004": "15.27",
        "202005": "15.43",
        "202006": "16.36",
        "202007": "16.07",
        "202008": "16.09",
        "202009": "16.03",
        "202010": "16.03",
        "202011": "16.04",
        "202012": "16.11",
        "202101": "16.15",
        "202102": "16.23",
        "202103": "16.44",
        "202104": "16.74",
        "202105": "16.35",
        "202106": "15.75",
        "202107": "16.78",
        "202108": "16.85",
        "202109": "17.60",
        "202110": "18.80",
        "202111": "18.94",
        "202112": "19.07",
        "202201": "19.08",
        "202202": "19.37",
        "202203": "19.23",
        "202204": "19.36",
        "202205": "19.16",
        "202206": "18.82",
        "202207": "17.40",
        "202208": "18.57",
        "202209": "18.29",
        "202210": "16.84",
        "202211": "17.60",
        "202212": "17.56",
        "202301": "17.28",
        "202302": "17.35",
        "202303": "17.83",
        "202304": "18.45",
        "202305": "19.21",
        "202306": "19.51",
        "202307": "18.16",
        "202308": "18.41",
        "202309": "19.26",
        "202310": "19.76"
    },
    "quarters": {
        "20011": {
            "year_quarter": 20011,
            "year": 2001,
            "quarter": 1,
            "eps": 2.16,
            "eps_growth_year": -6.09,
            "eps_4q": 5.72,
            "eps_4q_growth_year": null,
            "roe": 11.43,
            "roe_4q": 11.43,
            "gross_profit": 267666,
            "gross_margin": 30.12,
            "gross_margin_4q_avg": 30.12,
            "net_income": 235149,
            "net_income_4q": null,
            "revenue": 888582,
            "revenue_4q": null,
            "common_shares": 1088880,
            "book_valuer_per_share": 19.97,
            "book_valuer_per_share_4q_avg": 19.97,
            "equity": 2174645,
            "current_ratio": 154.63,
            "debt_ratio": 64.27,
            "inventory_turnover_ratio": 0.12,
            "account_receivable_turnover_ratio": null,
            "reinvestment_rate": null,
            "research_to_sale_ratio": null,
            "price_fair": 0,
            "eps_avg_yearly": 0,
            "eps_latest_yearly": 0,
            "eps_growth_yearly": 0
        },
        "20012": {
            "year_quarter": 20012,
            "year": 2001,
            "quarter": 2,
            "eps": -0.03,
            "eps_growth_year": -101.27,
            "eps_4q": 3.32,
            "eps_4q_growth_year": null,
            "roe": -0.2,
            "roe_4q": 11.23,
            "gross_profit": 59471,
            "gross_margin": 16.49,
            "gross_margin_4q_avg": 23.31,
            "net_income": -4241,
            "net_income_4q": null,
            "revenue": 360752,
            "revenue_4q": null,
            "common_shares": 1088880,
            "book_valuer_per_share": 18.91,
            "book_valuer_per_share_4q_avg": 19.44,
            "equity": 2058716,
            "current_ratio": 155,
            "debt_ratio": 62.68,
            "inventory_turnover_ratio": 0.06,
            "account_receivable_turnover_ratio": null,
            "reinvestment_rate": null,
            "research_to_sale_ratio": null,
            "price_fair": 0,
            "eps_avg_yearly": 0,
            "eps_latest_yearly": 0,
            "eps_growth_yearly": 0
        },
        "20013": {
            "year_quarter": 20013,
            "year": 2001,
            "quarter": 3,
            "eps": 0.23,
            "eps_growth_year": -80.51,
            "eps_4q": 2.05,
            "eps_4q_growth_year": null,
            "roe": 1.42,
            "roe_4q": 12.65,
            "gross_profit": 59134,
            "gross_margin": 17.12,
            "gross_margin_4q_avg": 21.24,
            "net_income": 29445,
            "net_income_4q": null,
            "revenue": 345367,
            "revenue_4q": null,
            "common_shares": 1258000,
            "book_valuer_per_share": 16.6,
            "book_valuer_per_share_4q_avg": 18.49,
            "equity": 2088161,
            "current_ratio": 155,
            "debt_ratio": 62.6,
            "inventory_turnover_ratio": 0.06,
            "account_receivable_turnover_ratio": null,
            "reinvestment_rate": null,
            "research_to_sale_ratio": null,
            "price_fair": 0,
            "eps_avg_yearly": 0,
            "eps_latest_yearly": 0,
            "eps_growth_yearly": 0
        },
        "20014": {
            "year_quarter": 20014,
            "year": 2001,
            "quarter": 4,
            "eps": 0.33,
            "eps_growth_year": 1000,
            "eps_4q": 2.39,
            "eps_4q_growth_year": -62.14,
            "roe": 1.98,
            "roe_4q": 14.629999999999999,
            "gross_profit": 67706,
            "gross_margin": 13.98,
            "gross_margin_4q_avg": 19.43,
            "net_income": 41778,
            "net_income_4q": null,
            "revenue": 484449,
            "revenue_4q": null,
            "common_shares": 1258000,
            "book_valuer_per_share": 16.93,
            "book_valuer_per_share_4q_avg": 18.1,
            "equity": 2135201,
            "current_ratio": 165.99,
            "debt_ratio": 61.18,
            "inventory_turnover_ratio": 0.09,
            "account_receivable_turnover_ratio": null,
            "reinvestment_rate": null,
            "research_to_sale_ratio": null,
            "price_fair": 0,
            "eps_avg_yearly": 0,
            "eps_latest_yearly": 0,
            "eps_growth_yearly": 0
        },
        "20021": {
            "year_quarter": 20021,
            "year": 2002,
            "quarter": 1,
            "eps": 0.26,
            "eps_growth_year": -87.96,
            "eps_4q": 0.78,
            "eps_4q_growth_year": -86.33,
            "roe": 1.55,
            "roe_4q": 4.75,
            "gross_profit": 63274,
            "gross_margin": 12.56,
            "gross_margin_4q_avg": 15.04,
            "net_income": 33333,
            "net_income_4q": null,
            "revenue": 503738,
            "revenue_4q": null,
            "common_shares": 1258000,
            "book_valuer_per_share": 17.2,
            "book_valuer_per_share_4q_avg": 17.41,
            "equity": 2163272,
            "current_ratio": 171.07,
            "debt_ratio": 58.69,
            "inventory_turnover_ratio": 0.09,
            "account_receivable_turnover_ratio": null,
            "reinvestment_rate": null,
            "research_to_sale_ratio": null,
            "price_fair": 3.12,
            "eps_avg_yearly": 1.04,
            "eps_latest_yearly": 1.04,
            "eps_growth_yearly": -84.85
        },
        "20022": {
            "year_quarter": 20022,
            "year": 2002,
            "quarter": 2,
            "eps": 0.04,
            "eps_growth_year": null,
            "eps_4q": 0.94,
            "eps_4q_growth_year": -71.85,
            "roe": 0.23,
            "roe_4q": 5.18,
            "gross_profit": 67701,
            "gross_margin": 8.36,
            "gross_margin_4q_avg": 13.01,
            "net_income": 4668,
            "net_income_4q": null,
            "revenue": 809609,
            "revenue_4q": null,
            "common_shares": 1258000,
            "book_valuer_per_share": 15.43,
            "book_valuer_per_share_4q_avg": 16.54,
            "equity": 1940500,
            "current_ratio": 160.45,
            "debt_ratio": 58.98,
            "inventory_turnover_ratio": 0.17,
            "account_receivable_turnover_ratio": null,
            "reinvestment_rate": null,
            "research_to_sale_ratio": null,
            "price_fair": 1.8,
            "eps_avg_yearly": 0.6,
            "eps_latest_yearly": 0.16,
            "eps_growth_yearly": -211.66
        },
        "20023": {
            "year_quarter": 20023,
            "year": 2002,
            "quarter": 3,
            "eps": 0.15,
            "eps_growth_year": -34.78,
            "eps_4q": 0.79,
            "eps_4q_growth_year": -61.33,
            "roe": 0.97,
            "roe_4q": 4.73,
            "gross_profit": 56125,
            "gross_margin": 5.09,
            "gross_margin_4q_avg": 10,
            "net_income": 18565,
            "net_income_4q": null,
            "revenue": 1103387,
            "revenue_4q": null,
            "common_shares": 1258000,
            "book_valuer_per_share": 14.99,
            "book_valuer_per_share_4q_avg": 16.14,
            "equity": 1886132,
            "current_ratio": 201.64,
            "debt_ratio": 49.09,
            "inventory_turnover_ratio": 0.29,
            "account_receivable_turnover_ratio": null,
            "reinvestment_rate": null,
            "research_to_sale_ratio": null,
            "price_fair": 21,
            "eps_avg_yearly": 0.6,
            "eps_latest_yearly": 0.6,
            "eps_growth_yearly": 225.56
        },
        "20024": {
            "year_quarter": 20024,
            "year": 2002,
            "quarter": 4,
            "eps": -0.15,
            "eps_growth_year": -145.45,
            "eps_4q": 0.33,
            "eps_4q_growth_year": -86.38,
            "roe": -1,
            "roe_4q": 1.75,
            "gross_profit": -9273,
            "gross_margin": -7.31,
            "gross_margin_4q_avg": 4.68,
            "net_income": -18797,
            "net_income_4q": null,
            "revenue": 126828,
            "revenue_4q": null,
            "common_shares": 1158000,
            "book_valuer_per_share": 16.03,
            "book_valuer_per_share_4q_avg": 15.91,
            "equity": 1859284,
            "current_ratio": 192.12,
            "debt_ratio": 51.58,
            "inventory_turnover_ratio": 0.04,
            "account_receivable_turnover_ratio": null,
            "reinvestment_rate": null,
            "research_to_sale_ratio": null,
            "price_fair": 21,
            "eps_avg_yearly": 0.6,
            "eps_latest_yearly": 0.6,
            "eps_growth_yearly": 225.56
        },
        "20031": {
            "year_quarter": 20031,
            "year": 2003,
            "quarter": 1,
            "eps": -0.11,
            "eps_growth_year": -142.31,
            "eps_4q": -0.07,
            "eps_4q_growth_year": -109.36,
            "roe": -0.72,
            "roe_4q": -0.52,
            "gross_profit": 18165,
            "gross_margin": 13.83,
            "gross_margin_4q_avg": 4.99,
            "net_income": -13286,
            "net_income_4q": null,
            "revenue": 131373,
            "revenue_4q": null,
            "common_shares": 1158000,
            "book_valuer_per_share": 15.91,
            "book_valuer_per_share_4q_avg": 15.59,
            "equity": 1842490,
            "current_ratio": 191.11,
            "debt_ratio": 51.68,
            "inventory_turnover_ratio": 0.03,
            "account_receivable_turnover_ratio": null,
            "reinvestment_rate": null,
            "research_to_sale_ratio": null,
            "price_fair": 21,
            "eps_avg_yearly": 0.6,
            "eps_latest_yearly": 0.6,
            "eps_growth_yearly": 225.56
        },
        "20032": {
            "year_quarter": 20032,
            "year": 2003,
            "quarter": 2,
            "eps": -0.33,
            "eps_growth_year": -925,
            "eps_4q": -0.44,
            "eps_4q_growth_year": -147.45,
            "roe": -2.13,
            "roe_4q": -2.88,
            "gross_profit": -1404,
            "gross_margin": -0.66,
            "gross_margin_4q_avg": 2.74,
            "net_income": -37904,
            "net_income_4q": null,
            "revenue": 212022,
            "revenue_4q": null,
            "common_shares": 1158000,
            "book_valuer_per_share": 14.87,
            "book_valuer_per_share_4q_avg": 15.45,
            "equity": 1722066,
            "current_ratio": 184.11,
            "debt_ratio": 52.09,
            "inventory_turnover_ratio": 0.07,
            "account_receivable_turnover_ratio": null,
            "reinvestment_rate": null,
            "research_to_sale_ratio": null,
            "price_fair": 21,
            "eps_avg_yearly": 0.6,
            "eps_latest_yearly": 0.6,
            "eps_growth_yearly": 225.56
        },
        "20033": {
            "year_quarter": 20033,
            "year": 2003,
            "quarter": 3,
            "eps": -1.48,
            "eps_growth_year": -1086.67,
            "eps_4q": -2.08,
            "eps_4q_growth_year": -362,
            "roe": -10.45,
            "roe_4q": -14.299999999999999,
            "gross_profit": -34615,
            "gross_margin": -16.74,
            "gross_margin_4q_avg": -2.72,
            "net_income": -171090,
            "net_income_4q": null,
            "revenue": 206801,
            "revenue_4q": null,
            "common_shares": 1158000,
            "book_valuer_per_share": 13.39,
            "book_valuer_per_share_4q_avg": 15.05,
            "equity": 1550901,
            "current_ratio": 165.52,
            "debt_ratio": 52.78,
            "inventory_turnover_ratio": 0.09,
            "account_receivable_turnover_ratio": null,
            "reinvestment_rate": null,
            "research_to_sale_ratio": null,
            "price_fair": 21,
            "eps_avg_yearly": 0.6,
            "eps_latest_yearly": 0.6,
            "eps_growth_yearly": 225.56
        },
        "20034": {
            "year_quarter": 20034,
            "year": 2003,
            "quarter": 4,
            "eps": -0.03,
            "eps_growth_year": null,
            "eps_4q": -1.95,
            "eps_4q_growth_year": -699.05,
            "roe": -0.2,
            "roe_4q": -13.499999999999998,
            "gross_profit": -2733,
            "gross_margin": -0.65,
            "gross_margin_4q_avg": -1.06,
            "net_income": -3081,
            "net_income_4q": null,
            "revenue": 420300,
            "revenue_4q": null,
            "common_shares": 1150000,
            "book_valuer_per_share": 13.41,
            "book_valuer_per_share_4q_avg": 14.4,
            "equity": 1545852,
            "current_ratio": 149.51,
            "debt_ratio": 52.28,
            "inventory_turnover_ratio": 0.19,
            "account_receivable_turnover_ratio": null,
            "reinvestment_rate": 3.86,
            "research_to_sale_ratio": null,
            "price_fair": 21,
            "eps_avg_yearly": 0.6,
            "eps_latest_yearly": 0.6,
            "eps_growth_yearly": 225.56
        },
        "20041": {
            "year_quarter": 20041,
            "year": 2004,
            "quarter": 1,
            "eps": 0.08,
            "eps_growth_year": null,
            "eps_4q": -1.84,
            "eps_4q_growth_year": null,
            "roe": 0.57,
            "roe_4q": -12.21,
            "gross_profit": 31500,
            "gross_margin": 5.1,
            "gross_margin_4q_avg": -3.24,
            "net_income": 8857,
            "net_income_4q": null,
            "revenue": 617861,
            "revenue_4q": null,
            "common_shares": 1150000,
            "book_valuer_per_share": 13.49,
            "book_valuer_per_share_4q_avg": 13.79,
            "equity": 1551489,
            "current_ratio": 182.81,
            "debt_ratio": 45.37,
            "inventory_turnover_ratio": 0.36,
            "account_receivable_turnover_ratio": null,
            "reinvestment_rate": 160.6,
            "research_to_sale_ratio": null,
            "price_fair": 21,
            "eps_avg_yearly": 0.6,
            "eps_latest_yearly": 0.6,
            "eps_growth_yearly": 225.56
        },
        "20042": {
            "year_quarter": 20042,
            "year": 2004,
            "quarter": 2,
            "eps": 0.31,
            "eps_growth_year": null,
            "eps_4q": -1.12,
            "eps_4q_growth_year": null,
            "roe": 2.31,
            "roe_4q": -7.77,
            "gross_profit": 62437,
            "gross_margin": 15.77,
            "gross_margin_4q_avg": 0.87,
            "net_income": 35865,
            "net_income_4q": null,
            "revenue": 396008,
            "revenue_4q": null,
            "common_shares": 1150000,
            "book_valuer_per_share": 13.49,
            "book_valuer_per_share_4q_avg": 13.45,
            "equity": 1551794,
            "current_ratio": 157.42,
            "debt_ratio": 51.16,
            "inventory_turnover_ratio": 0.22,
            "account_receivable_turnover_ratio": null,
            "reinvestment_rate": 290.51,
            "research_to_sale_ratio": null,
            "price_fair": 26.6,
            "eps_avg_yearly": 0.76,
            "eps_latest_yearly": 1.24,
            "eps_growth_yearly": 456.67
        },
        "20043": {
            "year_quarter": 20043,
            "year": 2004,
            "quarter": 3,
            "eps": 0.62,
            "eps_growth_year": null,
            "eps_4q": 0.98,
            "eps_4q_growth_year": null,
            "roe": 4.49,
            "roe_4q": 7.170000000000001,
            "gross_profit": 99153,
            "gross_margin": 17.45,
            "gross_margin_4q_avg": 9.42,
            "net_income": 71309,
            "net_income_4q": null,
            "revenue": 568252,
            "revenue_4q": null,
            "common_shares": 1150000,
            "book_valuer_per_share": 14.11,
            "book_valuer_per_share_4q_avg": 13.63,
            "equity": 1623104,
            "current_ratio": 165.76,
            "debt_ratio": 45.21,
            "inventory_turnover_ratio": 0.29,
            "account_receivable_turnover_ratio": null,
            "reinvestment_rate": 412.66,
            "research_to_sale_ratio": null,
            "price_fair": 38.64,
            "eps_avg_yearly": 1.1,
            "eps_latest_yearly": 2.48,
            "eps_growth_yearly": 445.34
        },
        "20044": {
            "year_quarter": 20044,
            "year": 2004,
            "quarter": 4,
            "eps": -0.15,
            "eps_growth_year": null,
            "eps_4q": 0.86,
            "eps_4q_growth_year": null,
            "roe": -1.04,
            "roe_4q": 6.33,
            "gross_profit": 29294,
            "gross_margin": 21.5,
            "gross_margin_4q_avg": 14.96,
            "net_income": -16739,
            "net_income_4q": null,
            "revenue": 136264,
            "revenue_4q": null,
            "common_shares": 1150000,
            "book_valuer_per_share": 13.97,
            "book_valuer_per_share_4q_avg": 13.77,
            "equity": 1606364,
            "current_ratio": 143.55,
            "debt_ratio": 54.97,
            "inventory_turnover_ratio": 0.06,
            "account_receivable_turnover_ratio": null,
            "reinvestment_rate": 449.33,
            "research_to_sale_ratio": null,
            "price_fair": 38.64,
            "eps_avg_yearly": 1.1,
            "eps_latest_yearly": 2.48,
            "eps_growth_yearly": 445.34
        },
        "20051": {
            "year_quarter": 20051,
            "year": 2005,
            "quarter": 1,
            "eps": 0.02,
            "eps_growth_year": -75,
            "eps_4q": 0.87,
            "eps_4q_growth_year": null,
            "roe": 0.13,
            "roe_4q": 5.890000000000001,
            "gross_profit": 16897,
            "gross_margin": 27.01,
            "gross_margin_4q_avg": 20.43,
            "net_income": 2121,
            "net_income_4q": null,
            "revenue": 62563,
            "revenue_4q": null,
            "common_shares": 1150000,
            "book_valuer_per_share": 13.99,
            "book_valuer_per_share_4q_avg": 13.89,
            "equity": 1608485,
            "current_ratio": 137.82,
            "debt_ratio": 57.93,
            "inventory_turnover_ratio": 0.02,
            "account_receivable_turnover_ratio": null,
            "reinvestment_rate": null,
            "research_to_sale_ratio": null,
            "price_fair": 38.64,
            "eps_avg_yearly": 1.1,
            "eps_latest_yearly": 2.48,
            "eps_growth_yearly": 445.34
        },
        "20052": {
            "year_quarter": 20052,
            "year": 2005,
            "quarter": 2,
            "eps": 1.16,
            "eps_growth_year": 274.19,
            "eps_4q": 1.64,
            "eps_4q_growth_year": null,
            "roe": 8.33,
            "roe_4q": 11.91,
            "gross_profit": 167072,
            "gross_margin": 15.11,
            "gross_margin_4q_avg": 20.27,
            "net_income": 137252,
            "net_income_4q": null,
            "revenue": 1105397,
            "revenue_4q": null,
            "common_shares": 1150000,
            "book_valuer_per_share": 14.67,
            "book_valuer_per_share_4q_avg": 14.19,
            "equity": 1686528,
            "current_ratio": 138.68,
            "debt_ratio": 60.69,
            "inventory_turnover_ratio": 0.33,
            "account_receivable_turnover_ratio": null,
            "reinvestment_rate": 409.37,
            "research_to_sale_ratio": null,
            "price_fair": 59.27,
            "eps_avg_yearly": 1.69,
            "eps_latest_yearly": 4.64,
            "eps_growth_yearly": 4171.11
        },
        "20053": {
            "year_quarter": 20053,
            "year": 2005,
            "quarter": 3,
            "eps": 0.31,
            "eps_growth_year": -50,
            "eps_4q": 1.34,
            "eps_4q_growth_year": 36.4,
            "roe": 2.17,
            "roe_4q": 9.59,
            "gross_profit": 46274,
            "gross_margin": 19.68,
            "gross_margin_4q_avg": 20.83,
            "net_income": 36927,
            "net_income_4q": null,
            "revenue": 235143,
            "revenue_4q": null,
            "common_shares": 1184500,
            "book_valuer_per_share": 14.53,
            "book_valuer_per_share_4q_avg": 14.29,
            "equity": 1721062,
            "current_ratio": 131.5,
            "debt_ratio": 64.42,
            "inventory_turnover_ratio": 0.06,
            "account_receivable_turnover_ratio": null,
            "reinvestment_rate": 384.63,
            "research_to_sale_ratio": null,
            "price_fair": 57,
            "eps_avg_yearly": 1.63,
            "eps_latest_yearly": 1.24,
            "eps_growth_yearly": 3533.37
        },
        "20054": {
            "year_quarter": 20054,
            "year": 2005,
            "quarter": 4,
            "eps": 0.93,
            "eps_growth_year": null,
            "eps_4q": 2.42,
            "eps_4q_growth_year": 182.09,
            "roe": 6.08,
            "roe_4q": 16.709999999999997,
            "gross_profit": 78516,
            "gross_margin": 20.04,
            "gross_margin_4q_avg": 20.46,
            "net_income": 110318,
            "net_income_4q": null,
            "revenue": 391833,
            "revenue_4q": null,
            "common_shares": 1184500,
            "book_valuer_per_share": 15.47,
            "book_valuer_per_share_4q_avg": 14.67,
            "equity": 1908226,
            "current_ratio": 132.39,
            "debt_ratio": 63.11,
            "inventory_turnover_ratio": 0.09,
            "account_receivable_turnover_ratio": null,
            "reinvestment_rate": 292.29,
            "research_to_sale_ratio": null,
            "price_fair": 66.15,
            "eps_avg_yearly": 1.89,
            "eps_latest_yearly": 3.72,
            "eps_growth_yearly": 3191.7
        },
        "20061": {
            "year_quarter": 20061,
            "year": 2006,
            "quarter": 1,
            "eps": 0.95,
            "eps_growth_year": 4650,
            "eps_4q": 3.34,
            "eps_4q_growth_year": 282.86,
            "roe": 5.86,
            "roe_4q": 22.44,
            "gross_profit": 142766,
            "gross_margin": 16.99,
            "gross_margin_4q_avg": 17.96,
            "net_income": 113016,
            "net_income_4q": null,
            "revenue": 840373,
            "revenue_4q": null,
            "common_shares": 1184500,
            "book_valuer_per_share": 16.43,
            "book_valuer_per_share_4q_avg": 15.28,
            "equity": 1945658,
            "current_ratio": 142.36,
            "debt_ratio": 64.39,
            "inventory_turnover_ratio": 0.18,
            "account_receivable_turnover_ratio": null,
            "reinvestment_rate": 90.51,
            "research_to_sale_ratio": null,
            "price_fair": 78.23,
            "eps_avg_yearly": 2.24,
            "eps_latest_yearly": 3.8,
            "eps_growth_yearly": 3203.38
        },
        "20062": {
            "year_quarter": 20062,
            "year": 2006,
            "quarter": 2,
            "eps": 0.82,
            "eps_growth_year": -29.31,
            "eps_4q": 2.91,
            "eps_4q_growth_year": 77.29,
            "roe": 5.25,
            "roe_4q": 19.36,
            "gross_profit": 117147,
            "gross_margin": 20.11,
            "gross_margin_4q_avg": 19.21,
            "net_income": 102310,
            "net_income_4q": null,
            "revenue": 582531,
            "revenue_4q": null,
            "common_shares": 1184500,
            "book_valuer_per_share": 16.46,
            "book_valuer_per_share_4q_avg": 15.72,
            "equity": 1949706,
            "current_ratio": 144.92,
            "debt_ratio": 64.24,
            "inventory_turnover_ratio": 0.11,
            "account_receivable_turnover_ratio": null,
            "reinvestment_rate": 66.08,
            "research_to_sale_ratio": null,
            "price_fair": 91.88,
            "eps_avg_yearly": 2.63,
            "eps_latest_yearly": 3.28,
            "eps_growth_yearly": 3238.85
        },
        "20063": {
            "year_quarter": 20063,
            "year": 2006,
            "quarter": 3,
            "eps": 1.81,
            "eps_growth_year": 483.87,
            "eps_4q": 4.42,
            "eps_4q_growth_year": 229.83,
            "roe": 10.95,
            "roe_4q": 28.14,
            "gross_profit": 241595,
            "gross_margin": 17.82,
            "gross_margin_4q_avg": 18.74,
            "net_income": 225997,
            "net_income_4q": null,
            "revenue": 1355401,
            "revenue_4q": null,
            "common_shares": 1250000,
            "book_valuer_per_share": 17.42,
            "book_valuer_per_share_4q_avg": 16.45,
            "equity": 2176929,
            "current_ratio": 161.22,
            "debt_ratio": 57.2,
            "inventory_turnover_ratio": 0.28,
            "account_receivable_turnover_ratio": null,
            "reinvestment_rate": 42.54,
            "research_to_sale_ratio": null,
            "price_fair": 120.93,
            "eps_avg_yearly": 3.46,
            "eps_latest_yearly": 7.24,
            "eps_growth_yearly": 3161.71
        },
        "20064": {
            "year_quarter": 20064,
            "year": 2006,
            "quarter": 4,
            "eps": 0,
            "eps_growth_year": -100,
            "eps_4q": 3.62,
            "eps_4q_growth_year": 49.67,
            "roe": 0.03,
            "roe_4q": 22.089999999999996,
            "gross_profit": 35734,
            "gross_margin": 16.22,
            "gross_margin_4q_avg": 17.79,
            "net_income": 608,
            "net_income_4q": null,
            "revenue": 220288,
            "revenue_4q": null,
            "common_shares": 1250000,
            "book_valuer_per_share": 17.43,
            "book_valuer_per_share_4q_avg": 16.94,
            "equity": 2259664,
            "current_ratio": 178.49,
            "debt_ratio": 51.44,
            "inventory_turnover_ratio": 0.06,
            "account_receivable_turnover_ratio": null,
            "reinvestment_rate": 56.62,
            "research_to_sale_ratio": null,
            "price_fair": 120.93,
            "eps_avg_yearly": 3.46,
            "eps_latest_yearly": 7.24,
            "eps_growth_yearly": 3161.71
        },
        "20071": {
            "year_quarter": 20071,
            "year": 2007,
            "quarter": 1,
            "eps": 0.67,
            "eps_growth_year": -29.47,
            "eps_4q": 3.29,
            "eps_4q_growth_year": -1.39,
            "roe": 3.71,
            "roe_4q": 19.939999999999998,
            "gross_profit": 97418,
            "gross_margin": 20.98,
            "gross_margin_4q_avg": 18.78,
            "net_income": 83956,
            "net_income_4q": null,
            "revenue": 464247,
            "revenue_4q": null,
            "common_shares": 1250000,
            "book_valuer_per_share": 18.12,
            "book_valuer_per_share_4q_avg": 17.36,
            "equity": 2264514,
            "current_ratio": 191.74,
            "debt_ratio": 48.68,
            "inventory_turnover_ratio": 0.12,
            "account_receivable_turnover_ratio": null,
            "reinvestment_rate": 22.12,
            "research_to_sale_ratio": null,
            "price_fair": 120.93,
            "eps_avg_yearly": 3.46,
            "eps_latest_yearly": 7.24,
            "eps_growth_yearly": 3161.71
        },
        "20072": {
            "year_quarter": 20072,
            "year": 2007,
            "quarter": 2,
            "eps": -0.11,
            "eps_growth_year": -113.41,
            "eps_4q": 2.35,
            "eps_4q_growth_year": -18.97,
            "roe": -0.74,
            "roe_4q": 13.95,
            "gross_profit": 17088,
            "gross_margin": 8.38,
            "gross_margin_4q_avg": 15.85,
            "net_income": -16231,
            "net_income_4q": null,
            "revenue": 204019,
            "revenue_4q": null,
            "common_shares": 1250000,
            "book_valuer_per_share": 17.17,
            "book_valuer_per_share_4q_avg": 17.54,
            "equity": 2145883,
            "current_ratio": 160.64,
            "debt_ratio": 59.85,
            "inventory_turnover_ratio": 0.05,
            "account_receivable_turnover_ratio": null,
            "reinvestment_rate": 10.42,
            "research_to_sale_ratio": null,
            "price_fair": 120.93,
            "eps_avg_yearly": 3.46,
            "eps_latest_yearly": 7.24,
            "eps_growth_yearly": 3161.71
        },
        "20073": {
            "year_quarter": 20073,
            "year": 2007,
            "quarter": 3,
            "eps": 1.82,
            "eps_growth_year": 0.55,
            "eps_4q": 2.29,
            "eps_4q_growth_year": -48.1,
            "roe": 11.56,
            "roe_4q": 14.56,
            "gross_profit": 310569,
            "gross_margin": 19.21,
            "gross_margin_4q_avg": 16.2,
            "net_income": 262955,
            "net_income_4q": null,
            "revenue": 1616646,
            "revenue_4q": null,
            "common_shares": 1442000,
            "book_valuer_per_share": 16.66,
            "book_valuer_per_share_4q_avg": 17.35,
            "equity": 2402945,
            "current_ratio": 192.36,
            "debt_ratio": 51.47,
            "inventory_turnover_ratio": 0.32,
            "account_receivable_turnover_ratio": null,
            "reinvestment_rate": 6.55,
            "research_to_sale_ratio": null,
            "price_fair": 120.93,
            "eps_avg_yearly": 3.46,
            "eps_latest_yearly": 7.24,
            "eps_growth_yearly": 3161.71
        },
        "20074": {
            "year_quarter": 20074,
            "year": 2007,
            "quarter": 4,
            "eps": 0.99,
            "eps_growth_year": null,
            "eps_4q": 3.29,
            "eps_4q_growth_year": -8.99,
            "roe": 5.75,
            "roe_4q": 20.280000000000005,
            "gross_profit": 189670,
            "gross_margin": 28.47,
            "gross_margin_4q_avg": 19.26,
            "net_income": 142255,
            "net_income_4q": null,
            "revenue": 666270,
            "revenue_4q": null,
            "common_shares": 1442000,
            "book_valuer_per_share": 17.62,
            "book_valuer_per_share_4q_avg": 17.39,
            "equity": 2541129,
            "current_ratio": 194.38,
            "debt_ratio": 51,
            "inventory_turnover_ratio": 0.13,
            "account_receivable_turnover_ratio": null,
            "reinvestment_rate": 8.23,
            "research_to_sale_ratio": null,
            "price_fair": 122.89,
            "eps_avg_yearly": 3.51,
            "eps_latest_yearly": 3.96,
            "eps_growth_yearly": 2790.14
        },
        "20081": {
            "year_quarter": 20081,
            "year": 2008,
            "quarter": 1,
            "eps": 0.23,
            "eps_growth_year": -65.67,
            "eps_4q": 2.91,
            "eps_4q_growth_year": -11.8,
            "roe": 1.31,
            "roe_4q": 17.880000000000003,
            "gross_profit": 75120,
            "gross_margin": 28.51,
            "gross_margin_4q_avg": 21.14,
            "net_income": 33431,
            "net_income_4q": null,
            "revenue": 263531,
            "revenue_4q": null,
            "common_shares": 1442000,
            "book_valuer_per_share": 17.83,
            "book_valuer_per_share_4q_avg": 17.32,
            "equity": 2571526,
            "current_ratio": 173.07,
            "debt_ratio": 57.62,
            "inventory_turnover_ratio": 0.05,
            "account_receivable_turnover_ratio": null,
            "reinvestment_rate": -51.94,
            "research_to_sale_ratio": null,
            "price_fair": 113.82,
            "eps_avg_yearly": 3.25,
            "eps_latest_yearly": 0.92,
            "eps_growth_yearly": 2480.42
        },
        "20082": {
            "year_quarter": 20082,
            "year": 2008,
            "quarter": 2,
            "eps": 0.95,
            "eps_growth_year": null,
            "eps_4q": 3.59,
            "eps_4q_growth_year": 52.54,
            "roe": 6.09,
            "roe_4q": 24.71,
            "gross_profit": 209193,
            "gross_margin": 32.58,
            "gross_margin_4q_avg": 27.19,
            "net_income": 157734,
            "net_income_4q": null,
            "revenue": 642076,
            "revenue_4q": null,
            "common_shares": 1663000,
            "book_valuer_per_share": 15.68,
            "book_valuer_per_share_4q_avg": 16.95,
            "equity": 2607253,
            "current_ratio": 174.25,
            "debt_ratio": 56.97,
            "inventory_turnover_ratio": 0.09,
            "account_receivable_turnover_ratio": null,
            "reinvestment_rate": -50.48,
            "research_to_sale_ratio": null,
            "price_fair": 122.78,
            "eps_avg_yearly": 3.51,
            "eps_latest_yearly": 3.8,
            "eps_growth_yearly": 2490.64
        },
        "20083": {
            "year_quarter": 20083,
            "year": 2008,
            "quarter": 3,
            "eps": 0.94,
            "eps_growth_year": -48.35,
            "eps_4q": 2.95,
            "eps_4q_growth_year": 28.56,
            "roe": 5.82,
            "roe_4q": 18.97,
            "gross_profit": 199998,
            "gross_margin": 30.17,
            "gross_margin_4q_avg": 29.93,
            "net_income": 156090,
            "net_income_4q": null,
            "revenue": 662928,
            "revenue_4q": null,
            "common_shares": 1663000,
            "book_valuer_per_share": 16.58,
            "book_valuer_per_share_4q_avg": 16.93,
            "equity": 2756747,
            "current_ratio": 149.2,
            "debt_ratio": 66.58,
            "inventory_turnover_ratio": 0.08,
            "account_receivable_turnover_ratio": null,
            "reinvestment_rate": -49.44,
            "research_to_sale_ratio": null,
            "price_fair": 127.26,
            "eps_avg_yearly": 3.64,
            "eps_latest_yearly": 3.76,
            "eps_growth_yearly": 2450.22
        },
        "20084": {
            "year_quarter": 20084,
            "year": 2008,
            "quarter": 4,
            "eps": -0.09,
            "eps_growth_year": -109.09,
            "eps_4q": 2,
            "eps_4q_growth_year": -39.23,
            "roe": -0.53,
            "roe_4q": 12.69,
            "gross_profit": 28086,
            "gross_margin": 34.25,
            "gross_margin_4q_avg": 31.38,
            "net_income": -14580,
            "net_income_4q": null,
            "revenue": 82014,
            "revenue_4q": null,
            "common_shares": 1663000,
            "book_valuer_per_share": 16.45,
            "book_valuer_per_share_4q_avg": 16.64,
            "equity": 2736284,
            "current_ratio": 166,
            "debt_ratio": 64.21,
            "inventory_turnover_ratio": 0.01,
            "account_receivable_turnover_ratio": 110.61,
            "reinvestment_rate": -49.44,
            "research_to_sale_ratio": null,
            "price_fair": 127.26,
            "eps_avg_yearly": 3.64,
            "eps_latest_yearly": 3.76,
            "eps_growth_yearly": 2450.22
        },
        "20091": {
            "year_quarter": 20091,
            "year": 2009,
            "quarter": 1,
            "eps": 0.02,
            "eps_growth_year": -91.3,
            "eps_4q": 1.9,
            "eps_4q_growth_year": -34.59,
            "roe": 0.12,
            "roe_4q": 11.5,
            "gross_profit": 37657,
            "gross_margin": 22.26,
            "gross_margin_4q_avg": 29.82,
            "net_income": 3182,
            "net_income_4q": null,
            "revenue": 169195,
            "revenue_4q": null,
            "common_shares": 1659280,
            "book_valuer_per_share": 16.52,
            "book_valuer_per_share_4q_avg": 16.31,
            "equity": 2740564,
            "current_ratio": 164.97,
            "debt_ratio": 63.44,
            "inventory_turnover_ratio": 0.02,
            "account_receivable_turnover_ratio": 10.64,
            "reinvestment_rate": -40.76,
            "research_to_sale_ratio": null,
            "price_fair": 127.26,
            "eps_avg_yearly": 3.64,
            "eps_latest_yearly": 3.76,
            "eps_growth_yearly": 2450.22
        },
        "20092": {
            "year_quarter": 20092,
            "year": 2009,
            "quarter": 2,
            "eps": 2.13,
            "eps_growth_year": 124.21,
            "eps_4q": 3,
            "eps_4q_growth_year": -16.46,
            "roe": 12.3,
            "roe_4q": 17.71,
            "gross_profit": 464545,
            "gross_margin": 29.83,
            "gross_margin_4q_avg": 29.13,
            "net_income": 353935,
            "net_income_4q": null,
            "revenue": 1557453,
            "revenue_4q": null,
            "common_shares": 1659280,
            "book_valuer_per_share": 18.17,
            "book_valuer_per_share_4q_avg": 16.93,
            "equity": 3014664,
            "current_ratio": 167.56,
            "debt_ratio": 62.28,
            "inventory_turnover_ratio": 0.17,
            "account_receivable_turnover_ratio": 102.62,
            "reinvestment_rate": -9.76,
            "research_to_sale_ratio": null,
            "price_fair": 140.84,
            "eps_avg_yearly": 4.02,
            "eps_latest_yearly": 8.52,
            "eps_growth_yearly": 4390.22
        },
        "20093": {
            "year_quarter": 20093,
            "year": 2009,
            "quarter": 3,
            "eps": 1.57,
            "eps_growth_year": 67.02,
            "eps_4q": 3.5,
            "eps_4q_growth_year": 18.74,
            "roe": 8.83,
            "roe_4q": 20.720000000000002,
            "gross_profit": 339950,
            "gross_margin": 27.65,
            "gross_margin_4q_avg": 28.5,
            "net_income": 278586,
            "net_income_4q": null,
            "revenue": 1229414,
            "revenue_4q": null,
            "common_shares": 1777753,
            "book_valuer_per_share": 18.53,
            "book_valuer_per_share_4q_avg": 17.42,
            "equity": 3294490,
            "current_ratio": 161.56,
            "debt_ratio": 63.97,
            "inventory_turnover_ratio": 0.12,
            "account_receivable_turnover_ratio": 334.4,
            "reinvestment_rate": -5.49,
            "research_to_sale_ratio": null,
            "price_fair": 158.48,
            "eps_avg_yearly": 4.53,
            "eps_latest_yearly": 6.28,
            "eps_growth_yearly": 4409.01
        },
        "20094": {
            "year_quarter": 20094,
            "year": 2009,
            "quarter": 4,
            "eps": 0.07,
            "eps_growth_year": null,
            "eps_4q": 3.65,
            "eps_4q_growth_year": 82.31,
            "roe": 0.38,
            "roe_4q": 21.630000000000003,
            "gross_profit": 50978,
            "gross_margin": 26.02,
            "gross_margin_4q_avg": 26.44,
            "net_income": 12495,
            "net_income_4q": null,
            "revenue": 195937,
            "revenue_4q": null,
            "common_shares": 1777753,
            "book_valuer_per_share": 18.61,
            "book_valuer_per_share_4q_avg": 17.96,
            "equity": 3308153,
            "current_ratio": 154.37,
            "debt_ratio": 65.87,
            "inventory_turnover_ratio": 0.02,
            "account_receivable_turnover_ratio": 209,
            "reinvestment_rate": -6.09,
            "research_to_sale_ratio": null,
            "price_fair": 146.44,
            "eps_avg_yearly": 4.18,
            "eps_latest_yearly": 0.28,
            "eps_growth_yearly": 4290.79
        },
        "20101": {
            "year_quarter": 20101,
            "year": 2010,
            "quarter": 1,
            "eps": 0.61,
            "eps_growth_year": 2950,
            "eps_4q": 4.23,
            "eps_4q_growth_year": 122.72,
            "roe": 3.2,
            "roe_4q": 24.71,
            "gross_profit": 191944,
            "gross_margin": 20.97,
            "gross_margin_4q_avg": 26.12,
            "net_income": 107604,
            "net_income_4q": null,
            "revenue": 915235,
            "revenue_4q": null,
            "common_shares": 1777753,
            "book_valuer_per_share": 19.22,
            "book_valuer_per_share_4q_avg": 18.63,
            "equity": 3417325,
            "current_ratio": 151.2,
            "debt_ratio": 65.01,
            "inventory_turnover_ratio": 0.09,
            "account_receivable_turnover_ratio": 321.3,
            "reinvestment_rate": 7.79,
            "research_to_sale_ratio": null,
            "price_fair": 141.68,
            "eps_avg_yearly": 4.05,
            "eps_latest_yearly": 2.44,
            "eps_growth_yearly": 4598.5
        },
        "20102": {
            "year_quarter": 20102,
            "year": 2010,
            "quarter": 2,
            "eps": 0.37,
            "eps_growth_year": -82.76,
            "eps_4q": 2.42,
            "eps_4q_growth_year": -19.29,
            "roe": 2.09,
            "roe_4q": 14.5,
            "gross_profit": 141239,
            "gross_margin": 33.58,
            "gross_margin_4q_avg": 27.06,
            "net_income": 71247,
            "net_income_4q": null,
            "revenue": 420662,
            "revenue_4q": null,
            "common_shares": 1777753,
            "book_valuer_per_share": 19.04,
            "book_valuer_per_share_4q_avg": 18.85,
            "equity": 3385487,
            "current_ratio": 141.63,
            "debt_ratio": 69.48,
            "inventory_turnover_ratio": 0.03,
            "account_receivable_turnover_ratio": 220.13,
            "reinvestment_rate": -0.95,
            "research_to_sale_ratio": null,
            "price_fair": 135.38,
            "eps_avg_yearly": 3.87,
            "eps_latest_yearly": 1.48,
            "eps_growth_yearly": 4588.24
        },
        "20103": {
            "year_quarter": 20103,
            "year": 2010,
            "quarter": 3,
            "eps": 2.46,
            "eps_growth_year": 56.85,
            "eps_4q": 3.45,
            "eps_4q_growth_year": -1.48,
            "roe": 13.17,
            "roe_4q": 18.84,
            "gross_profit": 539275,
            "gross_margin": 34.47,
            "gross_margin_4q_avg": 28.76,
            "net_income": 477800,
            "net_income_4q": null,
            "revenue": 1564663,
            "revenue_4q": null,
            "common_shares": 1940298,
            "book_valuer_per_share": 19.94,
            "book_valuer_per_share_4q_avg": 19.2,
            "equity": 3868280,
            "current_ratio": 182.08,
            "debt_ratio": 53.1,
            "inventory_turnover_ratio": 0.12,
            "account_receivable_turnover_ratio": 114.39,
            "reinvestment_rate": 4.7,
            "research_to_sale_ratio": null,
            "price_fair": 144.48,
            "eps_avg_yearly": 4.13,
            "eps_latest_yearly": 9.84,
            "eps_growth_yearly": 4765.89
        },
        "20104": {
            "year_quarter": 20104,
            "year": 2010,
            "quarter": 4,
            "eps": 0.31,
            "eps_growth_year": 338.97,
            "eps_4q": 3.69,
            "eps_4q_growth_year": 1.24,
            "roe": 1.53,
            "roe_4q": 19.99,
            "gross_profit": 121791,
            "gross_margin": 26.88,
            "gross_margin_4q_avg": 28.98,
            "net_income": 59621,
            "net_income_4q": null,
            "revenue": 453008,
            "revenue_4q": null,
            "common_shares": 1940298,
            "book_valuer_per_share": 20.2,
            "book_valuer_per_share_4q_avg": 19.6,
            "equity": 3919662,
            "current_ratio": 192.73,
            "debt_ratio": 51.08,
            "inventory_turnover_ratio": 0.05,
            "account_receivable_turnover_ratio": 21.97,
            "reinvestment_rate": 5.11,
            "research_to_sale_ratio": null,
            "price_fair": 135.29,
            "eps_avg_yearly": 3.87,
            "eps_latest_yearly": 1.24,
            "eps_growth_yearly": 4300.85
        },
        "20111": {
            "year_quarter": 20111,
            "year": 2011,
            "quarter": 1,
            "eps": 1.46,
            "eps_growth_year": 139.34,
            "eps_4q": 4.6,
            "eps_4q_growth_year": 8.64,
            "roe": 6.99,
            "roe_4q": 23.779999999999998,
            "gross_profit": 390538,
            "gross_margin": 35.99,
            "gross_margin_4q_avg": 32.73,
            "net_income": 283754,
            "net_income_4q": null,
            "revenue": 1085260,
            "revenue_4q": null,
            "common_shares": 1940298,
            "book_valuer_per_share": 21.67,
            "book_valuer_per_share_4q_avg": 20.21,
            "equity": 4204594,
            "current_ratio": 182.86,
            "debt_ratio": 49.67,
            "inventory_turnover_ratio": 0.11,
            "account_receivable_turnover_ratio": 11.74,
            "reinvestment_rate": 38.44,
            "research_to_sale_ratio": null,
            "price_fair": 141.05,
            "eps_avg_yearly": 4.03,
            "eps_latest_yearly": 5.84,
            "eps_growth_yearly": 4066.1
        },
        "20112": {
            "year_quarter": 20112,
            "year": 2011,
            "quarter": 2,
            "eps": 0.88,
            "eps_growth_year": 140.95,
            "eps_4q": 4.76,
            "eps_4q_growth_year": 96.64,
            "roe": 4.42,
            "roe_4q": 26.11,
            "gross_profit": 255578,
            "gross_margin": 38.31,
            "gross_margin_4q_avg": 33.91,
            "net_income": 187368,
            "net_income_4q": null,
            "revenue": 667123,
            "revenue_4q": null,
            "common_shares": 1940298,
            "book_valuer_per_share": 22.03,
            "book_valuer_per_share_4q_avg": 20.96,
            "equity": 4273825,
            "current_ratio": 180.27,
            "debt_ratio": 50.19,
            "inventory_turnover_ratio": 0.07,
            "account_receivable_turnover_ratio": 6.79,
            "reinvestment_rate": 38.89,
            "research_to_sale_ratio": null,
            "price_fair": 139.68,
            "eps_avg_yearly": 3.99,
            "eps_latest_yearly": 3.52,
            "eps_growth_yearly": 3741.1
        },
        "20113": {
            "year_quarter": 20113,
            "year": 2011,
            "quarter": 3,
            "eps": 0.39,
            "eps_growth_year": -84.19,
            "eps_4q": 2.9,
            "eps_4q_growth_year": -16.04,
            "roe": 1.91,
            "roe_4q": 14.85,
            "gross_profit": 132496,
            "gross_margin": 41.45,
            "gross_margin_4q_avg": 35.66,
            "net_income": 82459,
            "net_income_4q": null,
            "revenue": 319688,
            "revenue_4q": null,
            "common_shares": 2117710,
            "book_valuer_per_share": 20.56,
            "book_valuer_per_share_4q_avg": 21.12,
            "equity": 4353170,
            "current_ratio": 195.71,
            "debt_ratio": 52.79,
            "inventory_turnover_ratio": 0.03,
            "account_receivable_turnover_ratio": 22.11,
            "reinvestment_rate": 54.28,
            "research_to_sale_ratio": null,
            "price_fair": 133.6,
            "eps_avg_yearly": 3.82,
            "eps_latest_yearly": 1.56,
            "eps_growth_yearly": 3457.97
        },
        "20114": {
            "year_quarter": 20114,
            "year": 2011,
            "quarter": 4,
            "eps": 0.53,
            "eps_growth_year": 73.43,
            "eps_4q": 3.15,
            "eps_4q_growth_year": -14.75,
            "roe": 2.56,
            "roe_4q": 15.88,
            "gross_profit": 159319,
            "gross_margin": 40.58,
            "gross_margin_4q_avg": 39.08,
            "net_income": 112854,
            "net_income_4q": null,
            "revenue": 392650,
            "revenue_4q": null,
            "common_shares": 2117710,
            "book_valuer_per_share": 21.07,
            "book_valuer_per_share_4q_avg": 21.33,
            "equity": 4461603,
            "current_ratio": 193.77,
            "debt_ratio": 52.98,
            "inventory_turnover_ratio": 0.03,
            "account_receivable_turnover_ratio": 25.56,
            "reinvestment_rate": 53.15,
            "research_to_sale_ratio": null,
            "price_fair": 129,
            "eps_avg_yearly": 3.69,
            "eps_latest_yearly": 2.12,
            "eps_growth_yearly": 3481.26
        },
        "20121": {
            "year_quarter": 20121,
            "year": 2012,
            "quarter": 1,
            "eps": 0.06,
            "eps_growth_year": -95.89,
            "eps_4q": 1.87,
            "eps_4q_growth_year": -59.35,
            "roe": 0.3,
            "roe_4q": 9.19,
            "gross_profit": 104974,
            "gross_margin": 26.1,
            "gross_margin_4q_avg": 36.61,
            "net_income": 13260,
            "net_income_4q": null,
            "revenue": 402140,
            "revenue_4q": null,
            "common_shares": 2117710,
            "book_valuer_per_share": 21.14,
            "book_valuer_per_share_4q_avg": 21.2,
            "equity": 4475834,
            "current_ratio": 189.46,
            "debt_ratio": 53.58,
            "inventory_turnover_ratio": 0.04,
            "account_receivable_turnover_ratio": 19.21,
            "reinvestment_rate": 55.14,
            "research_to_sale_ratio": null,
            "price_fair": 127.3,
            "eps_avg_yearly": 3.64,
            "eps_latest_yearly": 0.24,
            "eps_growth_yearly": 3477.85
        },
        "20122": {
            "year_quarter": 20122,
            "year": 2012,
            "quarter": 2,
            "eps": 0.69,
            "eps_growth_year": -22.49,
            "eps_4q": 1.6,
            "eps_4q_growth_year": -66.31,
            "roe": 3.46,
            "roe_4q": 8.23,
            "gross_profit": 241786,
            "gross_margin": 26.16,
            "gross_margin_4q_avg": 33.57,
            "net_income": 155664,
            "net_income_4q": null,
            "revenue": 924263,
            "revenue_4q": null,
            "common_shares": 2117710,
            "book_valuer_per_share": 21.39,
            "book_valuer_per_share_4q_avg": 21.04,
            "equity": 4530137,
            "current_ratio": 188.51,
            "debt_ratio": 51.69,
            "inventory_turnover_ratio": 0.1,
            "account_receivable_turnover_ratio": 114.35,
            "reinvestment_rate": 70.12,
            "research_to_sale_ratio": null,
            "price_fair": 124.7,
            "eps_avg_yearly": 3.56,
            "eps_latest_yearly": 2.76,
            "eps_growth_yearly": 3688.41
        },
        "20123": {
            "year_quarter": 20123,
            "year": 2012,
            "quarter": 3,
            "eps": 1.96,
            "eps_growth_year": 403.25,
            "eps_4q": 3.2,
            "eps_4q_growth_year": 10.55,
            "roe": 9.36,
            "roe_4q": 15.680000000000001,
            "gross_profit": 557820,
            "gross_margin": 33.69,
            "gross_margin_4q_avg": 31.63,
            "net_income": 444779,
            "net_income_4q": null,
            "revenue": 1655860,
            "revenue_4q": null,
            "common_shares": 2269828,
            "book_valuer_per_share": 21.91,
            "book_valuer_per_share_4q_avg": 21.38,
            "equity": 4974304,
            "current_ratio": 220.22,
            "debt_ratio": 46.2,
            "inventory_turnover_ratio": 0.17,
            "account_receivable_turnover_ratio": 1203.39,
            "reinvestment_rate": 60.38,
            "research_to_sale_ratio": null,
            "price_fair": 134.9,
            "eps_avg_yearly": 3.85,
            "eps_latest_yearly": 7.84,
            "eps_growth_yearly": 3741.3
        },
        "20124": {
            "year_quarter": 20124,
            "year": 2012,
            "quarter": 4,
            "eps": 0.74,
            "eps_growth_year": 38.3,
            "eps_4q": 3.44,
            "eps_4q_growth_year": 9.34,
            "roe": 3.3,
            "roe_4q": 16.42,
            "gross_profit": 272945,
            "gross_margin": 34.58,
            "gross_margin_4q_avg": 30.13,
            "net_income": 167284,
            "net_income_4q": null,
            "revenue": 789281,
            "revenue_4q": null,
            "common_shares": 2269828,
            "book_valuer_per_share": 22.82,
            "book_valuer_per_share_4q_avg": 21.82,
            "equity": 5178882,
            "current_ratio": 248.08,
            "debt_ratio": 41.89,
            "inventory_turnover_ratio": 0.08,
            "account_receivable_turnover_ratio": 168.2,
            "reinvestment_rate": 58.45,
            "research_to_sale_ratio": null,
            "price_fair": 132.81,
            "eps_avg_yearly": 3.79,
            "eps_latest_yearly": 2.96,
            "eps_growth_yearly": 3475.28
        },
        "20131": {
            "year_quarter": 20131,
            "year": 2013,
            "quarter": 1,
            "eps": 0.3,
            "eps_growth_year": 400,
            "eps_4q": 3.68,
            "eps_4q_growth_year": 96.75,
            "roe": 1.29,
            "roe_4q": 17.41,
            "gross_profit": 164721,
            "gross_margin": 33.91,
            "gross_margin_4q_avg": 32.09,
            "net_income": 67246,
            "net_income_4q": null,
            "revenue": 485824,
            "revenue_4q": null,
            "common_shares": 2269828,
            "book_valuer_per_share": 23.07,
            "book_valuer_per_share_4q_avg": 22.3,
            "equity": 5237127,
            "current_ratio": 236.26,
            "debt_ratio": 46.47,
            "inventory_turnover_ratio": 0.06,
            "account_receivable_turnover_ratio": 96.48,
            "reinvestment_rate": 85.31,
            "research_to_sale_ratio": null,
            "price_fair": 127.14,
            "eps_avg_yearly": 3.63,
            "eps_latest_yearly": 1.2,
            "eps_growth_yearly": 3243.21
        },
        "20132": {
            "year_quarter": 20132,
            "year": 2013,
            "quarter": 2,
            "eps": 0.26,
            "eps_growth_year": -62.09,
            "eps_4q": 3.05,
            "eps_4q_growth_year": 90.04,
            "roe": 1.19,
            "roe_4q": 15.139999999999999,
            "gross_profit": 144400,
            "gross_margin": 27.4,
            "gross_margin_4q_avg": 32.4,
            "net_income": 62240,
            "net_income_4q": null,
            "revenue": 526916,
            "revenue_4q": null,
            "common_shares": 2269828,
            "book_valuer_per_share": 22.87,
            "book_valuer_per_share_4q_avg": 22.67,
            "equity": 5191893,
            "current_ratio": 199.16,
            "debt_ratio": 49.82,
            "inventory_turnover_ratio": 0.07,
            "account_receivable_turnover_ratio": 75.57,
            "reinvestment_rate": 89.18,
            "research_to_sale_ratio": null,
            "price_fair": 110.78,
            "eps_avg_yearly": 3.17,
            "eps_latest_yearly": 1.04,
            "eps_growth_yearly": 602.38
        },
        "20133": {
            "year_quarter": 20133,
            "year": 2013,
            "quarter": 3,
            "eps": 2.18,
            "eps_growth_year": 11.25,
            "eps_4q": 3.4,
            "eps_4q_growth_year": 6.09,
            "roe": 9.7,
            "roe_4q": 15.48,
            "gross_profit": 618072,
            "gross_margin": 38.91,
            "gross_margin_4q_avg": 33.7,
            "net_income": 529016,
            "net_income_4q": null,
            "revenue": 1588503,
            "revenue_4q": null,
            "common_shares": 2431696,
            "book_valuer_per_share": 23.53,
            "book_valuer_per_share_4q_avg": 23.07,
            "equity": 5721183,
            "current_ratio": 267.78,
            "debt_ratio": 42.86,
            "inventory_turnover_ratio": 0.16,
            "account_receivable_turnover_ratio": 167.13,
            "reinvestment_rate": 84.63,
            "research_to_sale_ratio": null,
            "price_fair": 116.11,
            "eps_avg_yearly": 3.32,
            "eps_latest_yearly": 8.72,
            "eps_growth_yearly": 793.57
        },
        "20134": {
            "year_quarter": 20134,
            "year": 2013,
            "quarter": 4,
            "eps": 0.38,
            "eps_growth_year": -47.97,
            "eps_4q": 3.09,
            "eps_4q_growth_year": -10.15,
            "roe": 1.62,
            "roe_4q": 13.8,
            "gross_profit": 184749,
            "gross_margin": 29.83,
            "gross_margin_4q_avg": 32.51,
            "net_income": 93244,
            "net_income_4q": null,
            "revenue": 619301,
            "revenue_4q": null,
            "common_shares": 2431696,
            "book_valuer_per_share": 23.92,
            "book_valuer_per_share_4q_avg": 23.35,
            "equity": 5815564,
            "current_ratio": 271.77,
            "debt_ratio": 43.4,
            "inventory_turnover_ratio": 0.08,
            "account_receivable_turnover_ratio": 72.01,
            "reinvestment_rate": 84.96,
            "research_to_sale_ratio": null,
            "price_fair": 118.83,
            "eps_avg_yearly": 3.4,
            "eps_latest_yearly": 1.52,
            "eps_growth_yearly": 796.81
        },
        "20141": {
            "year_quarter": 20141,
            "year": 2014,
            "quarter": 1,
            "eps": 0.56,
            "eps_growth_year": 86.67,
            "eps_4q": 3.37,
            "eps_4q_growth_year": -8.27,
            "roe": 2.31,
            "roe_4q": 14.819999999999999,
            "gross_profit": 235951,
            "gross_margin": 34.03,
            "gross_margin_4q_avg": 32.54,
            "net_income": 136084,
            "net_income_4q": null,
            "revenue": 693284,
            "revenue_4q": null,
            "common_shares": 2431696,
            "book_valuer_per_share": 24.48,
            "book_valuer_per_share_4q_avg": 23.7,
            "equity": 5951896,
            "current_ratio": 241.95,
            "debt_ratio": 43.94,
            "inventory_turnover_ratio": 0.08,
            "account_receivable_turnover_ratio": 85.87,
            "reinvestment_rate": 100.1,
            "research_to_sale_ratio": null,
            "price_fair": 118.39,
            "eps_avg_yearly": 3.38,
            "eps_latest_yearly": 2.24,
            "eps_growth_yearly": 615.8
        },
        "20142": {
            "year_quarter": 20142,
            "year": 2014,
            "quarter": 2,
            "eps": 1.93,
            "eps_growth_year": 642.31,
            "eps_4q": 4.89,
            "eps_4q_growth_year": 60.4,
            "roe": 8.02,
            "roe_4q": 21.65,
            "gross_profit": 602518,
            "gross_margin": 43.75,
            "gross_margin_4q_avg": 36.63,
            "net_income": 492195,
            "net_income_4q": null,
            "revenue": 1377084,
            "revenue_4q": null,
            "common_shares": 2431696,
            "book_valuer_per_share": 26.03,
            "book_valuer_per_share_4q_avg": 24.49,
            "equity": 6328544,
            "current_ratio": 270.26,
            "debt_ratio": 40.92,
            "inventory_turnover_ratio": 0.14,
            "account_receivable_turnover_ratio": 135.34,
            "reinvestment_rate": 95.19,
            "research_to_sale_ratio": null,
            "price_fair": 132.04,
            "eps_avg_yearly": 3.77,
            "eps_latest_yearly": 7.72,
            "eps_growth_yearly": 686.79
        },
        "20143": {
            "year_quarter": 20143,
            "year": 2014,
            "quarter": 3,
            "eps": 0.9,
            "eps_growth_year": -58.72,
            "eps_4q": 3.72,
            "eps_4q_growth_year": 9.49,
            "roe": 3.56,
            "roe_4q": 15.510000000000002,
            "gross_profit": 335301,
            "gross_margin": 32.84,
            "gross_margin_4q_avg": 35.11,
            "net_income": 229128,
            "net_income_4q": null,
            "revenue": 1021152,
            "revenue_4q": null,
            "common_shares": 2556647,
            "book_valuer_per_share": 25.65,
            "book_valuer_per_share_4q_avg": 25.02,
            "equity": 6557619,
            "current_ratio": 247.61,
            "debt_ratio": 42.43,
            "inventory_turnover_ratio": 0.13,
            "account_receivable_turnover_ratio": 66.58,
            "reinvestment_rate": 107.59,
            "research_to_sale_ratio": null,
            "price_fair": 118.39,
            "eps_avg_yearly": 3.38,
            "eps_latest_yearly": 3.6,
            "eps_growth_yearly": 532.23
        },
        "20144": {
            "year_quarter": 20144,
            "year": 2014,
            "quarter": 4,
            "eps": 0.47,
            "eps_growth_year": 22.58,
            "eps_4q": 3.82,
            "eps_4q_growth_year": 23.69,
            "roe": 1.82,
            "roe_4q": 15.709999999999999,
            "gross_profit": 216119,
            "gross_margin": 39.52,
            "gross_margin_4q_avg": 37.54,
            "net_income": 120174,
            "net_income_4q": null,
            "revenue": 546890,
            "revenue_4q": null,
            "common_shares": 2556647,
            "book_valuer_per_share": 26.12,
            "book_valuer_per_share_4q_avg": 25.57,
            "equity": 6677085,
            "current_ratio": 202.72,
            "debt_ratio": 50.17,
            "inventory_turnover_ratio": 0.05,
            "account_receivable_turnover_ratio": 34.59,
            "reinvestment_rate": 104.17,
            "research_to_sale_ratio": null,
            "price_fair": 119.79,
            "eps_avg_yearly": 3.42,
            "eps_latest_yearly": 1.88,
            "eps_growth_yearly": 542.14
        },
        "20151": {
            "year_quarter": 20151,
            "year": 2015,
            "quarter": 1,
            "eps": 1.51,
            "eps_growth_year": 169.64,
            "eps_4q": 4.8,
            "eps_4q_growth_year": 42.25,
            "roe": 5.62,
            "roe_4q": 19.02,
            "gross_profit": 564994,
            "gross_margin": 40.99,
            "gross_margin_4q_avg": 39.28,
            "net_income": 385787,
            "net_income_4q": null,
            "revenue": 1378241,
            "revenue_4q": null,
            "common_shares": 2556647,
            "book_valuer_per_share": 27.63,
            "book_valuer_per_share_4q_avg": 26.36,
            "equity": 7063188,
            "current_ratio": 225.13,
            "debt_ratio": 47.07,
            "inventory_turnover_ratio": 0.1,
            "account_receivable_turnover_ratio": 91.76,
            "reinvestment_rate": 83.8,
            "research_to_sale_ratio": null,
            "price_fair": 120.23,
            "eps_avg_yearly": 3.44,
            "eps_latest_yearly": 6.04,
            "eps_growth_yearly": 504.72
        },
        "20152": {
            "year_quarter": 20152,
            "year": 2015,
            "quarter": 2,
            "eps": 0.3,
            "eps_growth_year": -84.46,
            "eps_4q": 3.01,
            "eps_4q_growth_year": -38.54,
            "roe": 1.15,
            "roe_4q": 12.15,
            "gross_profit": 166248,
            "gross_margin": 37.24,
            "gross_margin_4q_avg": 37.65,
            "net_income": 80635,
            "net_income_4q": null,
            "revenue": 446376,
            "revenue_4q": null,
            "common_shares": 2556647,
            "book_valuer_per_share": 27.36,
            "book_valuer_per_share_4q_avg": 26.69,
            "equity": 6996147,
            "current_ratio": 212.5,
            "debt_ratio": 48.74,
            "inventory_turnover_ratio": 0.03,
            "account_receivable_turnover_ratio": 43.59,
            "reinvestment_rate": 89.37,
            "research_to_sale_ratio": null,
            "price_fair": 115.15,
            "eps_avg_yearly": 3.29,
            "eps_latest_yearly": 1.2,
            "eps_growth_yearly": 494.61
        },
        "20153": {
            "year_quarter": 20153,
            "year": 2015,
            "quarter": 3,
            "eps": 0.34,
            "eps_growth_year": -62.22,
            "eps_4q": 2.5,
            "eps_4q_growth_year": -32.82,
            "roe": 1.3,
            "roe_4q": 9.89,
            "gross_profit": 173832,
            "gross_margin": 37.75,
            "gross_margin_4q_avg": 38.88,
            "net_income": 91208,
            "net_income_4q": null,
            "revenue": 460487,
            "revenue_4q": null,
            "common_shares": 2713356,
            "book_valuer_per_share": 26.12,
            "book_valuer_per_share_4q_avg": 26.81,
            "equity": 7086238,
            "current_ratio": 201.69,
            "debt_ratio": 48.19,
            "inventory_turnover_ratio": 0.03,
            "account_receivable_turnover_ratio": 24.48,
            "reinvestment_rate": 82.64,
            "research_to_sale_ratio": null,
            "price_fair": 114.71,
            "eps_avg_yearly": 3.28,
            "eps_latest_yearly": 1.36,
            "eps_growth_yearly": 511.87
        },
        "20154": {
            "year_quarter": 20154,
            "year": 2015,
            "quarter": 4,
            "eps": 0.12,
            "eps_growth_year": -74.4,
            "eps_4q": 2.18,
            "eps_4q_growth_year": -43.11,
            "roe": 0.46,
            "roe_4q": 8.530000000000001,
            "gross_profit": 115918,
            "gross_margin": 34.98,
            "gross_margin_4q_avg": 37.74,
            "net_income": 32646,
            "net_income_4q": null,
            "revenue": 331418,
            "revenue_4q": null,
            "common_shares": 2713356,
            "book_valuer_per_share": 26.24,
            "book_valuer_per_share_4q_avg": 26.84,
            "equity": 7119864,
            "current_ratio": 197.78,
            "debt_ratio": 49.58,
            "inventory_turnover_ratio": 0.03,
            "account_receivable_turnover_ratio": 17.04,
            "reinvestment_rate": 88.45,
            "research_to_sale_ratio": null,
            "price_fair": 111.13,
            "eps_avg_yearly": 3.18,
            "eps_latest_yearly": 0.48,
            "eps_growth_yearly": 486.72
        },
        "20161": {
            "year_quarter": 20161,
            "year": 2016,
            "quarter": 1,
            "eps": 0.43,
            "eps_growth_year": -71.52,
            "eps_4q": 1.18,
            "eps_4q_growth_year": -75.4,
            "roe": 1.61,
            "roe_4q": 4.52,
            "gross_profit": 234577,
            "gross_margin": 38.44,
            "gross_margin_4q_avg": 37.1,
            "net_income": 115870,
            "net_income_4q": null,
            "revenue": 610247,
            "revenue_4q": null,
            "common_shares": 2713356,
            "book_valuer_per_share": 26.66,
            "book_valuer_per_share_4q_avg": 26.6,
            "equity": 7234930,
            "current_ratio": 191.34,
            "debt_ratio": 49.93,
            "inventory_turnover_ratio": 0.04,
            "account_receivable_turnover_ratio": 81.95,
            "reinvestment_rate": 87.9,
            "research_to_sale_ratio": null,
            "price_fair": 114.36,
            "eps_avg_yearly": 3.27,
            "eps_latest_yearly": 1.72,
            "eps_growth_yearly": 573.47
        },
        "20162": {
            "year_quarter": 20162,
            "year": 2016,
            "quarter": 2,
            "eps": 0.23,
            "eps_growth_year": -23.33,
            "eps_4q": 1.07,
            "eps_4q_growth_year": -64.35,
            "roe": 0.92,
            "roe_4q": 4.29,
            "gross_profit": 148299,
            "gross_margin": 35.53,
            "gross_margin_4q_avg": 36.68,
            "net_income": 66029,
            "net_income_4q": null,
            "revenue": 417439,
            "revenue_4q": null,
            "common_shares": 2713356,
            "book_valuer_per_share": 26.43,
            "book_valuer_per_share_4q_avg": 26.36,
            "equity": 7171317,
            "current_ratio": 212.4,
            "debt_ratio": 51.44,
            "inventory_turnover_ratio": 0.03,
            "account_receivable_turnover_ratio": 50.96,
            "reinvestment_rate": 80.28,
            "research_to_sale_ratio": null,
            "price_fair": 110.34,
            "eps_avg_yearly": 3.15,
            "eps_latest_yearly": 0.92,
            "eps_growth_yearly": 299.34
        },
        "20163": {
            "year_quarter": 20163,
            "year": 2016,
            "quarter": 3,
            "eps": 0.08,
            "eps_growth_year": -76.47,
            "eps_4q": 0.83,
            "eps_4q_growth_year": -66.75,
            "roe": 0.31,
            "roe_4q": 3.3,
            "gross_profit": 111064,
            "gross_margin": 25.87,
            "gross_margin_4q_avg": 33.71,
            "net_income": 22399,
            "net_income_4q": null,
            "revenue": 429389,
            "revenue_4q": null,
            "common_shares": 2852450,
            "book_valuer_per_share": 25.22,
            "book_valuer_per_share_4q_avg": 26.14,
            "equity": 7193742,
            "current_ratio": 223.02,
            "debt_ratio": 51.35,
            "inventory_turnover_ratio": 0.03,
            "account_receivable_turnover_ratio": 7.68,
            "reinvestment_rate": 92.28,
            "research_to_sale_ratio": null,
            "price_fair": 93.89,
            "eps_avg_yearly": 2.68,
            "eps_latest_yearly": 0.32,
            "eps_growth_yearly": 237.02
        },
        "20164": {
            "year_quarter": 20164,
            "year": 2016,
            "quarter": 4,
            "eps": 0.23,
            "eps_growth_year": 89.02,
            "eps_4q": 0.94,
            "eps_4q_growth_year": -56.62,
            "roe": 0.9,
            "roe_4q": 3.74,
            "gross_profit": 170097,
            "gross_margin": 30.06,
            "gross_margin_4q_avg": 32.48,
            "net_income": 64870,
            "net_income_4q": null,
            "revenue": 565934,
            "revenue_4q": null,
            "common_shares": 2852450,
            "book_valuer_per_share": 25.44,
            "book_valuer_per_share_4q_avg": 25.94,
            "equity": 7256239,
            "current_ratio": 223.71,
            "debt_ratio": 51.68,
            "inventory_turnover_ratio": 0.04,
            "account_receivable_turnover_ratio": 9.83,
            "reinvestment_rate": 95.04,
            "research_to_sale_ratio": null,
            "price_fair": 89.43,
            "eps_avg_yearly": 2.56,
            "eps_latest_yearly": 0.92,
            "eps_growth_yearly": 299.46
        },
        "20171": {
            "year_quarter": 20171,
            "year": 2017,
            "quarter": 1,
            "eps": 0.06,
            "eps_growth_year": -86.05,
            "eps_4q": 0.59,
            "eps_4q_growth_year": -49.75,
            "roe": 0.22,
            "roe_4q": 2.35,
            "gross_profit": 116234,
            "gross_margin": 27.05,
            "gross_margin_4q_avg": 29.63,
            "net_income": 15930,
            "net_income_4q": null,
            "revenue": 429743,
            "revenue_4q": null,
            "common_shares": 2852450,
            "book_valuer_per_share": 25.49,
            "book_valuer_per_share_4q_avg": 25.65,
            "equity": 7271932,
            "current_ratio": 204.59,
            "debt_ratio": 53.35,
            "inventory_turnover_ratio": 0.03,
            "account_receivable_turnover_ratio": 45.68,
            "reinvestment_rate": 60.22,
            "research_to_sale_ratio": null,
            "price_fair": 87.33,
            "eps_avg_yearly": 2.5,
            "eps_latest_yearly": 0.24,
            "eps_growth_yearly": 295.85
        },
        "20172": {
            "year_quarter": 20172,
            "year": 2017,
            "quarter": 2,
            "eps": 0.17,
            "eps_growth_year": -26.09,
            "eps_4q": 0.53,
            "eps_4q_growth_year": -50.32,
            "roe": 0.68,
            "roe_4q": 2.11,
            "gross_profit": 169864,
            "gross_margin": 27.42,
            "gross_margin_4q_avg": 27.6,
            "net_income": 48701,
            "net_income_4q": null,
            "revenue": 619464,
            "revenue_4q": null,
            "common_shares": 2852450,
            "book_valuer_per_share": 25.01,
            "book_valuer_per_share_4q_avg": 25.29,
            "equity": 7135253,
            "current_ratio": 205.22,
            "debt_ratio": 54.49,
            "inventory_turnover_ratio": 0.05,
            "account_receivable_turnover_ratio": 45.61,
            "reinvestment_rate": 67.14,
            "research_to_sale_ratio": null,
            "price_fair": 86.54,
            "eps_avg_yearly": 2.47,
            "eps_latest_yearly": 0.68,
            "eps_growth_yearly": 345.01
        },
        "20173": {
            "year_quarter": 20173,
            "year": 2017,
            "quarter": 3,
            "eps": 0.26,
            "eps_growth_year": 225,
            "eps_4q": 0.72,
            "eps_4q_growth_year": -13.53,
            "roe": 1.05,
            "roe_4q": 2.85,
            "gross_profit": 236570,
            "gross_margin": 19.7,
            "gross_margin_4q_avg": 26.06,
            "net_income": 75395,
            "net_income_4q": null,
            "revenue": 1200856,
            "revenue_4q": null,
            "common_shares": 2852450,
            "book_valuer_per_share": 25.28,
            "book_valuer_per_share_4q_avg": 25.31,
            "equity": 7211022,
            "current_ratio": 211.95,
            "debt_ratio": 51.75,
            "inventory_turnover_ratio": 0.1,
            "account_receivable_turnover_ratio": 65.33,
            "reinvestment_rate": 76.14,
            "research_to_sale_ratio": null,
            "price_fair": 69.74,
            "eps_avg_yearly": 1.99,
            "eps_latest_yearly": 1.04,
            "eps_growth_yearly": 173.63
        },
        "20174": {
            "year_quarter": 20174,
            "year": 2017,
            "quarter": 4,
            "eps": 0.68,
            "eps_growth_year": 198.48,
            "eps_4q": 1.17,
            "eps_4q_growth_year": 23.96,
            "roe": 2.65,
            "roe_4q": 4.6,
            "gross_profit": 346662,
            "gross_margin": 17.45,
            "gross_margin_4q_avg": 22.91,
            "net_income": 193626,
            "net_income_4q": null,
            "revenue": 1986276,
            "revenue_4q": null,
            "common_shares": 2852450,
            "book_valuer_per_share": 25.94,
            "book_valuer_per_share_4q_avg": 25.43,
            "equity": 7399460,
            "current_ratio": 301.39,
            "debt_ratio": 46.57,
            "inventory_turnover_ratio": 0.19,
            "account_receivable_turnover_ratio": 80.28,
            "reinvestment_rate": 66.04,
            "research_to_sale_ratio": null,
            "price_fair": 72.36,
            "eps_avg_yearly": 2.07,
            "eps_latest_yearly": 2.72,
            "eps_growth_yearly": 234.66
        },
        "20181": {
            "year_quarter": 20181,
            "year": 2018,
            "quarter": 1,
            "eps": 0.32,
            "eps_growth_year": 433.33,
            "eps_4q": 1.43,
            "eps_4q_growth_year": 141.63,
            "roe": 1.22,
            "roe_4q": 5.6,
            "gross_profit": 211242,
            "gross_margin": 31.1,
            "gross_margin_4q_avg": 23.92,
            "net_income": 91175,
            "net_income_4q": null,
            "revenue": 679179,
            "revenue_4q": null,
            "common_shares": 2852450,
            "book_valuer_per_share": 26.26,
            "book_valuer_per_share_4q_avg": 25.62,
            "equity": 7490634,
            "current_ratio": 291.71,
            "debt_ratio": 45.67,
            "inventory_turnover_ratio": 0.06,
            "account_receivable_turnover_ratio": 22.9,
            "reinvestment_rate": 48.25,
            "research_to_sale_ratio": null,
            "price_fair": 70.26,
            "eps_avg_yearly": 2.01,
            "eps_latest_yearly": 1.28,
            "eps_growth_yearly": 209.58
        },
        "20182": {
            "year_quarter": 20182,
            "year": 2018,
            "quarter": 2,
            "eps": 0.27,
            "eps_growth_year": 58.82,
            "eps_4q": 1.53,
            "eps_4q_growth_year": 188.05,
            "roe": 1.04,
            "roe_4q": 5.96,
            "gross_profit": 191209,
            "gross_margin": 30.39,
            "gross_margin_4q_avg": 24.66,
            "net_income": 77346,
            "net_income_4q": null,
            "revenue": 629104,
            "revenue_4q": null,
            "common_shares": 2852450,
            "book_valuer_per_share": 25.83,
            "book_valuer_per_share_4q_avg": 25.83,
            "equity": 7368308,
            "current_ratio": 242.59,
            "debt_ratio": 48.21,
            "inventory_turnover_ratio": 0.05,
            "account_receivable_turnover_ratio": 9.66,
            "reinvestment_rate": 53.45,
            "research_to_sale_ratio": null,
            "price_fair": 55.74,
            "eps_avg_yearly": 1.59,
            "eps_latest_yearly": 1.08,
            "eps_growth_yearly": 144.52
        },
        "20183": {
            "year_quarter": 20183,
            "year": 2018,
            "quarter": 3,
            "eps": 0.16,
            "eps_growth_year": -38.46,
            "eps_4q": 1.43,
            "eps_4q_growth_year": 99.26,
            "roe": 0.62,
            "roe_4q": 5.529999999999999,
            "gross_profit": 161464,
            "gross_margin": 30.07,
            "gross_margin_4q_avg": 27.25,
            "net_income": 46121,
            "net_income_4q": null,
            "revenue": 537004,
            "revenue_4q": null,
            "common_shares": 2852450,
            "book_valuer_per_share": 25.99,
            "book_valuer_per_share_4q_avg": 26.01,
            "equity": 7414429,
            "current_ratio": 241.16,
            "debt_ratio": 48.74,
            "inventory_turnover_ratio": 0.04,
            "account_receivable_turnover_ratio": 9.42,
            "reinvestment_rate": 41.26,
            "research_to_sale_ratio": null,
            "price_fair": 49.26,
            "eps_avg_yearly": 1.41,
            "eps_latest_yearly": 0.64,
            "eps_growth_yearly": 147.67
        },
        "20184": {
            "year_quarter": 20184,
            "year": 2018,
            "quarter": 4,
            "eps": 0.07,
            "eps_growth_year": -89.93,
            "eps_4q": 0.82,
            "eps_4q_growth_year": -29.82,
            "roe": 0.26,
            "roe_4q": 3.1399999999999997,
            "gross_profit": 125588,
            "gross_margin": 29.89,
            "gross_margin_4q_avg": 30.36,
            "net_income": 19505,
            "net_income_4q": null,
            "revenue": 420173,
            "revenue_4q": null,
            "common_shares": 2852450,
            "book_valuer_per_share": 26.09,
            "book_valuer_per_share_4q_avg": 26.04,
            "equity": 7441052,
            "current_ratio": 212.94,
            "debt_ratio": 49.49,
            "inventory_turnover_ratio": 0.03,
            "account_receivable_turnover_ratio": 9.51,
            "reinvestment_rate": 37.97,
            "research_to_sale_ratio": null,
            "price_fair": 45.76,
            "eps_avg_yearly": 1.31,
            "eps_latest_yearly": 0.28,
            "eps_growth_yearly": 145.55
        },
        "20191": {
            "year_quarter": 20191,
            "year": 2019,
            "quarter": 1,
            "eps": 0.12,
            "eps_growth_year": -62.5,
            "eps_4q": 0.62,
            "eps_4q_growth_year": -56.47,
            "roe": 0.47,
            "roe_4q": 2.39,
            "gross_profit": 146134,
            "gross_margin": 31.27,
            "gross_margin_4q_avg": 30.41,
            "net_income": 35006,
            "net_income_4q": null,
            "revenue": 467266,
            "revenue_4q": null,
            "common_shares": 2852450,
            "book_valuer_per_share": 26.21,
            "book_valuer_per_share_4q_avg": 26.03,
            "equity": 7476058,
            "current_ratio": 211.08,
            "debt_ratio": 49.02,
            "inventory_turnover_ratio": 0.04,
            "account_receivable_turnover_ratio": 7.37,
            "reinvestment_rate": 44.35,
            "research_to_sale_ratio": null,
            "price_fair": 33.6,
            "eps_avg_yearly": 0.96,
            "eps_latest_yearly": 0.48,
            "eps_growth_yearly": 108.09
        },
        "20192": {
            "year_quarter": 20192,
            "year": 2019,
            "quarter": 2,
            "eps": 0.19,
            "eps_growth_year": -29.63,
            "eps_4q": 0.55,
            "eps_4q_growth_year": -64.31,
            "roe": 0.75,
            "roe_4q": 2.1,
            "gross_profit": 157502,
            "gross_margin": 31.13,
            "gross_margin_4q_avg": 30.59,
            "net_income": 55547,
            "net_income_4q": null,
            "revenue": 506005,
            "revenue_4q": null,
            "common_shares": 2852450,
            "book_valuer_per_share": 25.7,
            "book_valuer_per_share_4q_avg": 26,
            "equity": 7331933,
            "current_ratio": 194.1,
            "debt_ratio": 50.66,
            "inventory_turnover_ratio": 0.04,
            "account_receivable_turnover_ratio": 7.52,
            "reinvestment_rate": 34.44,
            "research_to_sale_ratio": null,
            "price_fair": 32.64,
            "eps_avg_yearly": 0.93,
            "eps_latest_yearly": 0.76,
            "eps_growth_yearly": 142.71
        },
        "20193": {
            "year_quarter": 20193,
            "year": 2019,
            "quarter": 3,
            "eps": 0.05,
            "eps_growth_year": -68.75,
            "eps_4q": 0.44,
            "eps_4q_growth_year": -69.03,
            "roe": 0.22,
            "roe_4q": 1.7,
            "gross_profit": 94273,
            "gross_margin": 24.72,
            "gross_margin_4q_avg": 29.25,
            "net_income": 16400,
            "net_income_4q": null,
            "revenue": 381310,
            "revenue_4q": null,
            "common_shares": 2852450,
            "book_valuer_per_share": 25.76,
            "book_valuer_per_share_4q_avg": 25.94,
            "equity": 7348333,
            "current_ratio": 196.76,
            "debt_ratio": 49.48,
            "inventory_turnover_ratio": 0.03,
            "account_receivable_turnover_ratio": 7.02,
            "reinvestment_rate": 25.89,
            "research_to_sale_ratio": null,
            "price_fair": 30.1,
            "eps_avg_yearly": 0.86,
            "eps_latest_yearly": 0.2,
            "eps_growth_yearly": 120.95
        },
        "20194": {
            "year_quarter": 20194,
            "year": 2019,
            "quarter": 4,
            "eps": -0.04,
            "eps_growth_year": -164.68,
            "eps_4q": 0.33,
            "eps_4q_growth_year": -59.71,
            "roe": -0.17,
            "roe_4q": 1.27,
            "gross_profit": 81134,
            "gross_margin": 29.29,
            "gross_margin_4q_avg": 29.1,
            "net_income": -12615,
            "net_income_4q": null,
            "revenue": 276961,
            "revenue_4q": null,
            "common_shares": 2852450,
            "book_valuer_per_share": 25.72,
            "book_valuer_per_share_4q_avg": 25.85,
            "equity": 7336407,
            "current_ratio": 184.49,
            "debt_ratio": 51.04,
            "inventory_turnover_ratio": 0.02,
            "account_receivable_turnover_ratio": 8.81,
            "reinvestment_rate": 14.23,
            "research_to_sale_ratio": null,
            "price_fair": 30.99,
            "eps_avg_yearly": 0.89,
            "eps_latest_yearly": 0.2,
            "eps_growth_yearly": 146.27
        },
        "20201": {
            "year_quarter": 20201,
            "year": 2020,
            "quarter": 1,
            "eps": -0.11,
            "eps_growth_year": -191.67,
            "eps_4q": 0.1,
            "eps_4q_growth_year": -83.69,
            "roe": -0.41,
            "roe_4q": 0.39,
            "gross_profit": 50334,
            "gross_margin": 20.67,
            "gross_margin_4q_avg": 26.45,
            "net_income": -30296,
            "net_income_4q": null,
            "revenue": 243503,
            "revenue_4q": null,
            "common_shares": 2852450,
            "book_valuer_per_share": 25.61,
            "book_valuer_per_share_4q_avg": 25.7,
            "equity": 7306111,
            "current_ratio": 180.49,
            "debt_ratio": 51.6,
            "inventory_turnover_ratio": 0.02,
            "account_receivable_turnover_ratio": 7.58,
            "reinvestment_rate": 0.74,
            "research_to_sale_ratio": null,
            "price_fair": 28.9,
            "eps_avg_yearly": 0.83,
            "eps_latest_yearly": 0.2,
            "eps_growth_yearly": 82.91
        },
        "20202": {
            "year_quarter": 20202,
            "year": 2020,
            "quarter": 2,
            "eps": 0.35,
            "eps_growth_year": 84.21,
            "eps_4q": 0.25,
            "eps_4q_growth_year": -53.95,
            "roe": 1.35,
            "roe_4q": 0.9900000000000001,
            "gross_profit": 164183,
            "gross_margin": 11.59,
            "gross_margin_4q_avg": 21.57,
            "net_income": 98435,
            "net_income_4q": null,
            "revenue": 1416838,
            "revenue_4q": null,
            "common_shares": 2852450,
            "book_valuer_per_share": 25.46,
            "book_valuer_per_share_4q_avg": 25.64,
            "equity": 7261923,
            "current_ratio": 192.78,
            "debt_ratio": 49,
            "inventory_turnover_ratio": 0.14,
            "account_receivable_turnover_ratio": 66.88,
            "reinvestment_rate": -5.69,
            "research_to_sale_ratio": null,
            "price_fair": 28.65,
            "eps_avg_yearly": 0.82,
            "eps_latest_yearly": 0.2,
            "eps_growth_yearly": 103.6
        },
        "20203": {
            "year_quarter": 20203,
            "year": 2020,
            "quarter": 3,
            "eps": 0.14,
            "eps_growth_year": 180,
            "eps_4q": 0.34,
            "eps_4q_growth_year": -23.59,
            "roe": 0.56,
            "roe_4q": 1.3300000000000003,
            "gross_profit": 126207,
            "gross_margin": 20.6,
            "gross_margin_4q_avg": 20.54,
            "net_income": 41107,
            "net_income_4q": null,
            "revenue": 612731,
            "revenue_4q": null,
            "common_shares": 2852450,
            "book_valuer_per_share": 25.6,
            "book_valuer_per_share_4q_avg": 25.6,
            "equity": 7303030,
            "current_ratio": 193.97,
            "debt_ratio": 49.31,
            "inventory_turnover_ratio": 0.06,
            "account_receivable_turnover_ratio": 17.12,
            "reinvestment_rate": -10.26,
            "research_to_sale_ratio": null,
            "price_fair": 29.29,
            "eps_avg_yearly": 0.84,
            "eps_latest_yearly": 0.56,
            "eps_growth_yearly": 105.21
        },
        "20204": {
            "year_quarter": 20204,
            "year": 2020,
            "quarter": 4,
            "eps": 0.47,
            "eps_growth_year": null,
            "eps_4q": 0.85,
            "eps_4q_growth_year": 157.33,
            "roe": 1.81,
            "roe_4q": 3.31,
            "gross_profit": 259884,
            "gross_margin": 16.64,
            "gross_margin_4q_avg": 17.38,
            "net_income": 133512,
            "net_income_4q": null,
            "revenue": 1561826,
            "revenue_4q": null,
            "common_shares": 2852450,
            "book_valuer_per_share": 26.08,
            "book_valuer_per_share_4q_avg": 25.69,
            "equity": 7438339,
            "current_ratio": 209.58,
            "debt_ratio": 46.8,
            "inventory_turnover_ratio": 0.15,
            "account_receivable_turnover_ratio": 25.68,
            "reinvestment_rate": -14.69,
            "research_to_sale_ratio": null,
            "price_fair": 31.88,
            "eps_avg_yearly": 0.91,
            "eps_latest_yearly": 1.88,
            "eps_growth_yearly": 120.04
        },
        "20211": {
            "year_quarter": 20211,
            "year": 2021,
            "quarter": 1,
            "eps": 0.39,
            "eps_growth_year": null,
            "eps_4q": 1.35,
            "eps_4q_growth_year": 1226.57,
            "roe": 1.5,
            "roe_4q": 5.220000000000001,
            "gross_profit": 210395,
            "gross_margin": 29.99,
            "gross_margin_4q_avg": 19.71,
            "net_income": 112127,
            "net_income_4q": null,
            "revenue": 701595,
            "revenue_4q": null,
            "common_shares": 2852450,
            "book_valuer_per_share": 26.47,
            "book_valuer_per_share_4q_avg": 25.9,
            "equity": 7550466,
            "current_ratio": 216.82,
            "debt_ratio": 45.52,
            "inventory_turnover_ratio": 0.06,
            "account_receivable_turnover_ratio": 18.49,
            "reinvestment_rate": -27.68,
            "research_to_sale_ratio": null,
            "price_fair": 35.43,
            "eps_avg_yearly": 1.01,
            "eps_latest_yearly": 1.56,
            "eps_growth_yearly": 137.55
        },
        "20212": {
            "year_quarter": 20212,
            "year": 2021,
            "quarter": 2,
            "eps": 0.69,
            "eps_growth_year": 97.14,
            "eps_4q": 1.69,
            "eps_4q_growth_year": 571.74,
            "roe": 2.6,
            "roe_4q": 6.470000000000001,
            "gross_profit": 293321,
            "gross_margin": 31.8,
            "gross_margin_4q_avg": 24.76,
            "net_income": 196399,
            "net_income_4q": null,
            "revenue": 922412,
            "revenue_4q": null,
            "common_shares": 2852450,
            "book_valuer_per_share": 26.56,
            "book_valuer_per_share_4q_avg": 26.18,
            "equity": 7575718,
            "current_ratio": 252.24,
            "debt_ratio": 44.96,
            "inventory_turnover_ratio": 0.08,
            "account_receivable_turnover_ratio": 69.22,
            "reinvestment_rate": -145.99,
            "research_to_sale_ratio": null,
            "price_fair": 41.03,
            "eps_avg_yearly": 1.17,
            "eps_latest_yearly": 2.76,
            "eps_growth_yearly": 104.81
        },
        "20213": {
            "year_quarter": 20213,
            "year": 2021,
            "quarter": 3,
            "eps": 0.38,
            "eps_growth_year": 171.43,
            "eps_4q": 1.93,
            "eps_4q_growth_year": 470.23,
            "roe": 1.43,
            "roe_4q": 7.34,
            "gross_profit": 203464,
            "gross_margin": 20.14,
            "gross_margin_4q_avg": 24.64,
            "net_income": 108978,
            "net_income_4q": null,
            "revenue": 1010165,
            "revenue_4q": null,
            "common_shares": 2852450,
            "book_valuer_per_share": 26.93,
            "book_valuer_per_share_4q_avg": 26.51,
            "equity": 7681048,
            "current_ratio": 272.37,
            "debt_ratio": 43.77,
            "inventory_turnover_ratio": 0.1,
            "account_receivable_turnover_ratio": 45.25,
            "reinvestment_rate": -145.49,
            "research_to_sale_ratio": null,
            "price_fair": 42.32,
            "eps_avg_yearly": 1.21,
            "eps_latest_yearly": 1.52,
            "eps_growth_yearly": 74.69
        },
        "20214": {
            "year_quarter": 20214,
            "year": 2021,
            "quarter": 4,
            "eps": 2.26,
            "eps_growth_year": 382.68,
            "eps_4q": 3.72,
            "eps_4q_growth_year": 337.45,
            "roe": 8.05,
            "roe_4q": 13.58,
            "gross_profit": 373591,
            "gross_margin": 32.83,
            "gross_margin_4q_avg": 28.69,
            "net_income": 644431,
            "net_income_4q": null,
            "revenue": 1137968,
            "revenue_4q": null,
            "common_shares": 2852450,
            "book_valuer_per_share": 29.19,
            "book_valuer_per_share_4q_avg": 27.29,
            "equity": 8326387,
            "current_ratio": 286.53,
            "debt_ratio": 36.48,
            "inventory_turnover_ratio": 0.1,
            "account_receivable_turnover_ratio": 42.68,
            "reinvestment_rate": -129.6,
            "research_to_sale_ratio": null,
            "price_fair": 59.34,
            "eps_avg_yearly": 1.7,
            "eps_latest_yearly": 9.04,
            "eps_growth_yearly": 177.21
        },
        "20221": {
            "year_quarter": 20221,
            "year": 2022,
            "quarter": 1,
            "eps": 2.14,
            "eps_growth_year": 448.72,
            "eps_4q": 5.47,
            "eps_4q_growth_year": 305.1,
            "roe": 7.07,
            "roe_4q": 19.150000000000002,
            "gross_profit": 488620,
            "gross_margin": 24.27,
            "gross_margin_4q_avg": 27.26,
            "net_income": 610571,
            "net_income_4q": null,
            "revenue": 2013469,
            "revenue_4q": null,
            "common_shares": 2852450,
            "book_valuer_per_share": 31.33,
            "book_valuer_per_share_4q_avg": 28.5,
            "equity": 8936958,
            "current_ratio": 314.63,
            "debt_ratio": 32.31,
            "inventory_turnover_ratio": 0.23,
            "account_receivable_turnover_ratio": 35.1,
            "reinvestment_rate": -98.27,
            "research_to_sale_ratio": null,
            "price_fair": 78.94,
            "eps_avg_yearly": 2.26,
            "eps_latest_yearly": 8.56,
            "eps_growth_yearly": 191.87
        },
        "20222": {
            "year_quarter": 20222,
            "year": 2022,
            "quarter": 2,
            "eps": 0.69,
            "eps_growth_year": 0,
            "eps_4q": 5.48,
            "eps_4q_growth_year": 223.3,
            "roe": 2.23,
            "roe_4q": 18.78,
            "gross_profit": 481077,
            "gross_margin": 25.77,
            "gross_margin_4q_avg": 25.75,
            "net_income": 198007,
            "net_income_4q": null,
            "revenue": 1866843,
            "revenue_4q": null,
            "common_shares": 2852450,
            "book_valuer_per_share": 31.02,
            "book_valuer_per_share_4q_avg": 29.62,
            "equity": 8849721,
            "current_ratio": 350.15,
            "debt_ratio": 29.94,
            "inventory_turnover_ratio": 0.25,
            "account_receivable_turnover_ratio": 26.97,
            "reinvestment_rate": -92.67,
            "research_to_sale_ratio": null,
            "price_fair": 83.46,
            "eps_avg_yearly": 2.38,
            "eps_latest_yearly": 2.76,
            "eps_growth_yearly": 175.83
        },
        "20223": {
            "year_quarter": 20223,
            "year": 2022,
            "quarter": 3,
            "eps": 0.68,
            "eps_growth_year": 78.95,
            "eps_4q": 5.77,
            "eps_4q_growth_year": 198.81,
            "roe": 2.16,
            "roe_4q": 19.51,
            "gross_profit": 283433,
            "gross_margin": 38.56,
            "gross_margin_4q_avg": 30.36,
            "net_income": 193489,
            "net_income_4q": null,
            "revenue": 735072,
            "revenue_4q": null,
            "common_shares": 2852450,
            "book_valuer_per_share": 31.7,
            "book_valuer_per_share_4q_avg": 30.81,
            "equity": 9043210,
            "current_ratio": 367.53,
            "debt_ratio": 28.76,
            "inventory_turnover_ratio": 0.09,
            "account_receivable_turnover_ratio": 20.39,
            "reinvestment_rate": -86.55,
            "research_to_sale_ratio": null,
            "price_fair": 89.06,
            "eps_avg_yearly": 2.54,
            "eps_latest_yearly": 2.72,
            "eps_growth_yearly": 187.92
        },
        "20224": {
            "year_quarter": 20224,
            "year": 2022,
            "quarter": 4,
            "eps": 0.04,
            "eps_growth_year": -98.04,
            "eps_4q": 3.56,
            "eps_4q_growth_year": -4.45,
            "roe": 0.14,
            "roe_4q": 11.600000000000001,
            "gross_profit": 44632,
            "gross_margin": 22.29,
            "gross_margin_4q_avg": 27.72,
            "net_income": 12631,
            "net_income_4q": null,
            "revenue": 200264,
            "revenue_4q": null,
            "common_shares": 2852450,
            "book_valuer_per_share": 31.76,
            "book_valuer_per_share_4q_avg": 31.45,
            "equity": 9059198,
            "current_ratio": 371,
            "debt_ratio": 28.43,
            "inventory_turnover_ratio": 0.03,
            "account_receivable_turnover_ratio": 6.53,
            "reinvestment_rate": -89.81,
            "research_to_sale_ratio": null,
            "price_fair": 88.74,
            "eps_avg_yearly": 2.54,
            "eps_latest_yearly": 0.16,
            "eps_growth_yearly": 176.27
        },
        "20231": {
            "year_quarter": 20231,
            "year": 2023,
            "quarter": 1,
            "eps": 1.3,
            "eps_growth_year": -39.25,
            "eps_4q": 2.71,
            "eps_4q_growth_year": -50.4,
            "roe": 4.08,
            "roe_4q": 8.61,
            "gross_profit": 463415,
            "gross_margin": 32.74,
            "gross_margin_4q_avg": 29.84,
            "net_income": 369783,
            "net_income_4q": null,
            "revenue": 1415229,
            "revenue_4q": null,
            "common_shares": 2852450,
            "book_valuer_per_share": 31.86,
            "book_valuer_per_share_4q_avg": 31.59,
            "equity": 9086687,
            "current_ratio": 414.6,
            "debt_ratio": 26.32,
            "inventory_turnover_ratio": 0.2,
            "account_receivable_turnover_ratio": 44.76,
            "reinvestment_rate": -79.83,
            "research_to_sale_ratio": null,
            "price_fair": 101.45,
            "eps_avg_yearly": 2.9,
            "eps_latest_yearly": 5.2,
            "eps_growth_yearly": 1123.52
        },
        "20232": {
            "year_quarter": 20232,
            "year": 2023,
            "quarter": 2,
            "eps": 0.81,
            "eps_growth_year": 17.39,
            "eps_4q": 2.83,
            "eps_4q_growth_year": -48.25,
            "roe": 2.53,
            "roe_4q": 8.91,
            "gross_profit": 349032,
            "gross_margin": 32.83,
            "gross_margin_4q_avg": 31.61,
            "net_income": 232422,
            "net_income_4q": null,
            "revenue": 1063243,
            "revenue_4q": null,
            "common_shares": 2852450,
            "book_valuer_per_share": 32.67,
            "book_valuer_per_share_4q_avg": 32,
            "equity": 9319109,
            "current_ratio": 463.25,
            "debt_ratio": 24.36,
            "inventory_turnover_ratio": 0.16,
            "account_receivable_turnover_ratio": 57.03,
            "reinvestment_rate": -74.56,
            "research_to_sale_ratio": null,
            "price_fair": 108.12,
            "eps_avg_yearly": 3.09,
            "eps_latest_yearly": 3.24,
            "eps_growth_yearly": 1093.97
        }
    },
    "months": {
        "2001-08": {
            "month": "2001-08",
            "price": "10.47",
            "revenue": 126947
        },
        "2001-09": {
            "month": "2001-09",
            "price": "9.08",
            "revenue": 150350
        },
        "2001-10": {
            "month": "2001-10",
            "price": "8.06",
            "revenue": 202044
        },
        "2001-11": {
            "month": "2001-11",
            "price": "7.07",
            "revenue": 170976
        },
        "2001-12": {
            "month": "2001-12",
            "price": "8.04",
            "revenue": 111485
        },
        "2002-01": {
            "month": "2002-01",
            "price": "9.28",
            "revenue": 118639
        },
        "2002-02": {
            "month": "2002-02",
            "price": "9.70",
            "revenue": 148074
        },
        "2002-03": {
            "month": "2002-03",
            "price": "10.05",
            "revenue": 237025
        },
        "2002-04": {
            "month": "2002-04",
            "price": "12.36",
            "revenue": 209922
        },
        "2002-05": {
            "month": "2002-05",
            "price": "10.69",
            "revenue": 481691
        },
        "2002-06": {
            "month": "2002-06",
            "price": "8.91",
            "revenue": 117997
        },
        "2002-07": {
            "month": "2002-07",
            "price": "8.32",
            "revenue": 614724
        },
        "2002-08": {
            "month": "2002-08",
            "price": "8.48",
            "revenue": 402758
        },
        "2002-09": {
            "month": "2002-09",
            "price": "8.35",
            "revenue": 85905
        },
        "2002-10": {
            "month": "2002-10",
            "price": "7.51",
            "revenue": 18552
        },
        "2002-11": {
            "month": "2002-11",
            "price": "6.96",
            "revenue": 73816
        },
        "2002-12": {
            "month": "2002-12",
            "price": "6.61",
            "revenue": 34460
        },
        "2003-01": {
            "month": "2003-01",
            "price": "6.64",
            "revenue": 0
        },
        "2003-02": {
            "month": "2003-02",
            "price": "6.43",
            "revenue": 0
        },
        "2003-03": {
            "month": "2003-03",
            "price": "6.34",
            "revenue": 131373
        },
        "2003-04": {
            "month": "2003-04",
            "price": "6.37",
            "revenue": 14122
        },
        "2003-05": {
            "month": "2003-05",
            "price": "5.65",
            "revenue": 194713
        },
        "2003-06": {
            "month": "2003-06",
            "price": "5.42",
            "revenue": 3186
        },
        "2003-07": {
            "month": "2003-07",
            "price": "6.18",
            "revenue": 107029
        },
        "2003-08": {
            "month": "2003-08",
            "price": "6.41",
            "revenue": 98217
        },
        "2003-09": {
            "month": "2003-09",
            "price": "5.76",
            "revenue": 1556
        },
        "2003-10": {
            "month": "2003-10",
            "price": "7.06",
            "revenue": 192823
        },
        "2003-11": {
            "month": "2003-11",
            "price": "6.20",
            "revenue": 170903
        },
        "2003-12": {
            "month": "2003-12",
            "price": "6.20",
            "revenue": 56572
        },
        "2004-01": {
            "month": "2004-01",
            "price": "8.32",
            "revenue": 383805
        },
        "2004-02": {
            "month": "2004-02",
            "price": "9.48",
            "revenue": 211415
        },
        "2004-03": {
            "month": "2004-03",
            "price": "9.09",
            "revenue": 13292
        },
        "2004-04": {
            "month": "2004-04",
            "price": "8.45",
            "revenue": 42775
        },
        "2004-05": {
            "month": "2004-05",
            "price": "8.17",
            "revenue": 0
        },
        "2004-06": {
            "month": "2004-06",
            "price": "8.10",
            "revenue": 88409
        },
        "2004-07": {
            "month": "2004-07",
            "price": "7.27",
            "revenue": 367883
        },
        "2004-08": {
            "month": "2004-08",
            "price": "6.80",
            "revenue": 143692
        },
        "2004-09": {
            "month": "2004-09",
            "price": "7.61",
            "revenue": 198237
        },
        "2004-10": {
            "month": "2004-10",
            "price": "7.34",
            "revenue": 32087
        },
        "2004-11": {
            "month": "2004-11",
            "price": "8.09",
            "revenue": 140453
        },
        "2004-12": {
            "month": "2004-12",
            "price": "9.09",
            "revenue": 49283
        },
        "2005-01": {
            "month": "2005-01",
            "price": "12.33",
            "revenue": 0
        },
        "2005-02": {
            "month": "2005-02",
            "price": "12.48",
            "revenue": 49167
        },
        "2005-03": {
            "month": "2005-03",
            "price": "11.32",
            "revenue": 0
        },
        "2005-04": {
            "month": "2005-04",
            "price": "10.63",
            "revenue": 31188
        },
        "2005-05": {
            "month": "2005-05",
            "price": "10.94",
            "revenue": 665185
        },
        "2005-06": {
            "month": "2005-06",
            "price": "11.50",
            "revenue": 422421
        },
        "2005-07": {
            "month": "2005-07",
            "price": "11.25",
            "revenue": 70787
        },
        "2005-08": {
            "month": "2005-08",
            "price": "10.12",
            "revenue": 70787
        },
        "2005-09": {
            "month": "2005-09",
            "price": "10.21",
            "revenue": 93570
        },
        "2005-10": {
            "month": "2005-10",
            "price": "10.32",
            "revenue": 4812
        },
        "2005-11": {
            "month": "2005-11",
            "price": "9.92",
            "revenue": 116369
        },
        "2005-12": {
            "month": "2005-12",
            "price": "11.22",
            "revenue": 270652
        },
        "2006-01": {
            "month": "2006-01",
            "price": "12.51",
            "revenue": 422967
        },
        "2006-02": {
            "month": "2006-02",
            "price": "12.44",
            "revenue": 131712
        },
        "2006-03": {
            "month": "2006-03",
            "price": "12.43",
            "revenue": 283463
        },
        "2006-04": {
            "month": "2006-04",
            "price": "14.42",
            "revenue": 172128
        },
        "2006-05": {
            "month": "2006-05",
            "price": "22.70",
            "revenue": 322598
        },
        "2006-06": {
            "month": "2006-06",
            "price": "20.84",
            "revenue": 90036
        },
        "2006-07": {
            "month": "2006-07",
            "price": "21.95",
            "revenue": 49525
        },
        "2006-08": {
            "month": "2006-08",
            "price": "19.17",
            "revenue": 449386
        },
        "2006-09": {
            "month": "2006-09",
            "price": "17.72",
            "revenue": 856489
        },
        "2006-10": {
            "month": "2006-10",
            "price": "22.24",
            "revenue": 170177
        },
        "2006-11": {
            "month": "2006-11",
            "price": "26.80",
            "revenue": 48349
        },
        "2006-12": {
            "month": "2006-12",
            "price": "26.58",
            "revenue": 1762
        },
        "2007-01": {
            "month": "2007-01",
            "price": "24.04",
            "revenue": 348324
        },
        "2007-02": {
            "month": "2007-02",
            "price": "24.26",
            "revenue": 78656
        },
        "2007-03": {
            "month": "2007-03",
            "price": "24.05",
            "revenue": 37267
        },
        "2007-04": {
            "month": "2007-04",
            "price": "24.74",
            "revenue": 203830
        },
        "2007-05": {
            "month": "2007-05",
            "price": "24.46",
            "revenue": 73
        },
        "2007-06": {
            "month": "2007-06",
            "price": "24.04",
            "revenue": 116
        },
        "2007-07": {
            "month": "2007-07",
            "price": "27.36",
            "revenue": 109435
        },
        "2007-08": {
            "month": "2007-08",
            "price": "25.17",
            "revenue": 314940
        },
        "2007-09": {
            "month": "2007-09",
            "price": "22.37",
            "revenue": 1192271
        },
        "2007-10": {
            "month": "2007-10",
            "price": "22.59",
            "revenue": 591561
        },
        "2007-11": {
            "month": "2007-11",
            "price": "20.84",
            "revenue": 45541
        },
        "2007-12": {
            "month": "2007-12",
            "price": "19.54",
            "revenue": 29168
        },
        "2008-01": {
            "month": "2008-01",
            "price": "23.37",
            "revenue": 154374
        },
        "2008-02": {
            "month": "2008-02",
            "price": "25.51",
            "revenue": 121
        },
        "2008-03": {
            "month": "2008-03",
            "price": "30.27",
            "revenue": 109051
        },
        "2008-04": {
            "month": "2008-04",
            "price": "31.40",
            "revenue": 87797
        },
        "2008-05": {
            "month": "2008-05",
            "price": "31.57",
            "revenue": 166519
        },
        "2008-06": {
            "month": "2008-06",
            "price": "22.48",
            "revenue": 387773
        },
        "2008-07": {
            "month": "2008-07",
            "price": "15.93",
            "revenue": 109
        },
        "2008-08": {
            "month": "2008-08",
            "price": "15.33",
            "revenue": 65994
        },
        "2008-09": {
            "month": "2008-09",
            "price": "12.08",
            "revenue": 596839
        },
        "2008-10": {
            "month": "2008-10",
            "price": "9.82",
            "revenue": 95
        },
        "2008-11": {
            "month": "2008-11",
            "price": "10.13",
            "revenue": 103
        },
        "2008-12": {
            "month": "2008-12",
            "price": "10.05",
            "revenue": 81831
        },
        "2009-01": {
            "month": "2009-01",
            "price": "9.77",
            "revenue": 35628
        },
        "2009-02": {
            "month": "2009-02",
            "price": "9.36",
            "revenue": 35626
        },
        "2009-03": {
            "month": "2009-03",
            "price": "10.13",
            "revenue": 98384
        },
        "2009-04": {
            "month": "2009-04",
            "price": "13.79",
            "revenue": 61178
        },
        "2009-05": {
            "month": "2009-05",
            "price": "16.08",
            "revenue": 1304317
        },
        "2009-06": {
            "month": "2009-06",
            "price": "19.22",
            "revenue": 192400
        },
        "2009-07": {
            "month": "2009-07",
            "price": "24.50",
            "revenue": 328416
        },
        "2009-08": {
            "month": "2009-08",
            "price": "22.12",
            "revenue": 224937
        },
        "2009-09": {
            "month": "2009-09",
            "price": "24.50",
            "revenue": 676505
        },
        "2009-10": {
            "month": "2009-10",
            "price": "26.59",
            "revenue": 99963
        },
        "2009-11": {
            "month": "2009-11",
            "price": "26.26",
            "revenue": 44010
        },
        "2009-12": {
            "month": "2009-12",
            "price": "25.96",
            "revenue": 33682
        },
        "2010-01": {
            "month": "2010-01",
            "price": "26.16",
            "revenue": 495101
        },
        "2010-02": {
            "month": "2010-02",
            "price": "23.45",
            "revenue": 78224
        },
        "2010-03": {
            "month": "2010-03",
            "price": "24.08",
            "revenue": 341299
        },
        "2010-04": {
            "month": "2010-04",
            "price": "24.95",
            "revenue": 266645
        },
        "2010-05": {
            "month": "2010-05",
            "price": "22.74",
            "revenue": 102371
        },
        "2010-06": {
            "month": "2010-06",
            "price": "21.69",
            "revenue": 45304
        },
        "2010-07": {
            "month": "2010-07",
            "price": "21.62",
            "revenue": 86651
        },
        "2010-08": {
            "month": "2010-08",
            "price": "20.80",
            "revenue": 1433287
        },
        "2010-09": {
            "month": "2010-09",
            "price": "21.64",
            "revenue": 53024
        },
        "2010-10": {
            "month": "2010-10",
            "price": "21.48",
            "revenue": 368709
        },
        "2010-11": {
            "month": "2010-11",
            "price": "24.25",
            "revenue": 72535
        },
        "2010-12": {
            "month": "2010-12",
            "price": "26.03",
            "revenue": 362
        },
        "2011-01": {
            "month": "2011-01",
            "price": "25.68",
            "revenue": 295912
        },
        "2011-02": {
            "month": "2011-02",
            "price": "24.52",
            "revenue": 141849
        },
        "2011-03": {
            "month": "2011-03",
            "price": "21.50",
            "revenue": 643330
        },
        "2011-04": {
            "month": "2011-04",
            "price": "22.03",
            "revenue": 332306
        },
        "2011-05": {
            "month": "2011-05",
            "price": "24.25",
            "revenue": 175865
        },
        "2011-06": {
            "month": "2011-06",
            "price": "24.31",
            "revenue": 112151
        },
        "2011-07": {
            "month": "2011-07",
            "price": "23.67",
            "revenue": 147566
        },
        "2011-08": {
            "month": "2011-08",
            "price": "20.33",
            "revenue": 34023
        },
        "2011-09": {
            "month": "2011-09",
            "price": "19.31",
            "revenue": 93095
        },
        "2011-10": {
            "month": "2011-10",
            "price": "19.09",
            "revenue": 122755
        },
        "2011-11": {
            "month": "2011-11",
            "price": "18.98",
            "revenue": 106583
        },
        "2011-12": {
            "month": "2011-12",
            "price": "17.75",
            "revenue": 121493
        },
        "2012-01": {
            "month": "2012-01",
            "price": "17.51",
            "revenue": 78710
        },
        "2012-02": {
            "month": "2012-02",
            "price": "18.84",
            "revenue": 78906
        },
        "2012-03": {
            "month": "2012-03",
            "price": "19.28",
            "revenue": 214075
        },
        "2012-04": {
            "month": "2012-04",
            "price": "18.49",
            "revenue": 150123
        },
        "2012-05": {
            "month": "2012-05",
            "price": "17.87",
            "revenue": 347142
        },
        "2012-06": {
            "month": "2012-06",
            "price": "17.57",
            "revenue": 388763
        },
        "2012-07": {
            "month": "2012-07",
            "price": "17.49",
            "revenue": 227465
        },
        "2012-08": {
            "month": "2012-08",
            "price": "17.62",
            "revenue": 123704
        },
        "2012-09": {
            "month": "2012-09",
            "price": "18.34",
            "revenue": 1282061
        },
        "2012-10": {
            "month": "2012-10",
            "price": "18.08",
            "revenue": 172927
        },
        "2012-11": {
            "month": "2012-11",
            "price": "18.16",
            "revenue": 391236
        },
        "2012-12": {
            "month": "2012-12",
            "price": "18.87",
            "revenue": 203820
        },
        "2013-01": {
            "month": "2013-01",
            "price": "20.59",
            "revenue": 114246
        },
        "2013-02": {
            "month": "2013-02",
            "price": "21.00",
            "revenue": 126987
        },
        "2013-03": {
            "month": "2013-03",
            "price": "21.26",
            "revenue": 244591
        },
        "2013-04": {
            "month": "2013-04",
            "price": "21.00",
            "revenue": 96719
        },
        "2013-05": {
            "month": "2013-05",
            "price": "21.00",
            "revenue": 187731
        },
        "2013-06": {
            "month": "2013-06",
            "price": "21.03",
            "revenue": 242466
        },
        "2013-07": {
            "month": "2013-07",
            "price": "20.25",
            "revenue": 1245352
        },
        "2013-08": {
            "month": "2013-08",
            "price": "19.90",
            "revenue": 143180
        },
        "2013-09": {
            "month": "2013-09",
            "price": "19.45",
            "revenue": 199952
        },
        "2013-10": {
            "month": "2013-10",
            "price": "19.23",
            "revenue": 277760
        },
        "2013-11": {
            "month": "2013-11",
            "price": "19.18",
            "revenue": 184733
        },
        "2013-12": {
            "month": "2013-12",
            "price": "19.18",
            "revenue": 156827
        },
        "2014-01": {
            "month": "2014-01",
            "price": "19.00",
            "revenue": 286761
        },
        "2014-02": {
            "month": "2014-02",
            "price": "19.16",
            "revenue": 202106
        },
        "2014-03": {
            "month": "2014-03",
            "price": "19.15",
            "revenue": 204417
        },
        "2014-04": {
            "month": "2014-04",
            "price": "19.02",
            "revenue": 278228
        },
        "2014-05": {
            "month": "2014-05",
            "price": "18.91",
            "revenue": 34543
        },
        "2014-06": {
            "month": "2014-06",
            "price": "19.02",
            "revenue": 1064313
        },
        "2014-07": {
            "month": "2014-07",
            "price": "18.70",
            "revenue": 500318
        },
        "2014-08": {
            "month": "2014-08",
            "price": "19.19",
            "revenue": 321014
        },
        "2014-09": {
            "month": "2014-09",
            "price": "20.56",
            "revenue": 199820
        },
        "2014-10": {
            "month": "2014-10",
            "price": "20.30",
            "revenue": 132514
        },
        "2014-11": {
            "month": "2014-11",
            "price": "20.43",
            "revenue": 215607
        },
        "2014-12": {
            "month": "2014-12",
            "price": "20.32",
            "revenue": 198769
        },
        "2015-01": {
            "month": "2015-01",
            "price": "20.22",
            "revenue": 909961
        },
        "2015-02": {
            "month": "2015-02",
            "price": "20.34",
            "revenue": 115918
        },
        "2015-03": {
            "month": "2015-03",
            "price": "20.56",
            "revenue": 352361
        },
        "2015-04": {
            "month": "2015-04",
            "price": "20.56",
            "revenue": 122420
        },
        "2015-05": {
            "month": "2015-05",
            "price": "20.72",
            "revenue": 83925
        },
        "2015-06": {
            "month": "2015-06",
            "price": "19.90",
            "revenue": 240031
        },
        "2015-07": {
            "month": "2015-07",
            "price": "19.06",
            "revenue": 199324
        },
        "2015-08": {
            "month": "2015-08",
            "price": "17.33",
            "revenue": 37191
        },
        "2015-09": {
            "month": "2015-09",
            "price": "16.96",
            "revenue": 223972
        },
        "2015-10": {
            "month": "2015-10",
            "price": "17.10",
            "revenue": 138640
        },
        "2015-11": {
            "month": "2015-11",
            "price": "17.01",
            "revenue": 47277
        },
        "2015-12": {
            "month": "2015-12",
            "price": "16.88",
            "revenue": 146534
        },
        "2016-01": {
            "month": "2016-01",
            "price": "16.80",
            "revenue": 190044
        },
        "2016-02": {
            "month": "2016-02",
            "price": "16.97",
            "revenue": 280212
        },
        "2016-03": {
            "month": "2016-03",
            "price": "17.35",
            "revenue": 139992
        },
        "2016-04": {
            "month": "2016-04",
            "price": "17.24",
            "revenue": 107103
        },
        "2016-05": {
            "month": "2016-05",
            "price": "17.00",
            "revenue": 157949
        },
        "2016-06": {
            "month": "2016-06",
            "price": "17.14",
            "revenue": 152388
        },
        "2016-07": {
            "month": "2016-07",
            "price": "16.51",
            "revenue": 94800
        },
        "2016-08": {
            "month": "2016-08",
            "price": "15.98",
            "revenue": 40182
        },
        "2016-09": {
            "month": "2016-09",
            "price": "15.64",
            "revenue": 294406
        },
        "2016-10": {
            "month": "2016-10",
            "price": "15.69",
            "revenue": 221436
        },
        "2016-11": {
            "month": "2016-11",
            "price": "15.70",
            "revenue": 142372
        },
        "2016-12": {
            "month": "2016-12",
            "price": "15.73",
            "revenue": 202126
        },
        "2017-01": {
            "month": "2017-01",
            "price": "15.68",
            "revenue": 111237
        },
        "2017-02": {
            "month": "2017-02",
            "price": "15.79",
            "revenue": 132165
        },
        "2017-03": {
            "month": "2017-03",
            "price": "15.80",
            "revenue": 186341
        },
        "2017-04": {
            "month": "2017-04",
            "price": "15.76",
            "revenue": 139796
        },
        "2017-05": {
            "month": "2017-05",
            "price": "15.36",
            "revenue": 159018
        },
        "2017-06": {
            "month": "2017-06",
            "price": "15.40",
            "revenue": 320649
        },
        "2017-07": {
            "month": "2017-07",
            "price": "15.51",
            "revenue": 67272
        },
        "2017-08": {
            "month": "2017-08",
            "price": "15.46",
            "revenue": 759326
        },
        "2017-09": {
            "month": "2017-09",
            "price": "15.51",
            "revenue": 374258
        },
        "2017-10": {
            "month": "2017-10",
            "price": "15.47",
            "revenue": 174090
        },
        "2017-11": {
            "month": "2017-11",
            "price": "15.53",
            "revenue": 1631730
        },
        "2017-12": {
            "month": "2017-12",
            "price": "15.74",
            "revenue": 180456
        },
        "2018-01": {
            "month": "2018-01",
            "price": "16.11",
            "revenue": 223374
        },
        "2018-02": {
            "month": "2018-02",
            "price": "15.89",
            "revenue": 118559
        },
        "2018-03": {
            "month": "2018-03",
            "price": "15.92",
            "revenue": 337315
        },
        "2018-04": {
            "month": "2018-04",
            "price": "16.35",
            "revenue": 83382
        },
        "2018-05": {
            "month": "2018-05",
            "price": "16.50",
            "revenue": 266416
        },
        "2018-06": {
            "month": "2018-06",
            "price": "16.57",
            "revenue": 279305
        },
        "2018-07": {
            "month": "2018-07",
            "price": "16.48",
            "revenue": 120536
        },
        "2018-08": {
            "month": "2018-08",
            "price": "16.47",
            "revenue": 98717
        },
        "2018-09": {
            "month": "2018-09",
            "price": "16.10",
            "revenue": 300214
        },
        "2018-10": {
            "month": "2018-10",
            "price": "15.72",
            "revenue": 91030
        },
        "2018-11": {
            "month": "2018-11",
            "price": "16.16",
            "revenue": 101316
        },
        "2018-12": {
            "month": "2018-12",
            "price": "15.93",
            "revenue": 227827
        },
        "2019-01": {
            "month": "2019-01",
            "price": "15.98",
            "revenue": 163727
        },
        "2019-02": {
            "month": "2019-02",
            "price": "16.38",
            "revenue": 150171
        },
        "2019-03": {
            "month": "2019-03",
            "price": "16.36",
            "revenue": 153368
        },
        "2019-04": {
            "month": "2019-04",
            "price": "16.23",
            "revenue": 126440
        },
        "2019-05": {
            "month": "2019-05",
            "price": "16.09",
            "revenue": 158618
        },
        "2019-06": {
            "month": "2019-06",
            "price": "16.06",
            "revenue": 220947
        },
        "2019-07": {
            "month": "2019-07",
            "price": "15.73",
            "revenue": 93076
        },
        "2019-08": {
            "month": "2019-08",
            "price": "15.73",
            "revenue": 85629
        },
        "2019-09": {
            "month": "2019-09",
            "price": "15.83",
            "revenue": 202604
        },
        "2019-10": {
            "month": "2019-10",
            "price": "15.93",
            "revenue": 58575
        },
        "2019-11": {
            "month": "2019-11",
            "price": "16.00",
            "revenue": 71149
        },
        "2019-12": {
            "month": "2019-12",
            "price": "15.89",
            "revenue": 152221
        },
        "2020-01": {
            "month": "2020-01",
            "price": "15.98",
            "revenue": 106947
        },
        "2020-02": {
            "month": "2020-02",
            "price": "15.71",
            "revenue": 50973
        },
        "2020-03": {
            "month": "2020-03",
            "price": "14.70",
            "revenue": 85583
        },
        "2020-04": {
            "month": "2020-04",
            "price": "15.27",
            "revenue": 62128
        },
        "2020-05": {
            "month": "2020-05",
            "price": "15.43",
            "revenue": 1251228
        },
        "2020-06": {
            "month": "2020-06",
            "price": "16.36",
            "revenue": 103482
        },
        "2020-07": {
            "month": "2020-07",
            "price": "16.07",
            "revenue": 266068
        },
        "2020-08": {
            "month": "2020-08",
            "price": "16.09",
            "revenue": 55782
        },
        "2020-09": {
            "month": "2020-09",
            "price": "16.03",
            "revenue": 290881
        },
        "2020-10": {
            "month": "2020-10",
            "price": "16.03",
            "revenue": 247299
        },
        "2020-11": {
            "month": "2020-11",
            "price": "16.04",
            "revenue": 147507
        },
        "2020-12": {
            "month": "2020-12",
            "price": "16.11",
            "revenue": 1169010
        },
        "2021-01": {
            "month": "2021-01",
            "price": "16.15",
            "revenue": 263013
        },
        "2021-02": {
            "month": "2021-02",
            "price": "16.23",
            "revenue": 365040
        },
        "2021-03": {
            "month": "2021-03",
            "price": "16.44",
            "revenue": 73714
        },
        "2021-04": {
            "month": "2021-04",
            "price": "16.74",
            "revenue": 373020
        },
        "2021-05": {
            "month": "2021-05",
            "price": "16.35",
            "revenue": 186049
        },
        "2021-06": {
            "month": "2021-06",
            "price": "15.75",
            "revenue": 363343
        },
        "2021-07": {
            "month": "2021-07",
            "price": "16.78",
            "revenue": 42785
        },
        "2021-08": {
            "month": "2021-08",
            "price": "16.85",
            "revenue": 738145
        },
        "2021-09": {
            "month": "2021-09",
            "price": "17.60",
            "revenue": 229305
        },
        "2021-10": {
            "month": "2021-10",
            "price": "18.80",
            "revenue": 843688
        },
        "2021-11": {
            "month": "2021-11",
            "price": "18.94",
            "revenue": 121913
        },
        "2021-12": {
            "month": "2021-12",
            "price": "19.07",
            "revenue": 172368
        },
        "2022-01": {
            "month": "2022-01",
            "price": "19.08",
            "revenue": 323216
        },
        "2022-02": {
            "month": "2022-02",
            "price": "19.37",
            "revenue": 36355
        },
        "2022-03": {
            "month": "2022-03",
            "price": "19.23",
            "revenue": 1654069
        },
        "2022-04": {
            "month": "2022-04",
            "price": "19.36",
            "revenue": 1712386
        },
        "2022-05": {
            "month": "2022-05",
            "price": "19.16",
            "revenue": 113465
        },
        "2022-06": {
            "month": "2022-06",
            "price": "18.82",
            "revenue": 40992
        },
        "2022-07": {
            "month": "2022-07",
            "price": "17.40",
            "revenue": 666090
        },
        "2022-08": {
            "month": "2022-08",
            "price": "18.57",
            "revenue": 37837
        },
        "2022-09": {
            "month": "2022-09",
            "price": "18.29",
            "revenue": 30834
        },
        "2022-10": {
            "month": "2022-10",
            "price": "16.84",
            "revenue": 106180
        },
        "2022-11": {
            "month": "2022-11",
            "price": "17.60",
            "revenue": 57668
        },
        "2022-12": {
            "month": "2022-12",
            "price": "17.56",
            "revenue": 36246
        },
        "2023-01": {
            "month": "2023-01",
            "price": "17.28",
            "revenue": 280900
        },
        "2023-02": {
            "month": "2023-02",
            "price": "17.35",
            "revenue": 722967
        },
        "2023-03": {
            "month": "2023-03",
            "price": "17.83",
            "revenue": 411362
        },
        "2023-04": {
            "month": "2023-04",
            "price": "18.45",
            "revenue": 411849
        },
        "2023-05": {
            "month": "2023-05",
            "price": "19.21",
            "revenue": 449670
        },
        "2023-06": {
            "month": "2023-06",
            "price": "19.51",
            "revenue": 201724
        },
        "2023-07": {
            "month": "2023-07",
            "price": "18.16",
            "revenue": 207168
        },
        "2023-08": {
            "month": "2023-08",
            "price": "18.41",
            "revenue": 459194
        },
        "2023-09": {
            "month": "2023-09",
            "price": "19.26",
            "revenue": 213418
        }
    }
}
