{
    "summary": {
        "stock_name": "長虹",
        "stock_id": "5534",
        "category": "建材營造",
        "main_business": "投資興建國民住宅、工業廠房、廠辦及商業大樓出租出售",
        "website_url": "http://www.chonghong.com.tw",
        "ceo": "李耀中",
        "pe_ratio": 13,
        "report_year_from": 2001,
        "report_year_to": 2023,
        "age": 22,
        "eps_negative_percentage": 0,
        "eps_growth_avg": {
            "last_all": 15.16,
            "last_2y": 10.48,
            "last_4y": 8.89,
            "last_8y": 2.46,
            "last_12y": 15.34,
            "last_16y": 12.04,
            "last_20y": 15.16,
            "at_2006_last_3y": 45.54,
            "at_2007_last_3y": 45.22,
            "at_2008_last_3y": 20.37,
            "at_2009_last_3y": 1.33,
            "at_2010_last_3y": 14.95,
            "at_2011_last_3y": 12.53,
            "at_2012_last_3y": 37.38,
            "at_2013_last_3y": 44.33,
            "at_2014_last_3y": 3.78,
            "at_2015_last_3y": -8.69,
            "at_2016_last_3y": -8.69,
            "at_2017_last_3y": -5.58,
            "at_2018_last_3y": 19.79,
            "at_2019_last_3y": 30.37,
            "at_2020_last_3y": 1,
            "at_2021_last_3y": -13.89,
            "at_2022_last_3y": 1.9,
            "at_2023_last_3y": 1.9,
            "at_2006_last_all": 31.31,
            "at_2007_last_all": 25,
            "at_2008_last_all": 21.51,
            "at_2009_last_all": 14.85,
            "at_2010_last_all": 24.04,
            "at_2011_last_all": 20.01,
            "at_2012_last_all": 27.28,
            "at_2013_last_all": 24.68,
            "at_2014_last_all": 17.81,
            "at_2015_last_all": 11.81,
            "at_2016_last_all": 17.69,
            "at_2017_last_all": 17.11,
            "at_2018_last_all": 18.27,
            "at_2019_last_all": 15.93,
            "at_2020_last_all": 14.17,
            "at_2021_last_all": 10.91,
            "at_2022_last_all": 15.16,
            "at_2023_last_all": 15.16
        },
        "latest_eps": 6.01,
        "latest_price": 79.4,
        "latest_roe": 8.81,
        "latest_gross_margin": 36.54,
        "latest_equity": 20034813,
        "latest_revenue": 646312,
        "latest_gross_profit": 236171,
        "latest_net_income": 144288,
        "latest_debt_ratio": 57.16,
        "latest_current_ratio": 173.84,
        "latest_account_receivable_turnover_ratio": 3.4,
        "latest_inventory_turnover_ratio": 0.01,
        "latest_reinvestment_rate": -2.05,
        "latest_research_to_sale_ratio": null
    },
    "eps_dividends": {
        "2000": {
            "cash": 0,
            "stock": 1,
            "eps": 0
        },
        "2001": {
            "cash": 0.5,
            "stock": 1,
            "eps": 2.54
        },
        "2002": {
            "cash": 0.5,
            "stock": 1,
            "eps": 1.89
        },
        "2003": {
            "cash": 1,
            "stock": 0.5,
            "eps": 1.79
        },
        "2004": {
            "cash": 0.7,
            "stock": 0.8,
            "eps": 4.28
        },
        "2005": {
            "cash": 1.5,
            "stock": 1.5,
            "eps": 6.18
        },
        "2006": {
            "cash": 2.07,
            "stock": 1.89,
            "eps": 8.84
        },
        "2007": {
            "cash": 4,
            "stock": 1,
            "eps": 8.26
        },
        "2008": {
            "cash": 4.8,
            "stock": 0.2,
            "eps": 8.31
        },
        "2009": {
            "cash": 3.7,
            "stock": 0.5,
            "eps": 5.67
        },
        "2010": {
            "cash": 4,
            "stock": 0.2,
            "eps": 11.2
        },
        "2011": {
            "cash": 11.7,
            "stock": 0.2,
            "eps": 9.38
        },
        "2012": {
            "cash": 0,
            "stock": 0,
            "eps": 21.24
        },
        "2013": {
            "cash": 10,
            "stock": 0,
            "eps": 20.4
        },
        "2014": {
            "cash": 6.5,
            "stock": 0.5,
            "eps": 7.21
        },
        "2015": {
            "cash": 4,
            "stock": 0.5,
            "eps": 2.44
        },
        "2016": {
            "cash": 3,
            "stock": 0,
            "eps": 9.66
        },
        "2017": {
            "cash": 6,
            "stock": 0,
            "eps": 10.48
        },
        "2018": {
            "cash": 6.2,
            "stock": 0,
            "eps": 14.34
        },
        "2019": {
            "cash": 7,
            "stock": 0,
            "eps": 10.92
        },
        "2020": {
            "cash": 6.3,
            "stock": 0,
            "eps": 9.01
        },
        "2021": {
            "cash": 5,
            "stock": 0,
            "eps": 4.41
        },
        "2022": {
            "cash": 4.41,
            "stock": 0,
            "eps": 9.83
        },
        "2023": {
            "cash": 5.5,
            "stock": 0,
            "eps": 0.5
        }
    },
    "dividends": {
        "2000-06-23": {
            "cash": 0,
            "stock": 1
        },
        "2001-04-25": {
            "cash": 0.5,
            "stock": 1
        },
        "2002-06-26": {
            "cash": 0.5,
            "stock": 1
        },
        "2003-04-07": {
            "cash": 1,
            "stock": 0.5
        },
        "2004-03-24": {
            "cash": 0.7,
            "stock": 0.8
        },
        "2005-02-15": {
            "cash": 1.5,
            "stock": 1.5
        },
        "2006-03-27": {
            "cash": 2.07,
            "stock": 1.89
        },
        "2007-03-27": {
            "cash": 4,
            "stock": 1
        },
        "2008-03-17": {
            "cash": 4.8,
            "stock": 0.2
        },
        "2009-03-16": {
            "cash": 3.7,
            "stock": 0.5
        },
        "2010-03-30": {
            "cash": 4,
            "stock": 0.2
        },
        "2011-01-01": {
            "cash": 5.5,
            "stock": 0.1
        },
        "2011-03-28": {
            "cash": 6.2,
            "stock": 0.1
        },
        "2013-04-08": {
            "cash": 10,
            "stock": 0
        },
        "2014-10-16": {
            "cash": 6.5,
            "stock": 0.5
        },
        "2015-10-15": {
            "cash": 4,
            "stock": 0.5
        },
        "2016-09-30": {
            "cash": 3,
            "stock": 0
        },
        "2017-09-27": {
            "cash": 6,
            "stock": 0
        },
        "2018-09-21": {
            "cash": 6.2,
            "stock": 0
        },
        "2019-09-30": {
            "cash": 7,
            "stock": 0
        },
        "2020-09-29": {
            "cash": 6.3,
            "stock": 0
        },
        "2021-11-09": {
            "cash": 5,
            "stock": 0
        },
        "2022-09-30": {
            "cash": 4.41,
            "stock": 0
        },
        "2023-05-11": {
            "cash": 5.5,
            "stock": 0
        }
    },
    "prices": {
        "200101": "無",
        "200102": "無",
        "200103": "無",
        "200104": "無",
        "200105": "無",
        "200106": "無",
        "200107": "無",
        "200108": "無",
        "200109": "無",
        "200110": "無",
        "200111": "無",
        "200112": "無",
        "200201": "無",
        "200202": "無",
        "200203": "12.52",
        "200204": "12.70",
        "200205": "12.49",
        "200206": "12.64",
        "200207": "12.08",
        "200208": "10.78",
        "200209": "12.31",
        "200210": "10.71",
        "200211": "10.78",
        "200212": "11.01",
        "200301": "11.14",
        "200302": "10.46",
        "200303": "10.33",
        "200304": "10.44",
        "200305": "10.59",
        "200306": "10.95",
        "200307": "11.59",
        "200308": "11.37",
        "200309": "11.58",
        "200310": "15.22",
        "200311": "19.54",
        "200312": "17.71",
        "200401": "26.75",
        "200402": "33.36",
        "200403": "34.57",
        "200404": "31.16",
        "200405": "32.83",
        "200406": "31.05",
        "200407": "30.43",
        "200408": "30.76",
        "200409": "37.63",
        "200410": "38.07",
        "200411": "36.16",
        "200412": "41.61",
        "200501": "43.13",
        "200502": "42.37",
        "200503": "41.89",
        "200504": "36.82",
        "200505": "37.88",
        "200506": "39.32",
        "200507": "37.95",
        "200508": "36.45",
        "200509": "33.05",
        "200510": "31.96",
        "200511": "30.43",
        "200512": "32.38",
        "200601": "35.21",
        "200602": "35.69",
        "200603": "35.65",
        "200604": "47.51",
        "200605": "73.91",
        "200606": "82.86",
        "200607": "95.01",
        "200608": "89.71",
        "200609": "85.69",
        "200610": "92.14",
        "200611": "91.34",
        "200612": "89.71",
        "200701": "75.60",
        "200702": "71.57",
        "200703": "67.76",
        "200704": "63.92",
        "200705": "67.07",
        "200706": "70.16",
        "200707": "79.47",
        "200708": "65.01",
        "200709": "64.65",
        "200710": "60.77",
        "200711": "61.54",
        "200712": "52.67",
        "200801": "70.62",
        "200802": "85.35",
        "200803": "85.80",
        "200804": "95.69",
        "200805": "92.74",
        "200806": "82.73",
        "200807": "67.90",
        "200808": "52.71",
        "200809": "36.33",
        "200810": "22.39",
        "200811": "22.01",
        "200812": "24.13",
        "200901": "27.13",
        "200902": "24.67",
        "200903": "31.15",
        "200904": "42.26",
        "200905": "64.26",
        "200906": "72.57",
        "200907": "74.43",
        "200908": "57.70",
        "200909": "63.74",
        "200910": "69.08",
        "200911": "62.99",
        "200912": "64.80",
        "201001": "67.58",
        "201002": "57.39",
        "201003": "58.11",
        "201004": "64.30",
        "201005": "59.91",
        "201006": "59.56",
        "201007": "61.15",
        "201008": "69.55",
        "201009": "74.68",
        "201010": "75.09",
        "201011": "82.02",
        "201012": "82.28",
        "201101": "81.23",
        "201102": "77.42",
        "201103": "65.95",
        "201104": "69.42",
        "201105": "72.37",
        "201106": "74.71",
        "201107": "88.48",
        "201108": "78.29",
        "201109": "67.46",
        "201110": "66.16",
        "201111": "65.16",
        "201112": "50.78",
        "201201": "53.62",
        "201202": "63.00",
        "201203": "67.04",
        "201204": "63.46",
        "201205": "59.74",
        "201206": "59.36",
        "201207": "65.75",
        "201208": "69.97",
        "201209": "76.85",
        "201210": "71.67",
        "201211": "74.15",
        "201212": "80.57",
        "201301": "93.29",
        "201302": "100.93",
        "201303": "96.13",
        "201304": "100.90",
        "201305": "109.34",
        "201306": "108.87",
        "201307": "116.67",
        "201308": "110.81",
        "201309": "101.32",
        "201310": "99.00",
        "201311": "95.74",
        "201312": "92.48",
        "201401": "83.21",
        "201402": "84.19",
        "201403": "85.53",
        "201404": "90.14",
        "201405": "84.37",
        "201406": "81.16",
        "201407": "79.05",
        "201408": "79.97",
        "201409": "77.82",
        "201410": "65.39",
        "201411": "64.30",
        "201412": "68.60",
        "201501": "66.24",
        "201502": "63.47",
        "201503": "63.59",
        "201504": "66.63",
        "201505": "67.30",
        "201506": "69.47",
        "201507": "62.00",
        "201508": "51.77",
        "201509": "45.72",
        "201510": "45.22",
        "201511": "44.10",
        "201512": "44.81",
        "201601": "42.65",
        "201602": "42.90",
        "201603": "46.29",
        "201604": "51.62",
        "201605": "50.89",
        "201606": "57.91",
        "201607": "60.37",
        "201608": "57.30",
        "201609": "52.97",
        "201610": "51.66",
        "201611": "55.32",
        "201612": "63.42",
        "201701": "63.92",
        "201702": "72.17",
        "201703": "71.01",
        "201704": "70.98",
        "201705": "69.62",
        "201706": "68.84",
        "201707": "70.56",
        "201708": "70.33",
        "201709": "68.70",
        "201710": "71.76",
        "201711": "77.06",
        "201712": "74.39",
        "201801": "86.73",
        "201802": "83.05",
        "201803": "83.57",
        "201804": "85.87",
        "201805": "88.50",
        "201806": "94.97",
        "201807": "92.13",
        "201808": "87.78",
        "201809": "77.53",
        "201810": "73.13",
        "201811": "75.61",
        "201812": "77.57",
        "201901": "80.81",
        "201902": "85.65",
        "201903": "87.81",
        "201904": "87.26",
        "201905": "86.94",
        "201906": "89.27",
        "201907": "89.01",
        "201908": "86.55",
        "201909": "80.22",
        "201910": "80.66",
        "201911": "82.17",
        "201912": "81.56",
        "202001": "82.98",
        "202002": "82.42",
        "202003": "73.71",
        "202004": "76.96",
        "202005": "82.48",
        "202006": "87.66",
        "202007": "89.07",
        "202008": "89.56",
        "202009": "81.18",
        "202010": "80.04",
        "202011": "81.10",
        "202012": "80.92",
        "202101": "80.08",
        "202102": "80.51",
        "202103": "83.38",
        "202104": "82.68",
        "202105": "79.31",
        "202106": "78.61",
        "202107": "79.52",
        "202108": "79.53",
        "202109": "79.45",
        "202110": "74.73",
        "202111": "74.14",
        "202112": "72.39",
        "202201": "72.77",
        "202202": "75.61",
        "202203": "74.38",
        "202204": "73.05",
        "202205": "73.24",
        "202206": "74.09",
        "202207": "72.08",
        "202208": "75.88",
        "202209": "74.07",
        "202210": "71.68",
        "202211": "71.30",
        "202212": "72.12",
        "202301": "73.56",
        "202302": "74.75",
        "202303": "76.98",
        "202304": "79.56",
        "202305": "79.71"
    },
    "quarters": {
        "20011": {
            "year_quarter": 20011,
            "year": 2001,
            "quarter": 1,
            "eps": 1.37,
            "eps_growth_year": null,
            "eps_4q": null,
            "eps_4q_growth_year": null,
            "roe": 8.72,
            "roe_4q": 8.72,
            "gross_profit": 112785,
            "gross_margin": 29.51,
            "gross_margin_4q_avg": 29.51,
            "net_income": 99746,
            "revenue": 382227,
            "common_shares": 726000,
            "book_valuer_per_share": 16.2,
            "book_valuer_per_share_4q_avg": 16.2,
            "equity": 1176310,
            "current_ratio": 137.57,
            "debt_ratio": 61.21,
            "inventory_turnover_ratio": 0.12,
            "account_receivable_turnover_ratio": null,
            "reinvestment_rate": null,
            "research_to_sale_ratio": null,
            "price_fair": 0,
            "eps_avg_yearly": 0,
            "eps_latest_yearly": 0,
            "eps_growth_yearly": 0
        },
        "20012": {
            "year_quarter": 20012,
            "year": 2001,
            "quarter": 2,
            "eps": 1.24,
            "eps_growth_year": null,
            "eps_4q": null,
            "eps_4q_growth_year": null,
            "roe": 8.24,
            "roe_4q": 16.96,
            "gross_profit": 130364,
            "gross_margin": 33.48,
            "gross_margin_4q_avg": 31.5,
            "net_income": 99414,
            "revenue": 389343,
            "common_shares": 798600,
            "book_valuer_per_share": 15.49,
            "book_valuer_per_share_4q_avg": 15.85,
            "equity": 1237202,
            "current_ratio": 142.48,
            "debt_ratio": 57.92,
            "inventory_turnover_ratio": 0.12,
            "account_receivable_turnover_ratio": null,
            "reinvestment_rate": null,
            "research_to_sale_ratio": null,
            "price_fair": 0,
            "eps_avg_yearly": 0,
            "eps_latest_yearly": 0,
            "eps_growth_yearly": 0
        },
        "20013": {
            "year_quarter": 20013,
            "year": 2001,
            "quarter": 3,
            "eps": 0.14,
            "eps_growth_year": null,
            "eps_4q": null,
            "eps_4q_growth_year": null,
            "roe": 0.93,
            "roe_4q": 17.89,
            "gross_profit": 35708,
            "gross_margin": 8.49,
            "gross_margin_4q_avg": 23.83,
            "net_income": 11560,
            "revenue": 420611,
            "common_shares": 798600,
            "book_valuer_per_share": 15.64,
            "book_valuer_per_share_4q_avg": 15.78,
            "equity": 1248761,
            "current_ratio": 147.16,
            "debt_ratio": 54.29,
            "inventory_turnover_ratio": 0.2,
            "account_receivable_turnover_ratio": null,
            "reinvestment_rate": null,
            "research_to_sale_ratio": null,
            "price_fair": 0,
            "eps_avg_yearly": 0,
            "eps_latest_yearly": 0,
            "eps_growth_yearly": 0
        },
        "20014": {
            "year_quarter": 20014,
            "year": 2001,
            "quarter": 4,
            "eps": -0.21,
            "eps_growth_year": null,
            "eps_4q": 2.44,
            "eps_4q_growth_year": null,
            "roe": -1.37,
            "roe_4q": 16.52,
            "gross_profit": 8515,
            "gross_margin": 12,
            "gross_margin_4q_avg": 20.87,
            "net_income": -16947,
            "revenue": 70985,
            "common_shares": 798600,
            "book_valuer_per_share": 15.42,
            "book_valuer_per_share_4q_avg": 15.69,
            "equity": 1231963,
            "current_ratio": 151.63,
            "debt_ratio": 54.71,
            "inventory_turnover_ratio": 0.03,
            "account_receivable_turnover_ratio": null,
            "reinvestment_rate": null,
            "research_to_sale_ratio": null,
            "price_fair": 0,
            "eps_avg_yearly": 0,
            "eps_latest_yearly": 0,
            "eps_growth_yearly": 0
        },
        "20021": {
            "year_quarter": 20021,
            "year": 2002,
            "quarter": 1,
            "eps": 0.18,
            "eps_growth_year": -86.86,
            "eps_4q": 1.37,
            "eps_4q_growth_year": null,
            "roe": 1.14,
            "roe_4q": 8.94,
            "gross_profit": 34075,
            "gross_margin": 20.67,
            "gross_margin_4q_avg": 18.66,
            "net_income": 14169,
            "revenue": 164867,
            "common_shares": 798600,
            "book_valuer_per_share": 15.6,
            "book_valuer_per_share_4q_avg": 15.54,
            "equity": 1245984,
            "current_ratio": 149.41,
            "debt_ratio": 52.02,
            "inventory_turnover_ratio": 0.07,
            "account_receivable_turnover_ratio": null,
            "reinvestment_rate": null,
            "research_to_sale_ratio": null,
            "price_fair": 0,
            "eps_avg_yearly": 0,
            "eps_latest_yearly": 0,
            "eps_growth_yearly": 0
        },
        "20022": {
            "year_quarter": 20022,
            "year": 2002,
            "quarter": 2,
            "eps": 0.91,
            "eps_growth_year": -26.61,
            "eps_4q": 1.02,
            "eps_4q_growth_year": null,
            "roe": 5.75,
            "roe_4q": 6.449999999999999,
            "gross_profit": 105540,
            "gross_margin": 25.42,
            "gross_margin_4q_avg": 16.65,
            "net_income": 72534,
            "revenue": 415155,
            "common_shares": 798600,
            "book_valuer_per_share": 15.99,
            "book_valuer_per_share_4q_avg": 15.66,
            "equity": 1276764,
            "current_ratio": 143.18,
            "debt_ratio": 55.45,
            "inventory_turnover_ratio": 0.17,
            "account_receivable_turnover_ratio": null,
            "reinvestment_rate": null,
            "research_to_sale_ratio": null,
            "price_fair": 127.4,
            "eps_avg_yearly": 3.64,
            "eps_latest_yearly": 3.64,
            "eps_growth_yearly": 1622.22
        },
        "20023": {
            "year_quarter": 20023,
            "year": 2002,
            "quarter": 3,
            "eps": 0.32,
            "eps_growth_year": 128.57,
            "eps_4q": 1.11,
            "eps_4q_growth_year": null,
            "roe": 2.19,
            "roe_4q": 7.71,
            "gross_profit": 47010,
            "gross_margin": 25.28,
            "gross_margin_4q_avg": 20.84,
            "net_income": 28315,
            "revenue": 185965,
            "common_shares": 878460,
            "book_valuer_per_share": 14.86,
            "book_valuer_per_share_4q_avg": 15.47,
            "equity": 1305079,
            "current_ratio": 145.57,
            "debt_ratio": 53.79,
            "inventory_turnover_ratio": 0.07,
            "account_receivable_turnover_ratio": null,
            "reinvestment_rate": null,
            "research_to_sale_ratio": null,
            "price_fair": 86.1,
            "eps_avg_yearly": 2.46,
            "eps_latest_yearly": 1.28,
            "eps_growth_yearly": 681.44
        },
        "20024": {
            "year_quarter": 20024,
            "year": 2002,
            "quarter": 4,
            "eps": 0.48,
            "eps_growth_year": null,
            "eps_4q": 1.8,
            "eps_4q_growth_year": -26.28,
            "roe": 3.16,
            "roe_4q": 12.24,
            "gross_profit": 44682,
            "gross_margin": 17.84,
            "gross_margin_4q_avg": 22.3,
            "net_income": 41900,
            "revenue": 250462,
            "common_shares": 878460,
            "book_valuer_per_share": 15.33,
            "book_valuer_per_share_4q_avg": 15.45,
            "equity": 1347132,
            "current_ratio": 159.81,
            "debt_ratio": 50.33,
            "inventory_turnover_ratio": 0.11,
            "account_receivable_turnover_ratio": null,
            "reinvestment_rate": null,
            "research_to_sale_ratio": null,
            "price_fair": 79.8,
            "eps_avg_yearly": 2.28,
            "eps_latest_yearly": 1.92,
            "eps_growth_yearly": 520.96
        },
        "20031": {
            "year_quarter": 20031,
            "year": 2003,
            "quarter": 1,
            "eps": 0.17,
            "eps_growth_year": -5.56,
            "eps_4q": 1.79,
            "eps_4q_growth_year": 30.06,
            "roe": 1.11,
            "roe_4q": 12.21,
            "gross_profit": 24741,
            "gross_margin": 39.32,
            "gross_margin_4q_avg": 26.97,
            "net_income": 15001,
            "revenue": 62919,
            "common_shares": 878460,
            "book_valuer_per_share": 15.5,
            "book_valuer_per_share_4q_avg": 15.42,
            "equity": 1361980,
            "current_ratio": 120.46,
            "debt_ratio": 51.57,
            "inventory_turnover_ratio": 0.02,
            "account_receivable_turnover_ratio": null,
            "reinvestment_rate": null,
            "research_to_sale_ratio": null,
            "price_fair": 65.8,
            "eps_avg_yearly": 1.88,
            "eps_latest_yearly": 0.68,
            "eps_growth_yearly": 326.14
        },
        "20032": {
            "year_quarter": 20032,
            "year": 2003,
            "quarter": 2,
            "eps": -0.08,
            "eps_growth_year": -108.79,
            "eps_4q": 0.89,
            "eps_4q_growth_year": -13.02,
            "roe": -0.55,
            "roe_4q": 5.91,
            "gross_profit": 8808,
            "gross_margin": 7.82,
            "gross_margin_4q_avg": 22.57,
            "net_income": -7269,
            "revenue": 112665,
            "common_shares": 878460,
            "book_valuer_per_share": 14.4,
            "book_valuer_per_share_4q_avg": 15.02,
            "equity": 1264858,
            "current_ratio": 111.59,
            "debt_ratio": 57.48,
            "inventory_turnover_ratio": 0.07,
            "account_receivable_turnover_ratio": null,
            "reinvestment_rate": null,
            "research_to_sale_ratio": null,
            "price_fair": 65.8,
            "eps_avg_yearly": 1.88,
            "eps_latest_yearly": 0.68,
            "eps_growth_yearly": 326.14
        },
        "20033": {
            "year_quarter": 20033,
            "year": 2003,
            "quarter": 3,
            "eps": 0.96,
            "eps_growth_year": 200,
            "eps_4q": 1.5,
            "eps_4q_growth_year": 34.98,
            "roe": 6.79,
            "roe_4q": 10.510000000000002,
            "gross_profit": 150297,
            "gross_margin": 31.47,
            "gross_margin_4q_avg": 24.11,
            "net_income": 88886,
            "revenue": 477571,
            "common_shares": 922383,
            "book_valuer_per_share": 14.68,
            "book_valuer_per_share_4q_avg": 14.98,
            "equity": 1353744,
            "current_ratio": 114.71,
            "debt_ratio": 60.69,
            "inventory_turnover_ratio": 0.18,
            "account_receivable_turnover_ratio": null,
            "reinvestment_rate": null,
            "research_to_sale_ratio": null,
            "price_fair": 65.8,
            "eps_avg_yearly": 1.88,
            "eps_latest_yearly": 0.68,
            "eps_growth_yearly": 326.14
        },
        "20034": {
            "year_quarter": 20034,
            "year": 2003,
            "quarter": 4,
            "eps": 0.74,
            "eps_growth_year": 54.17,
            "eps_4q": 1.79,
            "eps_4q_growth_year": -0.4,
            "roe": 4.9,
            "roe_4q": 12.25,
            "gross_profit": 99614,
            "gross_margin": 23.16,
            "gross_margin_4q_avg": 25.44,
            "net_income": 68059,
            "revenue": 430079,
            "common_shares": 922383,
            "book_valuer_per_share": 15.41,
            "book_valuer_per_share_4q_avg": 15,
            "equity": 1421956,
            "current_ratio": 142.2,
            "debt_ratio": 60.71,
            "inventory_turnover_ratio": 0.14,
            "account_receivable_turnover_ratio": null,
            "reinvestment_rate": null,
            "research_to_sale_ratio": null,
            "price_fair": 73.36,
            "eps_avg_yearly": 2.1,
            "eps_latest_yearly": 2.96,
            "eps_growth_yearly": 242.58
        },
        "20041": {
            "year_quarter": 20041,
            "year": 2004,
            "quarter": 1,
            "eps": 0.51,
            "eps_growth_year": 200,
            "eps_4q": 2.12,
            "eps_4q_growth_year": 18.81,
            "roe": 3.27,
            "roe_4q": 14.41,
            "gross_profit": 71468,
            "gross_margin": 21.83,
            "gross_margin_4q_avg": 21.07,
            "net_income": 47296,
            "revenue": 327431,
            "common_shares": 922383,
            "book_valuer_per_share": 15.93,
            "book_valuer_per_share_4q_avg": 15.11,
            "equity": 1469099,
            "current_ratio": 129.95,
            "debt_ratio": 66.34,
            "inventory_turnover_ratio": 0.09,
            "account_receivable_turnover_ratio": null,
            "reinvestment_rate": null,
            "research_to_sale_ratio": null,
            "price_fair": 73.03,
            "eps_avg_yearly": 2.09,
            "eps_latest_yearly": 2.04,
            "eps_growth_yearly": 181.43
        },
        "20042": {
            "year_quarter": 20042,
            "year": 2004,
            "quarter": 2,
            "eps": 1.41,
            "eps_growth_year": null,
            "eps_4q": 3.62,
            "eps_4q_growth_year": 307.86,
            "roe": 8.69,
            "roe_4q": 23.65,
            "gross_profit": 153594,
            "gross_margin": 19.39,
            "gross_margin_4q_avg": 23.96,
            "net_income": 130369,
            "revenue": 792133,
            "common_shares": 922383,
            "book_valuer_per_share": 16.62,
            "book_valuer_per_share_4q_avg": 15.66,
            "equity": 1532963,
            "current_ratio": 128.69,
            "debt_ratio": 67.53,
            "inventory_turnover_ratio": 0.19,
            "account_receivable_turnover_ratio": null,
            "reinvestment_rate": null,
            "research_to_sale_ratio": null,
            "price_fair": 90.8,
            "eps_avg_yearly": 2.59,
            "eps_latest_yearly": 5.64,
            "eps_growth_yearly": 256.35
        },
        "20043": {
            "year_quarter": 20043,
            "year": 2004,
            "quarter": 3,
            "eps": 1.1,
            "eps_growth_year": 14.58,
            "eps_4q": 3.55,
            "eps_4q_growth_year": 137.5,
            "roe": 6.94,
            "roe_4q": 23.799999999999997,
            "gross_profit": 141204,
            "gross_margin": 37.38,
            "gross_margin_4q_avg": 25.44,
            "net_income": 110188,
            "revenue": 377744,
            "common_shares": 1000000,
            "book_valuer_per_share": 16.43,
            "book_valuer_per_share_4q_avg": 16.1,
            "equity": 1643150,
            "current_ratio": 127.86,
            "debt_ratio": 67.95,
            "inventory_turnover_ratio": 0.06,
            "account_receivable_turnover_ratio": null,
            "reinvestment_rate": null,
            "research_to_sale_ratio": null,
            "price_fair": 98.7,
            "eps_avg_yearly": 2.82,
            "eps_latest_yearly": 4.4,
            "eps_growth_yearly": 213.31
        },
        "20044": {
            "year_quarter": 20044,
            "year": 2004,
            "quarter": 4,
            "eps": 1.26,
            "eps_growth_year": 70.27,
            "eps_4q": 4.14,
            "eps_4q_growth_year": 131,
            "roe": 7.39,
            "roe_4q": 26.29,
            "gross_profit": 195428,
            "gross_margin": 38.2,
            "gross_margin_4q_avg": 29.2,
            "net_income": 126110,
            "revenue": 511555,
            "common_shares": 1000000,
            "book_valuer_per_share": 17.69,
            "book_valuer_per_share_4q_avg": 16.67,
            "equity": 1769178,
            "current_ratio": 133.53,
            "debt_ratio": 68.71,
            "inventory_turnover_ratio": 0.07,
            "account_receivable_turnover_ratio": null,
            "reinvestment_rate": 6.9,
            "research_to_sale_ratio": null,
            "price_fair": 107.33,
            "eps_avg_yearly": 3.07,
            "eps_latest_yearly": 5.04,
            "eps_growth_yearly": 196.08
        },
        "20051": {
            "year_quarter": 20051,
            "year": 2005,
            "quarter": 1,
            "eps": 2.26,
            "eps_growth_year": 343.14,
            "eps_4q": 5.93,
            "eps_4q_growth_year": 178.98,
            "roe": 12.01,
            "roe_4q": 35.03,
            "gross_profit": 270542,
            "gross_margin": 33.99,
            "gross_margin_4q_avg": 32.24,
            "net_income": 226068,
            "revenue": 795903,
            "common_shares": 1000000,
            "book_valuer_per_share": 19.95,
            "book_valuer_per_share_4q_avg": 17.67,
            "equity": 1995328,
            "current_ratio": 132.84,
            "debt_ratio": 66.94,
            "inventory_turnover_ratio": 0.11,
            "account_receivable_turnover_ratio": null,
            "reinvestment_rate": 6.18,
            "research_to_sale_ratio": null,
            "price_fair": 128.24,
            "eps_avg_yearly": 3.66,
            "eps_latest_yearly": 9.04,
            "eps_growth_yearly": 208.21
        },
        "20052": {
            "year_quarter": 20052,
            "year": 2005,
            "quarter": 2,
            "eps": 1.06,
            "eps_growth_year": -24.82,
            "eps_4q": 5.67,
            "eps_4q_growth_year": 56.68,
            "roe": 5.39,
            "roe_4q": 31.73,
            "gross_profit": 156277,
            "gross_margin": 35.95,
            "gross_margin_4q_avg": 36.38,
            "net_income": 106309,
            "revenue": 434764,
            "common_shares": 1000000,
            "book_valuer_per_share": 19.5,
            "book_valuer_per_share_4q_avg": 18.39,
            "equity": 1950015,
            "current_ratio": 128.8,
            "debt_ratio": 69.8,
            "inventory_turnover_ratio": 0.06,
            "account_receivable_turnover_ratio": null,
            "reinvestment_rate": 5.35,
            "research_to_sale_ratio": null,
            "price_fair": 130.07,
            "eps_avg_yearly": 3.72,
            "eps_latest_yearly": 4.24,
            "eps_growth_yearly": 169.98
        },
        "20053": {
            "year_quarter": 20053,
            "year": 2005,
            "quarter": 3,
            "eps": 1.34,
            "eps_growth_year": 21.82,
            "eps_4q": 5.3,
            "eps_4q_growth_year": 49.22,
            "roe": 7.65,
            "roe_4q": 32.44,
            "gross_profit": 184872,
            "gross_margin": 34.03,
            "gross_margin_4q_avg": 35.54,
            "net_income": 155076,
            "revenue": 543252,
            "common_shares": 1154500,
            "book_valuer_per_share": 18.23,
            "book_valuer_per_share_4q_avg": 18.84,
            "equity": 2105091,
            "current_ratio": 144.6,
            "debt_ratio": 71.26,
            "inventory_turnover_ratio": 0.07,
            "account_receivable_turnover_ratio": null,
            "reinvestment_rate": 1.34,
            "research_to_sale_ratio": null,
            "price_fair": 134.87,
            "eps_avg_yearly": 3.85,
            "eps_latest_yearly": 5.36,
            "eps_growth_yearly": 164.62
        },
        "20054": {
            "year_quarter": 20054,
            "year": 2005,
            "quarter": 4,
            "eps": 1.52,
            "eps_growth_year": 20.63,
            "eps_4q": 5.74,
            "eps_4q_growth_year": 38.71,
            "roe": 8.01,
            "roe_4q": 33.06,
            "gross_profit": 250187,
            "gross_margin": 40.67,
            "gross_margin_4q_avg": 36.16,
            "net_income": 175700,
            "revenue": 615229,
            "common_shares": 1154500,
            "book_valuer_per_share": 19.76,
            "book_valuer_per_share_4q_avg": 19.36,
            "equity": 2281032,
            "current_ratio": 141.55,
            "debt_ratio": 73.64,
            "inventory_turnover_ratio": 0.05,
            "account_receivable_turnover_ratio": null,
            "reinvestment_rate": 0.82,
            "research_to_sale_ratio": null,
            "price_fair": 140.86,
            "eps_avg_yearly": 4.02,
            "eps_latest_yearly": 6.08,
            "eps_growth_yearly": 156.09
        },
        "20061": {
            "year_quarter": 20061,
            "year": 2006,
            "quarter": 1,
            "eps": 2.34,
            "eps_growth_year": 3.54,
            "eps_4q": 6.09,
            "eps_4q_growth_year": 2.78,
            "roe": 11.21,
            "roe_4q": 32.26,
            "gross_profit": 327726,
            "gross_margin": 39.06,
            "gross_margin_4q_avg": 37.43,
            "net_income": 272736,
            "revenue": 839081,
            "common_shares": 1164629,
            "book_valuer_per_share": 22.19,
            "book_valuer_per_share_4q_avg": 19.92,
            "equity": 2584209,
            "current_ratio": 136.17,
            "debt_ratio": 74.13,
            "inventory_turnover_ratio": 0.06,
            "account_receivable_turnover_ratio": null,
            "reinvestment_rate": -1.31,
            "research_to_sale_ratio": null,
            "price_fair": 154.2,
            "eps_avg_yearly": 4.41,
            "eps_latest_yearly": 9.36,
            "eps_growth_yearly": 160.35
        },
        "20062": {
            "year_quarter": 20062,
            "year": 2006,
            "quarter": 2,
            "eps": 2.41,
            "eps_growth_year": 127.36,
            "eps_4q": 7.58,
            "eps_4q_growth_year": 33.6,
            "roe": 10.54,
            "roe_4q": 37.41,
            "gross_profit": 344698,
            "gross_margin": 40.28,
            "gross_margin_4q_avg": 38.51,
            "net_income": 281589,
            "revenue": 855726,
            "common_shares": 1213128,
            "book_valuer_per_share": 22.72,
            "book_valuer_per_share_4q_avg": 20.73,
            "equity": 2756819,
            "current_ratio": 130.54,
            "debt_ratio": 75.72,
            "inventory_turnover_ratio": 0.05,
            "account_receivable_turnover_ratio": null,
            "reinvestment_rate": -1.68,
            "research_to_sale_ratio": null,
            "price_fair": 169.2,
            "eps_avg_yearly": 4.83,
            "eps_latest_yearly": 9.64,
            "eps_growth_yearly": 45.33
        },
        "20063": {
            "year_quarter": 20063,
            "year": 2006,
            "quarter": 3,
            "eps": 1.89,
            "eps_growth_year": 41.04,
            "eps_4q": 7.02,
            "eps_4q_growth_year": 32.43,
            "roe": 9.24,
            "roe_4q": 39,
            "gross_profit": 325489,
            "gross_margin": 38.54,
            "gross_margin_4q_avg": 39.64,
            "net_income": 268909,
            "revenue": 844507,
            "common_shares": 1461358,
            "book_valuer_per_share": 20.95,
            "book_valuer_per_share_4q_avg": 21.41,
            "equity": 3061607,
            "current_ratio": 135.96,
            "debt_ratio": 72.59,
            "inventory_turnover_ratio": 0.05,
            "account_receivable_turnover_ratio": null,
            "reinvestment_rate": -2.57,
            "research_to_sale_ratio": null,
            "price_fair": 184.9,
            "eps_avg_yearly": 5.28,
            "eps_latest_yearly": 7.56,
            "eps_growth_yearly": 57.69
        },
        "20064": {
            "year_quarter": 20064,
            "year": 2006,
            "quarter": 4,
            "eps": 2.2,
            "eps_growth_year": 44.74,
            "eps_4q": 7.95,
            "eps_4q_growth_year": 38.63,
            "roe": 9.78,
            "roe_4q": 40.769999999999996,
            "gross_profit": 399677,
            "gross_margin": 41.36,
            "gross_margin_4q_avg": 39.81,
            "net_income": 314785,
            "revenue": 966444,
            "common_shares": 1461971,
            "book_valuer_per_share": 23.1,
            "book_valuer_per_share_4q_avg": 22.24,
            "equity": 3378071,
            "current_ratio": 137.07,
            "debt_ratio": 73.3,
            "inventory_turnover_ratio": 0.05,
            "account_receivable_turnover_ratio": null,
            "reinvestment_rate": -2.52,
            "research_to_sale_ratio": null,
            "price_fair": 202.1,
            "eps_avg_yearly": 5.77,
            "eps_latest_yearly": 8.8,
            "eps_growth_yearly": 48.09
        },
        "20071": {
            "year_quarter": 20071,
            "year": 2007,
            "quarter": 1,
            "eps": 1.55,
            "eps_growth_year": -33.76,
            "eps_4q": 7.48,
            "eps_4q_growth_year": 22.82,
            "roe": 6.48,
            "roe_4q": 36.04,
            "gross_profit": 279599,
            "gross_margin": 39.87,
            "gross_margin_4q_avg": 40.01,
            "net_income": 226183,
            "revenue": 701270,
            "common_shares": 1461971,
            "book_valuer_per_share": 24.65,
            "book_valuer_per_share_4q_avg": 22.86,
            "equity": 3604013,
            "current_ratio": 136.42,
            "debt_ratio": 72.61,
            "inventory_turnover_ratio": 0.04,
            "account_receivable_turnover_ratio": null,
            "reinvestment_rate": -18.78,
            "research_to_sale_ratio": null,
            "price_fair": 215.9,
            "eps_avg_yearly": 6.17,
            "eps_latest_yearly": 6.2,
            "eps_growth_yearly": 58.1
        },
        "20072": {
            "year_quarter": 20072,
            "year": 2007,
            "quarter": 2,
            "eps": 3.78,
            "eps_growth_year": 56.85,
            "eps_4q": 9.32,
            "eps_4q_growth_year": 23.02,
            "roe": 15.41,
            "roe_4q": 40.910000000000004,
            "gross_profit": 794236,
            "gross_margin": 36.14,
            "gross_margin_4q_avg": 38.98,
            "net_income": 552720,
            "revenue": 2197850,
            "common_shares": 1461971,
            "book_valuer_per_share": 24.42,
            "book_valuer_per_share_4q_avg": 23.28,
            "equity": 3569945,
            "current_ratio": 138.09,
            "debt_ratio": 72.92,
            "inventory_turnover_ratio": 0.13,
            "account_receivable_turnover_ratio": null,
            "reinvestment_rate": -15.54,
            "research_to_sale_ratio": null,
            "price_fair": 236.79,
            "eps_avg_yearly": 6.77,
            "eps_latest_yearly": 15.12,
            "eps_growth_yearly": 92.6
        },
        "20073": {
            "year_quarter": 20073,
            "year": 2007,
            "quarter": 3,
            "eps": 2.14,
            "eps_growth_year": 13.23,
            "eps_4q": 8.92,
            "eps_4q_growth_year": 27.1,
            "roe": 9.22,
            "roe_4q": 40.89,
            "gross_profit": 406158,
            "gross_margin": 31.96,
            "gross_margin_4q_avg": 37.33,
            "net_income": 345037,
            "revenue": 1270666,
            "common_shares": 1615668,
            "book_valuer_per_share": 24.23,
            "book_valuer_per_share_4q_avg": 24.1,
            "equity": 3914982,
            "current_ratio": 140.9,
            "debt_ratio": 71.57,
            "inventory_turnover_ratio": 0.08,
            "account_receivable_turnover_ratio": null,
            "reinvestment_rate": -14.43,
            "research_to_sale_ratio": null,
            "price_fair": 240.71,
            "eps_avg_yearly": 6.88,
            "eps_latest_yearly": 8.56,
            "eps_growth_yearly": 75.96
        },
        "20074": {
            "year_quarter": 20074,
            "year": 2007,
            "quarter": 4,
            "eps": 0.79,
            "eps_growth_year": -64.09,
            "eps_4q": 7.58,
            "eps_4q_growth_year": -4.66,
            "roe": 2.97,
            "roe_4q": 34.08,
            "gross_profit": 279124,
            "gross_margin": 42.65,
            "gross_margin_4q_avg": 37.66,
            "net_income": 130711,
            "revenue": 654407,
            "common_shares": 1815729,
            "book_valuer_per_share": 26.91,
            "book_valuer_per_share_4q_avg": 25.05,
            "equity": 4885973,
            "current_ratio": 153.11,
            "debt_ratio": 66.81,
            "inventory_turnover_ratio": 0.03,
            "account_receivable_turnover_ratio": null,
            "reinvestment_rate": -1.54,
            "research_to_sale_ratio": null,
            "price_fair": 241.15,
            "eps_avg_yearly": 6.89,
            "eps_latest_yearly": 3.16,
            "eps_growth_yearly": 65.92
        },
        "20081": {
            "year_quarter": 20081,
            "year": 2008,
            "quarter": 1,
            "eps": 0.94,
            "eps_growth_year": -39.35,
            "eps_4q": 6.58,
            "eps_4q_growth_year": -12.09,
            "roe": 3.45,
            "roe_4q": 31.05,
            "gross_profit": 214549,
            "gross_margin": 38.41,
            "gross_margin_4q_avg": 37.29,
            "net_income": 171543,
            "revenue": 558619,
            "common_shares": 1815729,
            "book_valuer_per_share": 27.85,
            "book_valuer_per_share_4q_avg": 25.85,
            "equity": 5057516,
            "current_ratio": 155.87,
            "debt_ratio": 65.84,
            "inventory_turnover_ratio": 0.03,
            "account_receivable_turnover_ratio": null,
            "reinvestment_rate": -0.84,
            "research_to_sale_ratio": null,
            "price_fair": 244.91,
            "eps_avg_yearly": 7,
            "eps_latest_yearly": 3.76,
            "eps_growth_yearly": 78.44
        },
        "20082": {
            "year_quarter": 20082,
            "year": 2008,
            "quarter": 2,
            "eps": 3.87,
            "eps_growth_year": 2.38,
            "eps_4q": 7.44,
            "eps_4q_growth_year": -20.2,
            "roe": 14.11,
            "roe_4q": 29.75,
            "gross_profit": 818494,
            "gross_margin": 47.07,
            "gross_margin_4q_avg": 40.02,
            "net_income": 702454,
            "revenue": 1738914,
            "common_shares": 1815729,
            "book_valuer_per_share": 26.91,
            "book_valuer_per_share_4q_avg": 26.48,
            "equity": 4897920,
            "current_ratio": 155.86,
            "debt_ratio": 65.9,
            "inventory_turnover_ratio": 0.08,
            "account_receivable_turnover_ratio": null,
            "reinvestment_rate": -0.73,
            "research_to_sale_ratio": null,
            "price_fair": 266.44,
            "eps_avg_yearly": 7.61,
            "eps_latest_yearly": 15.48,
            "eps_growth_yearly": 112.25
        },
        "20083": {
            "year_quarter": 20083,
            "year": 2008,
            "quarter": 3,
            "eps": 1.48,
            "eps_growth_year": -30.84,
            "eps_4q": 6.87,
            "eps_4q_growth_year": -22.97,
            "roe": 5.47,
            "roe_4q": 25.999999999999996,
            "gross_profit": 329429,
            "gross_margin": 50.77,
            "gross_margin_4q_avg": 44.73,
            "net_income": 275719,
            "revenue": 648843,
            "common_shares": 1862027,
            "book_valuer_per_share": 27.73,
            "book_valuer_per_share_4q_avg": 27.35,
            "equity": 5174998,
            "current_ratio": 155.21,
            "debt_ratio": 63.26,
            "inventory_turnover_ratio": 0.03,
            "account_receivable_turnover_ratio": null,
            "reinvestment_rate": -0.08,
            "research_to_sale_ratio": null,
            "price_fair": 269.76,
            "eps_avg_yearly": 7.71,
            "eps_latest_yearly": 5.92,
            "eps_growth_yearly": 102.3
        },
        "20084": {
            "year_quarter": 20084,
            "year": 2008,
            "quarter": 4,
            "eps": 2.02,
            "eps_growth_year": 155.7,
            "eps_4q": 8.21,
            "eps_4q_growth_year": 8.26,
            "roe": 6.85,
            "roe_4q": 29.88,
            "gross_profit": 500556,
            "gross_margin": 41.68,
            "gross_margin_4q_avg": 44.48,
            "net_income": 375271,
            "revenue": 1201085,
            "common_shares": 2055679,
            "book_valuer_per_share": 28.08,
            "book_valuer_per_share_4q_avg": 27.64,
            "equity": 5785088,
            "current_ratio": 159.8,
            "debt_ratio": 61.57,
            "inventory_turnover_ratio": 0.06,
            "account_receivable_turnover_ratio": 68.95,
            "reinvestment_rate": -0.62,
            "research_to_sale_ratio": null,
            "price_fair": 276.41,
            "eps_avg_yearly": 7.9,
            "eps_latest_yearly": 8.08,
            "eps_growth_yearly": 107.79
        },
        "20091": {
            "year_quarter": 20091,
            "year": 2009,
            "quarter": 1,
            "eps": 1.98,
            "eps_growth_year": 110.64,
            "eps_4q": 8.56,
            "eps_4q_growth_year": 30.2,
            "roe": 6.77,
            "roe_4q": 33.2,
            "gross_profit": 419394,
            "gross_margin": 39.62,
            "gross_margin_4q_avg": 44.79,
            "net_income": 407223,
            "revenue": 1058632,
            "common_shares": 2105505,
            "book_valuer_per_share": 29.64,
            "book_valuer_per_share_4q_avg": 28.09,
            "equity": 6253123,
            "current_ratio": 168.04,
            "debt_ratio": 58.6,
            "inventory_turnover_ratio": 0.05,
            "account_receivable_turnover_ratio": 25.67,
            "reinvestment_rate": 0.06,
            "research_to_sale_ratio": null,
            "price_fair": 273.96,
            "eps_avg_yearly": 7.83,
            "eps_latest_yearly": 7.92,
            "eps_growth_yearly": 87.45
        },
        "20092": {
            "year_quarter": 20092,
            "year": 2009,
            "quarter": 2,
            "eps": 0.23,
            "eps_growth_year": -94.06,
            "eps_4q": 5.35,
            "eps_4q_growth_year": -28.12,
            "roe": 0.81,
            "roe_4q": 19.9,
            "gross_profit": 156772,
            "gross_margin": 39.19,
            "gross_margin_4q_avg": 42.82,
            "net_income": 47583,
            "revenue": 399998,
            "common_shares": 2105505,
            "book_valuer_per_share": 26.27,
            "book_valuer_per_share_4q_avg": 27.93,
            "equity": 5543669,
            "current_ratio": 167.82,
            "debt_ratio": 58.85,
            "inventory_turnover_ratio": 0.02,
            "account_receivable_turnover_ratio": 2.93,
            "reinvestment_rate": -1.04,
            "research_to_sale_ratio": null,
            "price_fair": 266.7,
            "eps_avg_yearly": 7.62,
            "eps_latest_yearly": 0.92,
            "eps_growth_yearly": 78.63
        },
        "20093": {
            "year_quarter": 20093,
            "year": 2009,
            "quarter": 3,
            "eps": 1.49,
            "eps_growth_year": 0.68,
            "eps_4q": 5.45,
            "eps_4q_growth_year": -20.78,
            "roe": 5.48,
            "roe_4q": 19.91,
            "gross_profit": 384612,
            "gross_margin": 33.97,
            "gross_margin_4q_avg": 38.62,
            "net_income": 312712,
            "revenue": 1132094,
            "common_shares": 2214270,
            "book_valuer_per_share": 26.43,
            "book_valuer_per_share_4q_avg": 27.61,
            "equity": 5864355,
            "current_ratio": 173.89,
            "debt_ratio": 56.77,
            "inventory_turnover_ratio": 0.07,
            "account_receivable_turnover_ratio": 6.43,
            "reinvestment_rate": -1.02,
            "research_to_sale_ratio": null,
            "price_fair": 268.01,
            "eps_avg_yearly": 7.66,
            "eps_latest_yearly": 5.96,
            "eps_growth_yearly": 208.98
        },
        "20094": {
            "year_quarter": 20094,
            "year": 2009,
            "quarter": 4,
            "eps": 1.97,
            "eps_growth_year": -2.48,
            "eps_4q": 5.25,
            "eps_4q_growth_year": -36.08,
            "roe": 6.89,
            "roe_4q": 19.950000000000003,
            "gross_profit": 529459,
            "gross_margin": 44.32,
            "gross_margin_4q_avg": 39.28,
            "net_income": 419917,
            "revenue": 1194621,
            "common_shares": 2263192,
            "book_valuer_per_share": 27.87,
            "book_valuer_per_share_4q_avg": 27.55,
            "equity": 6320572,
            "current_ratio": 171.66,
            "debt_ratio": 57.56,
            "inventory_turnover_ratio": 0.06,
            "account_receivable_turnover_ratio": 12.41,
            "reinvestment_rate": -0.74,
            "research_to_sale_ratio": null,
            "price_fair": 271.95,
            "eps_avg_yearly": 7.77,
            "eps_latest_yearly": 7.88,
            "eps_growth_yearly": 213.68
        },
        "20101": {
            "year_quarter": 20101,
            "year": 2010,
            "quarter": 1,
            "eps": 2.73,
            "eps_growth_year": 37.88,
            "eps_4q": 5.92,
            "eps_4q_growth_year": -30.86,
            "roe": 9.26,
            "roe_4q": 22.439999999999998,
            "gross_profit": 712920,
            "gross_margin": 45.54,
            "gross_margin_4q_avg": 40.76,
            "net_income": 618800,
            "revenue": 1565578,
            "common_shares": 2363461,
            "book_valuer_per_share": 29.62,
            "book_valuer_per_share_4q_avg": 27.55,
            "equity": 7041772,
            "current_ratio": 171.3,
            "debt_ratio": 57.88,
            "inventory_turnover_ratio": 0.07,
            "account_receivable_turnover_ratio": 6.02,
            "reinvestment_rate": -1.58,
            "research_to_sale_ratio": null,
            "price_fair": 275.36,
            "eps_avg_yearly": 7.87,
            "eps_latest_yearly": 10.92,
            "eps_growth_yearly": 209.84
        },
        "20102": {
            "year_quarter": 20102,
            "year": 2010,
            "quarter": 2,
            "eps": 3.75,
            "eps_growth_year": 1532.13,
            "eps_4q": 9.31,
            "eps_4q_growth_year": 74.15,
            "roe": 12.98,
            "roe_4q": 34.61,
            "gross_profit": 1030189,
            "gross_margin": 51.48,
            "gross_margin_4q_avg": 43.83,
            "net_income": 913234,
            "revenue": 2001190,
            "common_shares": 2363461,
            "book_valuer_per_share": 29.58,
            "book_valuer_per_share_4q_avg": 28.38,
            "equity": 7031622,
            "current_ratio": 182.61,
            "debt_ratio": 54.34,
            "inventory_turnover_ratio": 0.08,
            "account_receivable_turnover_ratio": 9.56,
            "reinvestment_rate": -0.8,
            "research_to_sale_ratio": null,
            "price_fair": 287.09,
            "eps_avg_yearly": 8.2,
            "eps_latest_yearly": 15,
            "eps_growth_yearly": 218.43
        },
        "20103": {
            "year_quarter": 20103,
            "year": 2010,
            "quarter": 3,
            "eps": 3.66,
            "eps_growth_year": 145.55,
            "eps_4q": 11.74,
            "eps_4q_growth_year": 115.65,
            "roe": 11.82,
            "roe_4q": 40.95,
            "gross_profit": 977807,
            "gross_margin": 45.74,
            "gross_margin_4q_avg": 46.77,
            "net_income": 883417,
            "revenue": 2137598,
            "common_shares": 2414560,
            "book_valuer_per_share": 32.61,
            "book_valuer_per_share_4q_avg": 29.92,
            "equity": 7915037,
            "current_ratio": 211.92,
            "debt_ratio": 46.91,
            "inventory_turnover_ratio": 0.1,
            "account_receivable_turnover_ratio": 24.78,
            "reinvestment_rate": -0.75,
            "research_to_sale_ratio": null,
            "price_fair": 302.58,
            "eps_avg_yearly": 8.65,
            "eps_latest_yearly": 14.64,
            "eps_growth_yearly": 223.22
        },
        "20104": {
            "year_quarter": 20104,
            "year": 2010,
            "quarter": 4,
            "eps": 1.06,
            "eps_growth_year": -46.12,
            "eps_4q": 11.06,
            "eps_4q_growth_year": 110.88,
            "roe": 3.19,
            "roe_4q": 37.25,
            "gross_profit": 361057,
            "gross_margin": 38.1,
            "gross_margin_4q_avg": 45.22,
            "net_income": 256259,
            "revenue": 947725,
            "common_shares": 2414560,
            "book_valuer_per_share": 33.68,
            "book_valuer_per_share_4q_avg": 31.37,
            "equity": 8171298,
            "current_ratio": 234.46,
            "debt_ratio": 42.58,
            "inventory_turnover_ratio": 0.05,
            "account_receivable_turnover_ratio": 7.52,
            "reinvestment_rate": -1.16,
            "research_to_sale_ratio": null,
            "price_fair": 292.6,
            "eps_avg_yearly": 8.36,
            "eps_latest_yearly": 4.24,
            "eps_growth_yearly": 201.36
        },
        "20111": {
            "year_quarter": 20111,
            "year": 2011,
            "quarter": 1,
            "eps": 4.73,
            "eps_growth_year": 73.26,
            "eps_4q": 13.24,
            "eps_4q_growth_year": 123.62,
            "roe": 13.08,
            "roe_4q": 41.07,
            "gross_profit": 1247709,
            "gross_margin": 55.64,
            "gross_margin_4q_avg": 47.74,
            "net_income": 1143125,
            "revenue": 2242486,
            "common_shares": 2414560,
            "book_valuer_per_share": 38.41,
            "book_valuer_per_share_4q_avg": 33.57,
            "equity": 9314423,
            "current_ratio": 253.62,
            "debt_ratio": 39.46,
            "inventory_turnover_ratio": 0.08,
            "account_receivable_turnover_ratio": 15.28,
            "reinvestment_rate": -0.69,
            "research_to_sale_ratio": null,
            "price_fair": 320.43,
            "eps_avg_yearly": 9.16,
            "eps_latest_yearly": 18.92,
            "eps_growth_yearly": 295.31
        },
        "20112": {
            "year_quarter": 20112,
            "year": 2011,
            "quarter": 2,
            "eps": 0.74,
            "eps_growth_year": -80.31,
            "eps_4q": 10.09,
            "eps_4q_growth_year": 8.34,
            "roe": 2.07,
            "roe_4q": 30.16,
            "gross_profit": 333466,
            "gross_margin": 43.35,
            "gross_margin_4q_avg": 45.71,
            "net_income": 180545,
            "revenue": 769228,
            "common_shares": 2414560,
            "book_valuer_per_share": 33.56,
            "book_valuer_per_share_4q_avg": 34.57,
            "equity": 8144381,
            "current_ratio": 222.49,
            "debt_ratio": 49.37,
            "inventory_turnover_ratio": 0.03,
            "account_receivable_turnover_ratio": 7.7,
            "reinvestment_rate": -0.74,
            "research_to_sale_ratio": null,
            "price_fair": 293.83,
            "eps_avg_yearly": 8.4,
            "eps_latest_yearly": 2.96,
            "eps_growth_yearly": 238.25
        },
        "20113": {
            "year_quarter": 20113,
            "year": 2011,
            "quarter": 3,
            "eps": 1.15,
            "eps_growth_year": -68.44,
            "eps_4q": 7.61,
            "eps_4q_growth_year": -35.17,
            "roe": 3.4,
            "roe_4q": 21.740000000000002,
            "gross_profit": 370582,
            "gross_margin": 49.64,
            "gross_margin_4q_avg": 46.68,
            "net_income": 282419,
            "revenue": 746564,
            "common_shares": 2446140,
            "book_valuer_per_share": 34.37,
            "book_valuer_per_share_4q_avg": 35.01,
            "equity": 8448127,
            "current_ratio": 186.75,
            "debt_ratio": 56.85,
            "inventory_turnover_ratio": 0.02,
            "account_receivable_turnover_ratio": 11.17,
            "reinvestment_rate": -0.75,
            "research_to_sale_ratio": null,
            "price_fair": 285.16,
            "eps_avg_yearly": 8.15,
            "eps_latest_yearly": 4.6,
            "eps_growth_yearly": 262.95
        },
        "20114": {
            "year_quarter": 20114,
            "year": 2011,
            "quarter": 4,
            "eps": 2.76,
            "eps_growth_year": 160.09,
            "eps_4q": 9.33,
            "eps_4q_growth_year": -15.71,
            "roe": 7.69,
            "roe_4q": 26.240000000000002,
            "gross_profit": 853385,
            "gross_margin": 57.1,
            "gross_margin_4q_avg": 51.43,
            "net_income": 675309,
            "revenue": 1494582,
            "common_shares": 2446140,
            "book_valuer_per_share": 37.13,
            "book_valuer_per_share_4q_avg": 35.87,
            "equity": 9123434,
            "current_ratio": 203.36,
            "debt_ratio": 52.68,
            "inventory_turnover_ratio": 0.04,
            "account_receivable_turnover_ratio": 1.46,
            "reinvestment_rate": -0.97,
            "research_to_sale_ratio": null,
            "price_fair": 302.4,
            "eps_avg_yearly": 8.64,
            "eps_latest_yearly": 11.04,
            "eps_growth_yearly": 313.72
        },
        "20121": {
            "year_quarter": 20121,
            "year": 2012,
            "quarter": 1,
            "eps": 0.81,
            "eps_growth_year": -82.88,
            "eps_4q": 5.46,
            "eps_4q_growth_year": -58.76,
            "roe": 2.14,
            "roe_4q": 15.3,
            "gross_profit": 238144,
            "gross_margin": 51.15,
            "gross_margin_4q_avg": 50.31,
            "net_income": 197210,
            "revenue": 465594,
            "common_shares": 2446140,
            "book_valuer_per_share": 37.94,
            "book_valuer_per_share_4q_avg": 35.75,
            "equity": 9320644,
            "current_ratio": 214.25,
            "debt_ratio": 50.41,
            "inventory_turnover_ratio": 0.01,
            "account_receivable_turnover_ratio": 0.4,
            "reinvestment_rate": -1.03,
            "research_to_sale_ratio": null,
            "price_fair": 301.26,
            "eps_avg_yearly": 8.61,
            "eps_latest_yearly": 3.24,
            "eps_growth_yearly": 291.31
        },
        "20122": {
            "year_quarter": 20122,
            "year": 2012,
            "quarter": 2,
            "eps": -0.05,
            "eps_growth_year": -106.13,
            "eps_4q": 4.62,
            "eps_4q_growth_year": -54.2,
            "roe": -0.13,
            "roe_4q": 13.100000000000001,
            "gross_profit": 86019,
            "gross_margin": 54.17,
            "gross_margin_4q_avg": 53.02,
            "net_income": -11208,
            "revenue": 158790,
            "common_shares": 2446140,
            "book_valuer_per_share": 32.5,
            "book_valuer_per_share_4q_avg": 35.49,
            "equity": 7989059,
            "current_ratio": 183.37,
            "debt_ratio": 58.03,
            "inventory_turnover_ratio": 0,
            "account_receivable_turnover_ratio": 0.78,
            "reinvestment_rate": -1.18,
            "research_to_sale_ratio": null,
            "price_fair": 285.23,
            "eps_avg_yearly": 8.15,
            "eps_latest_yearly": 3.24,
            "eps_growth_yearly": 227.61
        },
        "20123": {
            "year_quarter": 20123,
            "year": 2012,
            "quarter": 3,
            "eps": 10.52,
            "eps_growth_year": 811.12,
            "eps_4q": 13.99,
            "eps_4q_growth_year": 83.78,
            "roe": 28.04,
            "roe_4q": 37.74,
            "gross_profit": 2777952,
            "gross_margin": 65.38,
            "gross_margin_4q_avg": 56.95,
            "net_income": 2608470,
            "revenue": 4248777,
            "common_shares": 2479764,
            "book_valuer_per_share": 42.66,
            "book_valuer_per_share_4q_avg": 37.56,
            "equity": 10619192,
            "current_ratio": 227.38,
            "debt_ratio": 47.02,
            "inventory_turnover_ratio": 0.09,
            "account_receivable_turnover_ratio": 10.57,
            "reinvestment_rate": -0.91,
            "research_to_sale_ratio": null,
            "price_fair": 290.8,
            "eps_avg_yearly": 8.31,
            "eps_latest_yearly": 3.24,
            "eps_growth_yearly": 261.51
        },
        "20124": {
            "year_quarter": 20124,
            "year": 2012,
            "quarter": 4,
            "eps": 9.96,
            "eps_growth_year": 260.64,
            "eps_4q": 21.22,
            "eps_4q_growth_year": 127.5,
            "roe": 20.83,
            "roe_4q": 50.879999999999995,
            "gross_profit": 2774692,
            "gross_margin": 67.37,
            "gross_margin_4q_avg": 59.52,
            "net_income": 2470580,
            "revenue": 4118487,
            "common_shares": 2481503,
            "book_valuer_per_share": 52.63,
            "book_valuer_per_share_4q_avg": 41.43,
            "equity": 13099167,
            "current_ratio": 267.26,
            "debt_ratio": 40.01,
            "inventory_turnover_ratio": 0.09,
            "account_receivable_turnover_ratio": 1.21,
            "reinvestment_rate": -0.75,
            "research_to_sale_ratio": null,
            "price_fair": 370.2,
            "eps_avg_yearly": 10.58,
            "eps_latest_yearly": 39.84,
            "eps_growth_yearly": 249.57
        },
        "20131": {
            "year_quarter": 20131,
            "year": 2013,
            "quarter": 1,
            "eps": 19.72,
            "eps_growth_year": 2334.57,
            "eps_4q": 40.04,
            "eps_4q_growth_year": 633.45,
            "roe": 38.7,
            "roe_4q": 87.44,
            "gross_profit": 4924165,
            "gross_margin": 70.39,
            "gross_margin_4q_avg": 64.33,
            "net_income": 4894455,
            "revenue": 6995283,
            "common_shares": 2487999,
            "book_valuer_per_share": 48.86,
            "book_valuer_per_share_4q_avg": 44.16,
            "equity": 12197199,
            "current_ratio": 280.44,
            "debt_ratio": 38.37,
            "inventory_turnover_ratio": 0.14,
            "account_receivable_turnover_ratio": 1.95,
            "reinvestment_rate": -0.56,
            "research_to_sale_ratio": null,
            "price_fair": 547.6,
            "eps_avg_yearly": 15.65,
            "eps_latest_yearly": 78.88,
            "eps_growth_yearly": 278.13
        },
        "20132": {
            "year_quarter": 20132,
            "year": 2013,
            "quarter": 2,
            "eps": -0.96,
            "eps_growth_year": null,
            "eps_4q": 39.12,
            "eps_4q_growth_year": 746.92,
            "roe": -2.21,
            "roe_4q": 85.36,
            "gross_profit": 33077,
            "gross_margin": 36.52,
            "gross_margin_4q_avg": 59.92,
            "net_income": -239434,
            "revenue": 90564,
            "common_shares": 2487999,
            "book_valuer_per_share": 37.93,
            "book_valuer_per_share_4q_avg": 45.52,
            "equity": 9476262,
            "current_ratio": 199.84,
            "debt_ratio": 52.15,
            "inventory_turnover_ratio": 0,
            "account_receivable_turnover_ratio": 0.16,
            "reinvestment_rate": -0.03,
            "research_to_sale_ratio": null,
            "price_fair": 587.25,
            "eps_avg_yearly": 16.78,
            "eps_latest_yearly": 78.88,
            "eps_growth_yearly": 326.72
        },
        "20133": {
            "year_quarter": 20133,
            "year": 2013,
            "quarter": 3,
            "eps": 0.75,
            "eps_growth_year": -92.87,
            "eps_4q": 29.39,
            "eps_4q_growth_year": 110.05,
            "roe": 1.96,
            "roe_4q": 59.28,
            "gross_profit": 262734,
            "gross_margin": 52.08,
            "gross_margin_4q_avg": 56.59,
            "net_income": 187351,
            "revenue": 504448,
            "common_shares": 2488142,
            "book_valuer_per_share": 38.68,
            "book_valuer_per_share_4q_avg": 44.53,
            "equity": 9664331,
            "current_ratio": 178.81,
            "debt_ratio": 57.59,
            "inventory_turnover_ratio": 0.01,
            "account_receivable_turnover_ratio": 11.54,
            "reinvestment_rate": -0.12,
            "research_to_sale_ratio": null,
            "price_fair": 618.8,
            "eps_avg_yearly": 17.68,
            "eps_latest_yearly": 78.88,
            "eps_growth_yearly": 171.34
        },
        "20134": {
            "year_quarter": 20134,
            "year": 2013,
            "quarter": 4,
            "eps": 0.89,
            "eps_growth_year": -91.09,
            "eps_4q": 20.35,
            "eps_4q_growth_year": -4.09,
            "roe": 2.26,
            "roe_4q": 40.71,
            "gross_profit": 345581,
            "gross_margin": 53.75,
            "gross_margin_4q_avg": 53.19,
            "net_income": 220620,
            "revenue": 642972,
            "common_shares": 2488142,
            "book_valuer_per_share": 39.57,
            "book_valuer_per_share_4q_avg": 41.26,
            "equity": 9884951,
            "current_ratio": 170.47,
            "debt_ratio": 59.43,
            "inventory_turnover_ratio": 0.01,
            "account_receivable_turnover_ratio": 11.15,
            "reinvestment_rate": -0.38,
            "research_to_sale_ratio": null,
            "price_fair": 606.2,
            "eps_avg_yearly": 17.32,
            "eps_latest_yearly": 3.56,
            "eps_growth_yearly": 166.82
        },
        "20141": {
            "year_quarter": 20141,
            "year": 2014,
            "quarter": 1,
            "eps": -0.2,
            "eps_growth_year": -101.01,
            "eps_4q": 0.48,
            "eps_4q_growth_year": -98.8,
            "roe": -0.5,
            "roe_4q": 1.5099999999999998,
            "gross_profit": 9722,
            "gross_margin": 18.68,
            "gross_margin_4q_avg": 40.26,
            "net_income": -49422,
            "revenue": 52048,
            "common_shares": 2488142,
            "book_valuer_per_share": 39.37,
            "book_valuer_per_share_4q_avg": 38.89,
            "equity": 9835529,
            "current_ratio": 164.21,
            "debt_ratio": 61.88,
            "inventory_turnover_ratio": 0,
            "account_receivable_turnover_ratio": 1.13,
            "reinvestment_rate": -1.62,
            "research_to_sale_ratio": null,
            "price_fair": 626.56,
            "eps_avg_yearly": 17.9,
            "eps_latest_yearly": 3.56,
            "eps_growth_yearly": 167.96
        },
        "20142": {
            "year_quarter": 20142,
            "year": 2014,
            "quarter": 2,
            "eps": 0.06,
            "eps_growth_year": null,
            "eps_4q": 1.43,
            "eps_4q_growth_year": -96.35,
            "roe": 0.16,
            "roe_4q": 3.88,
            "gross_profit": 578486,
            "gross_margin": 55.96,
            "gross_margin_4q_avg": 45.12,
            "net_income": 14346,
            "revenue": 1033815,
            "common_shares": 2488142,
            "book_valuer_per_share": 32.93,
            "book_valuer_per_share_4q_avg": 37.64,
            "equity": 8232582,
            "current_ratio": 144.62,
            "debt_ratio": 69.3,
            "inventory_turnover_ratio": 0.02,
            "account_receivable_turnover_ratio": 22.11,
            "reinvestment_rate": -2.04,
            "research_to_sale_ratio": null,
            "price_fair": 636.72,
            "eps_avg_yearly": 18.19,
            "eps_latest_yearly": 3.56,
            "eps_growth_yearly": 169.81
        },
        "20143": {
            "year_quarter": 20143,
            "year": 2014,
            "quarter": 3,
            "eps": 1.72,
            "eps_growth_year": 129.33,
            "eps_4q": 2.43,
            "eps_4q_growth_year": -91.73,
            "roe": 5.31,
            "roe_4q": 7.2299999999999995,
            "gross_profit": 585078,
            "gross_margin": 48.94,
            "gross_margin_4q_avg": 44.33,
            "net_income": 449320,
            "revenue": 1195589,
            "common_shares": 2612549,
            "book_valuer_per_share": 33.08,
            "book_valuer_per_share_4q_avg": 36.24,
            "equity": 8681902,
            "current_ratio": 148.18,
            "debt_ratio": 68.08,
            "inventory_turnover_ratio": 0.02,
            "account_receivable_turnover_ratio": 17.55,
            "reinvestment_rate": -2.13,
            "research_to_sale_ratio": null,
            "price_fair": 609.56,
            "eps_avg_yearly": 17.42,
            "eps_latest_yearly": 6.88,
            "eps_growth_yearly": 1277.44
        },
        "20144": {
            "year_quarter": 20144,
            "year": 2014,
            "quarter": 4,
            "eps": 5.63,
            "eps_growth_year": 535.08,
            "eps_4q": 7.22,
            "eps_4q_growth_year": -64.53,
            "roe": 15.62,
            "roe_4q": 20.59,
            "gross_profit": 1419176,
            "gross_margin": 48.48,
            "gross_margin_4q_avg": 43.02,
            "net_income": 1471297,
            "revenue": 2927234,
            "common_shares": 2612549,
            "book_valuer_per_share": 38.71,
            "book_valuer_per_share_4q_avg": 36.02,
            "equity": 10153199,
            "current_ratio": 162.41,
            "debt_ratio": 62.45,
            "inventory_turnover_ratio": 0.06,
            "account_receivable_turnover_ratio": 24.48,
            "reinvestment_rate": -1.93,
            "research_to_sale_ratio": null,
            "price_fair": 673.54,
            "eps_avg_yearly": 19.24,
            "eps_latest_yearly": 22.52,
            "eps_growth_yearly": 1396.78
        },
        "20151": {
            "year_quarter": 20151,
            "year": 2015,
            "quarter": 1,
            "eps": 0,
            "eps_growth_year": null,
            "eps_4q": 7.41,
            "eps_4q_growth_year": 1447.9,
            "roe": 0.01,
            "roe_4q": 21.099999999999998,
            "gross_profit": 141676,
            "gross_margin": 42.06,
            "gross_margin_4q_avg": 48.86,
            "net_income": 1160,
            "revenue": 336867,
            "common_shares": 2612549,
            "book_valuer_per_share": 38.71,
            "book_valuer_per_share_4q_avg": 35.86,
            "equity": 10154359,
            "current_ratio": 162.54,
            "debt_ratio": 62.5,
            "inventory_turnover_ratio": 0.01,
            "account_receivable_turnover_ratio": 1.83,
            "reinvestment_rate": -2.11,
            "research_to_sale_ratio": null,
            "price_fair": 674.8,
            "eps_avg_yearly": 19.28,
            "eps_latest_yearly": 22.52,
            "eps_growth_yearly": 1398.1
        },
        "20152": {
            "year_quarter": 20152,
            "year": 2015,
            "quarter": 2,
            "eps": -0.02,
            "eps_growth_year": -133.33,
            "eps_4q": 6.99,
            "eps_4q_growth_year": 389.68,
            "roe": -0.05,
            "roe_4q": 20.89,
            "gross_profit": 113787,
            "gross_margin": 23.8,
            "gross_margin_4q_avg": 40.82,
            "net_income": -4671,
            "revenue": 478026,
            "common_shares": 2612549,
            "book_valuer_per_share": 34.7,
            "book_valuer_per_share_4q_avg": 36.3,
            "equity": 9104668,
            "current_ratio": 145.35,
            "debt_ratio": 66.95,
            "inventory_turnover_ratio": 0.01,
            "account_receivable_turnover_ratio": 2.04,
            "reinvestment_rate": -1.94,
            "research_to_sale_ratio": null,
            "price_fair": 746.2,
            "eps_avg_yearly": 21.32,
            "eps_latest_yearly": 22.52,
            "eps_growth_yearly": 1615.04
        },
        "20153": {
            "year_quarter": 20153,
            "year": 2015,
            "quarter": 3,
            "eps": 1.28,
            "eps_growth_year": -25.58,
            "eps_4q": 6.63,
            "eps_4q_growth_year": 172.63,
            "roe": 3.77,
            "roe_4q": 19.349999999999998,
            "gross_profit": 438894,
            "gross_margin": 43.51,
            "gross_margin_4q_avg": 39.46,
            "net_income": 349935,
            "revenue": 1008832,
            "common_shares": 2743176,
            "book_valuer_per_share": 34.32,
            "book_valuer_per_share_4q_avg": 36.61,
            "equity": 9454603,
            "current_ratio": 148.59,
            "debt_ratio": 66.28,
            "inventory_turnover_ratio": 0.02,
            "account_receivable_turnover_ratio": 4.23,
            "reinvestment_rate": -1.96,
            "research_to_sale_ratio": null,
            "price_fair": 829.8,
            "eps_avg_yearly": 23.71,
            "eps_latest_yearly": 22.52,
            "eps_growth_yearly": 1814.1
        },
        "20154": {
            "year_quarter": 20154,
            "year": 2015,
            "quarter": 4,
            "eps": 1.18,
            "eps_growth_year": -79.02,
            "eps_4q": 2.44,
            "eps_4q_growth_year": -66.13,
            "roe": 3.37,
            "roe_4q": 7.1000000000000005,
            "gross_profit": 444981,
            "gross_margin": 34.43,
            "gross_margin_4q_avg": 35.95,
            "net_income": 324000,
            "revenue": 1292479,
            "common_shares": 2743176,
            "book_valuer_per_share": 35.5,
            "book_valuer_per_share_4q_avg": 35.81,
            "equity": 9778603,
            "current_ratio": 150.78,
            "debt_ratio": 65.51,
            "inventory_turnover_ratio": 0.03,
            "account_receivable_turnover_ratio": 4.56,
            "reinvestment_rate": -2.02,
            "research_to_sale_ratio": null,
            "price_fair": 798.2,
            "eps_avg_yearly": 22.81,
            "eps_latest_yearly": 4.72,
            "eps_growth_yearly": 1729.64
        },
        "20161": {
            "year_quarter": 20161,
            "year": 2016,
            "quarter": 1,
            "eps": 2.3,
            "eps_growth_year": null,
            "eps_4q": 4.67,
            "eps_4q_growth_year": -36.99,
            "roe": 6.19,
            "roe_4q": 13.28,
            "gross_profit": 716954,
            "gross_margin": 24.73,
            "gross_margin_4q_avg": 31.62,
            "net_income": 630344,
            "revenue": 2899139,
            "common_shares": 2783878,
            "book_valuer_per_share": 37.86,
            "book_valuer_per_share_4q_avg": 35.6,
            "equity": 10588189,
            "current_ratio": 165.76,
            "debt_ratio": 59.85,
            "inventory_turnover_ratio": 0.09,
            "account_receivable_turnover_ratio": 8.91,
            "reinvestment_rate": -1.96,
            "research_to_sale_ratio": null,
            "price_fair": 828,
            "eps_avg_yearly": 23.66,
            "eps_latest_yearly": 9.2,
            "eps_growth_yearly": 1824.25
        },
        "20162": {
            "year_quarter": 20162,
            "year": 2016,
            "quarter": 2,
            "eps": 0.86,
            "eps_growth_year": null,
            "eps_4q": 5.35,
            "eps_4q_growth_year": -23.45,
            "roe": 2.36,
            "roe_4q": 15.690000000000001,
            "gross_profit": 311691,
            "gross_margin": 36.52,
            "gross_margin_4q_avg": 34.8,
            "net_income": 248801,
            "revenue": 853583,
            "common_shares": 2903260,
            "book_valuer_per_share": 36.06,
            "book_valuer_per_share_4q_avg": 35.94,
            "equity": 10518027,
            "current_ratio": 166.8,
            "debt_ratio": 59.5,
            "inventory_turnover_ratio": 0.02,
            "account_receivable_turnover_ratio": 2.93,
            "reinvestment_rate": -1.99,
            "research_to_sale_ratio": null,
            "price_fair": 739.55,
            "eps_avg_yearly": 21.13,
            "eps_latest_yearly": 3.44,
            "eps_growth_yearly": 1564.91
        },
        "20163": {
            "year_quarter": 20163,
            "year": 2016,
            "quarter": 3,
            "eps": 4.73,
            "eps_growth_year": 269.53,
            "eps_4q": 8.92,
            "eps_4q_growth_year": 34.64,
            "roe": 12.37,
            "roe_4q": 24.29,
            "gross_profit": 268751,
            "gross_margin": 31.22,
            "gross_margin_4q_avg": 31.73,
            "net_income": 1386955,
            "revenue": 860800,
            "common_shares": 2903260,
            "book_valuer_per_share": 40.84,
            "book_valuer_per_share_4q_avg": 37.57,
            "equity": 11904982,
            "current_ratio": 167.41,
            "debt_ratio": 56.66,
            "inventory_turnover_ratio": 0.03,
            "account_receivable_turnover_ratio": 2.92,
            "reinvestment_rate": 6.87,
            "research_to_sale_ratio": null,
            "price_fair": 730.96,
            "eps_avg_yearly": 20.88,
            "eps_latest_yearly": 18.92,
            "eps_growth_yearly": 1591.03
        },
        "20164": {
            "year_quarter": 20164,
            "year": 2016,
            "quarter": 4,
            "eps": 1.77,
            "eps_growth_year": 49.79,
            "eps_4q": 9.58,
            "eps_4q_growth_year": 291.71,
            "roe": 4.22,
            "roe_4q": 25.14,
            "gross_profit": 200109,
            "gross_margin": 29.22,
            "gross_margin_4q_avg": 30.42,
            "net_income": 513854,
            "revenue": 684940,
            "common_shares": 2903260,
            "book_valuer_per_share": 42.61,
            "book_valuer_per_share_4q_avg": 39.34,
            "equity": 12458836,
            "current_ratio": 195.98,
            "debt_ratio": 56.33,
            "inventory_turnover_ratio": 0.02,
            "account_receivable_turnover_ratio": 2.03,
            "reinvestment_rate": 12.04,
            "research_to_sale_ratio": null,
            "price_fair": 603.56,
            "eps_avg_yearly": 17.24,
            "eps_latest_yearly": 7.08,
            "eps_growth_yearly": 1565.58
        },
        "20171": {
            "year_quarter": 20171,
            "year": 2017,
            "quarter": 1,
            "eps": 2.23,
            "eps_growth_year": -3.04,
            "eps_4q": 9.63,
            "eps_4q_growth_year": 106.24,
            "roe": 5.06,
            "roe_4q": 24.009999999999998,
            "gross_profit": 566485,
            "gross_margin": 54.2,
            "gross_margin_4q_avg": 37.79,
            "net_income": 646230,
            "revenue": 1045089,
            "common_shares": 2903260,
            "book_valuer_per_share": 44.84,
            "book_valuer_per_share_4q_avg": 41.09,
            "equity": 13105066,
            "current_ratio": 206.17,
            "debt_ratio": 55.78,
            "inventory_turnover_ratio": 0.02,
            "account_receivable_turnover_ratio": 3.17,
            "reinvestment_rate": 0.52,
            "research_to_sale_ratio": null,
            "price_fair": 331.49,
            "eps_avg_yearly": 9.47,
            "eps_latest_yearly": 8.92,
            "eps_growth_yearly": 1533.58
        },
        "20172": {
            "year_quarter": 20172,
            "year": 2017,
            "quarter": 2,
            "eps": 2.01,
            "eps_growth_year": 133.72,
            "eps_4q": 10.79,
            "eps_4q_growth_year": 101.63,
            "roe": 4.66,
            "roe_4q": 26.309999999999995,
            "gross_profit": 572369,
            "gross_margin": 37,
            "gross_margin_4q_avg": 37.91,
            "net_income": 584744,
            "revenue": 1546849,
            "common_shares": 2903260,
            "book_valuer_per_share": 40.85,
            "book_valuer_per_share_4q_avg": 42.29,
            "equity": 11987854,
            "current_ratio": 193.37,
            "debt_ratio": 58.76,
            "inventory_turnover_ratio": 0.04,
            "account_receivable_turnover_ratio": 6.1,
            "reinvestment_rate": 2.82,
            "research_to_sale_ratio": null,
            "price_fair": 326.48,
            "eps_avg_yearly": 9.33,
            "eps_latest_yearly": 8.04,
            "eps_growth_yearly": 1376.28
        },
        "20173": {
            "year_quarter": 20173,
            "year": 2017,
            "quarter": 3,
            "eps": 1.96,
            "eps_growth_year": -58.56,
            "eps_4q": 7.97,
            "eps_4q_growth_year": -10.71,
            "roe": 4.63,
            "roe_4q": 18.569999999999997,
            "gross_profit": 544731,
            "gross_margin": 39.14,
            "gross_margin_4q_avg": 39.89,
            "net_income": 568078,
            "revenue": 1391631,
            "common_shares": 2903260,
            "book_valuer_per_share": 42.81,
            "book_valuer_per_share_4q_avg": 42.78,
            "equity": 12555932,
            "current_ratio": 205.79,
            "debt_ratio": 55.71,
            "inventory_turnover_ratio": 0.03,
            "account_receivable_turnover_ratio": 5.12,
            "reinvestment_rate": 3.67,
            "research_to_sale_ratio": null,
            "price_fair": 321.75,
            "eps_avg_yearly": 9.19,
            "eps_latest_yearly": 7.84,
            "eps_growth_yearly": 1250.26
        },
        "20174": {
            "year_quarter": 20174,
            "year": 2017,
            "quarter": 4,
            "eps": 4.28,
            "eps_growth_year": 141.9,
            "eps_4q": 10.48,
            "eps_4q_growth_year": 9.43,
            "roe": 9.42,
            "roe_4q": 23.77,
            "gross_profit": 1267533,
            "gross_margin": 42.4,
            "gross_margin_4q_avg": 43.19,
            "net_income": 1243059,
            "revenue": 2989410,
            "common_shares": 2903260,
            "book_valuer_per_share": 47.09,
            "book_valuer_per_share_4q_avg": 43.9,
            "equity": 13838991,
            "current_ratio": 210.6,
            "debt_ratio": 53.94,
            "inventory_turnover_ratio": 0.07,
            "account_receivable_turnover_ratio": 2.05,
            "reinvestment_rate": 4.52,
            "research_to_sale_ratio": null,
            "price_fair": 364.89,
            "eps_avg_yearly": 10.43,
            "eps_latest_yearly": 17.12,
            "eps_growth_yearly": 1286.51
        },
        "20181": {
            "year_quarter": 20181,
            "year": 2018,
            "quarter": 1,
            "eps": 9.33,
            "eps_growth_year": 318.39,
            "eps_4q": 17.58,
            "eps_4q_growth_year": 82.58,
            "roe": 17.63,
            "roe_4q": 36.339999999999996,
            "gross_profit": 2780451,
            "gross_margin": 39.4,
            "gross_margin_4q_avg": 39.49,
            "net_income": 2708531,
            "revenue": 7057781,
            "common_shares": 2903260,
            "book_valuer_per_share": 57.58,
            "book_valuer_per_share_4q_avg": 47.08,
            "equity": 16883714,
            "current_ratio": 320.97,
            "debt_ratio": 38.86,
            "inventory_turnover_ratio": 0.18,
            "account_receivable_turnover_ratio": 4.56,
            "reinvestment_rate": 6.05,
            "research_to_sale_ratio": null,
            "price_fair": 443.33,
            "eps_avg_yearly": 12.67,
            "eps_latest_yearly": 37.32,
            "eps_growth_yearly": 1218.63
        },
        "20182": {
            "year_quarter": 20182,
            "year": 2018,
            "quarter": 2,
            "eps": 0.91,
            "eps_growth_year": -54.73,
            "eps_4q": 16.48,
            "eps_4q_growth_year": 52.77,
            "roe": 1.64,
            "roe_4q": 33.32,
            "gross_profit": 574424,
            "gross_margin": 28.79,
            "gross_margin_4q_avg": 37.43,
            "net_income": 264438,
            "revenue": 1995272,
            "common_shares": 2903260,
            "book_valuer_per_share": 52.29,
            "book_valuer_per_share_4q_avg": 49.94,
            "equity": 15348131,
            "current_ratio": 246.19,
            "debt_ratio": 45.18,
            "inventory_turnover_ratio": 0.06,
            "account_receivable_turnover_ratio": 3.15,
            "reinvestment_rate": 5.97,
            "research_to_sale_ratio": null,
            "price_fair": 419.03,
            "eps_avg_yearly": 11.97,
            "eps_latest_yearly": 3.64,
            "eps_growth_yearly": 1097.12
        },
        "20183": {
            "year_quarter": 20183,
            "year": 2018,
            "quarter": 3,
            "eps": 2.14,
            "eps_growth_year": 9.18,
            "eps_4q": 16.66,
            "eps_4q_growth_year": 109.17,
            "roe": 3.97,
            "roe_4q": 32.66,
            "gross_profit": 695201,
            "gross_margin": 43.03,
            "gross_margin_4q_avg": 38.41,
            "net_income": 621728,
            "revenue": 1615660,
            "common_shares": 2903260,
            "book_valuer_per_share": 54.43,
            "book_valuer_per_share_4q_avg": 52.85,
            "equity": 15969859,
            "current_ratio": 246.85,
            "debt_ratio": 43.09,
            "inventory_turnover_ratio": 0.04,
            "account_receivable_turnover_ratio": 2.12,
            "reinvestment_rate": 1.18,
            "research_to_sale_ratio": null,
            "price_fair": 423.55,
            "eps_avg_yearly": 12.1,
            "eps_latest_yearly": 8.56,
            "eps_growth_yearly": 287.43
        },
        "20184": {
            "year_quarter": 20184,
            "year": 2018,
            "quarter": 4,
            "eps": 1.96,
            "eps_growth_year": -54.16,
            "eps_4q": 14.34,
            "eps_4q_growth_year": 36.9,
            "roe": 3.5,
            "roe_4q": 26.740000000000002,
            "gross_profit": 589031,
            "gross_margin": 40.97,
            "gross_margin_4q_avg": 38.05,
            "net_income": 569713,
            "revenue": 1437651,
            "common_shares": 2903260,
            "book_valuer_per_share": 56.39,
            "book_valuer_per_share_4q_avg": 55.17,
            "equity": 16539572,
            "current_ratio": 261.56,
            "debt_ratio": 40.77,
            "inventory_turnover_ratio": 0.04,
            "account_receivable_turnover_ratio": 1.77,
            "reinvestment_rate": 1.8,
            "research_to_sale_ratio": null,
            "price_fair": 384.03,
            "eps_avg_yearly": 10.97,
            "eps_latest_yearly": 7.84,
            "eps_growth_yearly": 214.9
        },
        "20191": {
            "year_quarter": 20191,
            "year": 2019,
            "quarter": 1,
            "eps": 3.29,
            "eps_growth_year": -64.74,
            "eps_4q": 8.31,
            "eps_4q_growth_year": -52.75,
            "roe": 5.62,
            "roe_4q": 14.730000000000002,
            "gross_profit": 1091395,
            "gross_margin": 39.13,
            "gross_margin_4q_avg": 37.98,
            "net_income": 956081,
            "revenue": 2789043,
            "common_shares": 2903260,
            "book_valuer_per_share": 59.69,
            "book_valuer_per_share_4q_avg": 55.7,
            "equity": 17495653,
            "current_ratio": 300.01,
            "debt_ratio": 35.72,
            "inventory_turnover_ratio": 0.08,
            "account_receivable_turnover_ratio": 3.73,
            "reinvestment_rate": 1.89,
            "research_to_sale_ratio": null,
            "price_fair": 389.5,
            "eps_avg_yearly": 11.13,
            "eps_latest_yearly": 13.16,
            "eps_growth_yearly": 218.94
        },
        "20192": {
            "year_quarter": 20192,
            "year": 2019,
            "quarter": 2,
            "eps": 1.54,
            "eps_growth_year": 69.23,
            "eps_4q": 8.94,
            "eps_4q_growth_year": -45.74,
            "roe": 2.68,
            "roe_4q": 15.770000000000001,
            "gross_profit": 616577,
            "gross_margin": 37.24,
            "gross_margin_4q_avg": 40.09,
            "net_income": 448456,
            "revenue": 1655646,
            "common_shares": 2903260,
            "book_valuer_per_share": 54.23,
            "book_valuer_per_share_4q_avg": 56.19,
            "equity": 15911827,
            "current_ratio": 229.42,
            "debt_ratio": 45.58,
            "inventory_turnover_ratio": 0.05,
            "account_receivable_turnover_ratio": 1.98,
            "reinvestment_rate": 0.87,
            "research_to_sale_ratio": null,
            "price_fair": 377.91,
            "eps_avg_yearly": 10.8,
            "eps_latest_yearly": 6.16,
            "eps_growth_yearly": 190.15
        },
        "20193": {
            "year_quarter": 20193,
            "year": 2019,
            "quarter": 3,
            "eps": 2.64,
            "eps_growth_year": 23.36,
            "eps_4q": 9.44,
            "eps_4q_growth_year": -43.33,
            "roe": 4.67,
            "roe_4q": 16.47,
            "gross_profit": 874700,
            "gross_margin": 44.33,
            "gross_margin_4q_avg": 40.42,
            "net_income": 761327,
            "revenue": 1973212,
            "common_shares": 2903260,
            "book_valuer_per_share": 56.87,
            "book_valuer_per_share_4q_avg": 56.8,
            "equity": 16673154,
            "current_ratio": 236.73,
            "debt_ratio": 44.21,
            "inventory_turnover_ratio": 0.05,
            "account_receivable_turnover_ratio": 2.44,
            "reinvestment_rate": 0.88,
            "research_to_sale_ratio": null,
            "price_fair": 377.39,
            "eps_avg_yearly": 10.78,
            "eps_latest_yearly": 10.56,
            "eps_growth_yearly": 196.13
        },
        "20194": {
            "year_quarter": 20194,
            "year": 2019,
            "quarter": 4,
            "eps": 3.45,
            "eps_growth_year": 75.53,
            "eps_4q": 10.93,
            "eps_4q_growth_year": -23.84,
            "roe": 5.86,
            "roe_4q": 18.830000000000002,
            "gross_profit": 1125467,
            "gross_margin": 35.17,
            "gross_margin_4q_avg": 38.97,
            "net_income": 1006239,
            "revenue": 3200098,
            "common_shares": 2903260,
            "book_valuer_per_share": 60.3,
            "book_valuer_per_share_4q_avg": 57.77,
            "equity": 17673072,
            "current_ratio": 250.44,
            "debt_ratio": 41.78,
            "inventory_turnover_ratio": 0.08,
            "account_receivable_turnover_ratio": 5.88,
            "reinvestment_rate": 1.67,
            "research_to_sale_ratio": null,
            "price_fair": 397.25,
            "eps_avg_yearly": 11.35,
            "eps_latest_yearly": 13.8,
            "eps_growth_yearly": 205.75
        },
        "20201": {
            "year_quarter": 20201,
            "year": 2020,
            "quarter": 1,
            "eps": 3.21,
            "eps_growth_year": -2.43,
            "eps_4q": 10.85,
            "eps_4q_growth_year": 30.54,
            "roe": 5.14,
            "roe_4q": 18.35,
            "gross_profit": 1040310,
            "gross_margin": 40.43,
            "gross_margin_4q_avg": 39.29,
            "net_income": 932873,
            "revenue": 2573106,
            "common_shares": 2903260,
            "book_valuer_per_share": 63.51,
            "book_valuer_per_share_4q_avg": 58.73,
            "equity": 18605945,
            "current_ratio": 290.07,
            "debt_ratio": 36.45,
            "inventory_turnover_ratio": 0.06,
            "account_receivable_turnover_ratio": 7.57,
            "reinvestment_rate": 1.78,
            "research_to_sale_ratio": null,
            "price_fair": 405.21,
            "eps_avg_yearly": 11.58,
            "eps_latest_yearly": 12.84,
            "eps_growth_yearly": 180.28
        },
        "20202": {
            "year_quarter": 20202,
            "year": 2020,
            "quarter": 2,
            "eps": 0.8,
            "eps_growth_year": -48.05,
            "eps_4q": 10.1,
            "eps_4q_growth_year": 13,
            "roe": 1.31,
            "roe_4q": 16.979999999999997,
            "gross_profit": 345978,
            "gross_margin": 35.67,
            "gross_margin_4q_avg": 38.9,
            "net_income": 233451,
            "revenue": 969838,
            "common_shares": 2903260,
            "book_valuer_per_share": 57.87,
            "book_valuer_per_share_4q_avg": 59.64,
            "equity": 16968806,
            "current_ratio": 220.2,
            "debt_ratio": 44.74,
            "inventory_turnover_ratio": 0.02,
            "account_receivable_turnover_ratio": 4.24,
            "reinvestment_rate": 1.04,
            "research_to_sale_ratio": null,
            "price_fair": 404.69,
            "eps_avg_yearly": 11.56,
            "eps_latest_yearly": 3.2,
            "eps_growth_yearly": 177.17
        },
        "20203": {
            "year_quarter": 20203,
            "year": 2020,
            "quarter": 3,
            "eps": 1.03,
            "eps_growth_year": -60.98,
            "eps_4q": 8.5,
            "eps_4q_growth_year": -10.02,
            "roe": 1.76,
            "roe_4q": 14.07,
            "gross_profit": 315275,
            "gross_margin": 32.18,
            "gross_margin_4q_avg": 35.86,
            "net_income": 300363,
            "revenue": 979775,
            "common_shares": 2903260,
            "book_valuer_per_share": 58.87,
            "book_valuer_per_share_4q_avg": 60.14,
            "equity": 17257946,
            "current_ratio": 201.93,
            "debt_ratio": 48.88,
            "inventory_turnover_ratio": 0.02,
            "account_receivable_turnover_ratio": 3.68,
            "reinvestment_rate": -7.43,
            "research_to_sale_ratio": null,
            "price_fair": 372.31,
            "eps_avg_yearly": 10.64,
            "eps_latest_yearly": 4.12,
            "eps_growth_yearly": 71.85
        },
        "20204": {
            "year_quarter": 20204,
            "year": 2020,
            "quarter": 4,
            "eps": 3.97,
            "eps_growth_year": 15.29,
            "eps_4q": 9.02,
            "eps_4q_growth_year": -17.41,
            "roe": 6.46,
            "roe_4q": 14.670000000000002,
            "gross_profit": 1271720,
            "gross_margin": 27.2,
            "gross_margin_4q_avg": 33.87,
            "net_income": 1153189,
            "revenue": 4674834,
            "common_shares": 2903260,
            "book_valuer_per_share": 62.9,
            "book_valuer_per_share_4q_avg": 60.79,
            "equity": 18429238,
            "current_ratio": 214.26,
            "debt_ratio": 45.92,
            "inventory_turnover_ratio": 0.12,
            "account_receivable_turnover_ratio": 20.58,
            "reinvestment_rate": -9.45,
            "research_to_sale_ratio": null,
            "price_fair": 391.56,
            "eps_avg_yearly": 11.19,
            "eps_latest_yearly": 15.88,
            "eps_growth_yearly": 158.86
        },
        "20211": {
            "year_quarter": 20211,
            "year": 2021,
            "quarter": 1,
            "eps": 0.74,
            "eps_growth_year": -76.95,
            "eps_4q": 6.55,
            "eps_4q_growth_year": -39.6,
            "roe": 1.16,
            "roe_4q": 10.690000000000001,
            "gross_profit": 265327,
            "gross_margin": 38.34,
            "gross_margin_4q_avg": 33.35,
            "net_income": 215042,
            "revenue": 692082,
            "common_shares": 2903260,
            "book_valuer_per_share": 63.68,
            "book_valuer_per_share_4q_avg": 60.83,
            "equity": 18654428,
            "current_ratio": 210.13,
            "debt_ratio": 46.78,
            "inventory_turnover_ratio": 0.01,
            "account_receivable_turnover_ratio": 3.4,
            "reinvestment_rate": 0.23,
            "research_to_sale_ratio": null,
            "price_fair": 378.53,
            "eps_avg_yearly": 10.82,
            "eps_latest_yearly": 2.96,
            "eps_growth_yearly": 132.02
        },
        "20212": {
            "year_quarter": 20212,
            "year": 2021,
            "quarter": 2,
            "eps": 0.06,
            "eps_growth_year": -92.5,
            "eps_4q": 5.81,
            "eps_4q_growth_year": -42.53,
            "roe": 0.09,
            "roe_4q": 9.47,
            "gross_profit": 49480,
            "gross_margin": 19.13,
            "gross_margin_4q_avg": 29.21,
            "net_income": 17313,
            "revenue": 258666,
            "common_shares": 2903260,
            "book_valuer_per_share": 63.75,
            "book_valuer_per_share_4q_avg": 62.3,
            "equity": 18675224,
            "current_ratio": 200.19,
            "debt_ratio": 49.36,
            "inventory_turnover_ratio": 0.01,
            "account_receivable_turnover_ratio": 1.55,
            "reinvestment_rate": -2.93,
            "research_to_sale_ratio": null,
            "price_fair": 361.46,
            "eps_avg_yearly": 10.33,
            "eps_latest_yearly": 0.24,
            "eps_growth_yearly": 111.51
        },
        "20213": {
            "year_quarter": 20213,
            "year": 2021,
            "quarter": 3,
            "eps": -0.03,
            "eps_growth_year": -102.91,
            "eps_4q": 4.74,
            "eps_4q_growth_year": -44.16,
            "roe": -0.05,
            "roe_4q": 7.66,
            "gross_profit": 94268,
            "gross_margin": 24.36,
            "gross_margin_4q_avg": 27.26,
            "net_income": -8378,
            "revenue": 386946,
            "common_shares": 2903260,
            "book_valuer_per_share": 58.68,
            "book_valuer_per_share_4q_avg": 62.25,
            "equity": 17204337,
            "current_ratio": 174.54,
            "debt_ratio": 56.54,
            "inventory_turnover_ratio": 0.01,
            "account_receivable_turnover_ratio": 2.36,
            "reinvestment_rate": -3.6,
            "research_to_sale_ratio": null,
            "price_fair": 367.27,
            "eps_avg_yearly": 10.49,
            "eps_latest_yearly": 0.24,
            "eps_growth_yearly": 119.61
        },
        "20214": {
            "year_quarter": 20214,
            "year": 2021,
            "quarter": 4,
            "eps": 3.64,
            "eps_growth_year": -8.43,
            "eps_4q": 4.41,
            "eps_4q_growth_year": -51.13,
            "roe": 5.95,
            "roe_4q": 7.15,
            "gross_profit": 1435659,
            "gross_margin": 40.88,
            "gross_margin_4q_avg": 30.68,
            "net_income": 1056203,
            "revenue": 3511747,
            "common_shares": 2903260,
            "book_valuer_per_share": 62.35,
            "book_valuer_per_share_4q_avg": 62.12,
            "equity": 18269097,
            "current_ratio": 175.38,
            "debt_ratio": 56.22,
            "inventory_turnover_ratio": 0.06,
            "account_receivable_turnover_ratio": 18.74,
            "reinvestment_rate": -4.35,
            "research_to_sale_ratio": null,
            "price_fair": 350.7,
            "eps_avg_yearly": 10.02,
            "eps_latest_yearly": 0.24,
            "eps_growth_yearly": 94.34
        },
        "20221": {
            "year_quarter": 20221,
            "year": 2022,
            "quarter": 1,
            "eps": 4.32,
            "eps_growth_year": 483.78,
            "eps_4q": 7.98,
            "eps_4q_growth_year": 21.88,
            "roe": 6.62,
            "roe_4q": 12.61,
            "gross_profit": 1639000,
            "gross_margin": 45.25,
            "gross_margin_4q_avg": 32.41,
            "net_income": 1252900,
            "revenue": 3621765,
            "common_shares": 2903260,
            "book_valuer_per_share": 66.84,
            "book_valuer_per_share_4q_avg": 62.91,
            "equity": 19571275,
            "current_ratio": 189.1,
            "debt_ratio": 52.4,
            "inventory_turnover_ratio": 0.05,
            "account_receivable_turnover_ratio": 17.27,
            "reinvestment_rate": -5.41,
            "research_to_sale_ratio": null,
            "price_fair": 300.6,
            "eps_avg_yearly": 8.59,
            "eps_latest_yearly": 17.28,
            "eps_growth_yearly": 65.96
        },
        "20222": {
            "year_quarter": 20222,
            "year": 2022,
            "quarter": 2,
            "eps": 1.49,
            "eps_growth_year": 2383.33,
            "eps_4q": 9.41,
            "eps_4q_growth_year": 62.07,
            "roe": 2.26,
            "roe_4q": 14.779999999999998,
            "gross_profit": 615868,
            "gross_margin": 41.6,
            "gross_margin_4q_avg": 38.02,
            "net_income": 431927,
            "revenue": 1480538,
            "common_shares": 2903260,
            "book_valuer_per_share": 63.91,
            "book_valuer_per_share_4q_avg": 62.95,
            "equity": 18722987,
            "current_ratio": 176.84,
            "debt_ratio": 56.14,
            "inventory_turnover_ratio": 0.02,
            "account_receivable_turnover_ratio": 8.12,
            "reinvestment_rate": -6.47,
            "research_to_sale_ratio": null,
            "price_fair": 306.4,
            "eps_avg_yearly": 8.75,
            "eps_latest_yearly": 5.96,
            "eps_growth_yearly": 73.03
        },
        "20223": {
            "year_quarter": 20223,
            "year": 2022,
            "quarter": 3,
            "eps": 0.99,
            "eps_growth_year": null,
            "eps_4q": 10.43,
            "eps_4q_growth_year": 119.91,
            "roe": 1.53,
            "roe_4q": 16.36,
            "gross_profit": 417239,
            "gross_margin": 43.02,
            "gross_margin_4q_avg": 42.69,
            "net_income": 288062,
            "revenue": 969767,
            "common_shares": 2903260,
            "book_valuer_per_share": 64.91,
            "book_valuer_per_share_4q_avg": 64.5,
            "equity": 19011050,
            "current_ratio": 173.16,
            "debt_ratio": 57.33,
            "inventory_turnover_ratio": 0.01,
            "account_receivable_turnover_ratio": 5.01,
            "reinvestment_rate": -0.99,
            "research_to_sale_ratio": null,
            "price_fair": 293.41,
            "eps_avg_yearly": 8.43,
            "eps_latest_yearly": 3.96,
            "eps_growth_yearly": 24.82
        },
        "20224": {
            "year_quarter": 20224,
            "year": 2022,
            "quarter": 4,
            "eps": 3.03,
            "eps_growth_year": -16.72,
            "eps_4q": 9.82,
            "eps_4q_growth_year": 122.8,
            "roe": 4.52,
            "roe_4q": 14.93,
            "gross_profit": 1153752,
            "gross_margin": 43.83,
            "gross_margin_4q_avg": 43.43,
            "net_income": 879476,
            "revenue": 2632340,
            "common_shares": 2903260,
            "book_valuer_per_share": 67.93,
            "book_valuer_per_share_4q_avg": 65.9,
            "equity": 19890525,
            "current_ratio": 173.59,
            "debt_ratio": 57.23,
            "inventory_turnover_ratio": 0.04,
            "account_receivable_turnover_ratio": 10.67,
            "reinvestment_rate": -1.64,
            "research_to_sale_ratio": null,
            "price_fair": 305.6,
            "eps_avg_yearly": 8.73,
            "eps_latest_yearly": 12.12,
            "eps_growth_yearly": 86.1
        },
        "20231": {
            "year_quarter": 20231,
            "year": 2023,
            "quarter": 1,
            "eps": 0.5,
            "eps_growth_year": -88.43,
            "eps_4q": 6.01,
            "eps_4q_growth_year": -24.78,
            "roe": 0.72,
            "roe_4q": 9.03,
            "gross_profit": 236171,
            "gross_margin": 36.54,
            "gross_margin_4q_avg": 41.25,
            "net_income": 144288,
            "revenue": 646312,
            "common_shares": 2903260,
            "book_valuer_per_share": 68.43,
            "book_valuer_per_share_4q_avg": 66.3,
            "equity": 20034813,
            "current_ratio": 173.84,
            "debt_ratio": 57.16,
            "inventory_turnover_ratio": 0.01,
            "account_receivable_turnover_ratio": 3.4,
            "reinvestment_rate": -2.05,
            "research_to_sale_ratio": null,
            "price_fair": 277.7,
            "eps_avg_yearly": 7.93,
            "eps_latest_yearly": 2,
            "eps_growth_yearly": 42.86
        }
    },
    "months": {
        "2002-03": {
            "month": "2002-03",
            "price": "12.52",
            "revenue": 113069
        },
        "2002-04": {
            "month": "2002-04",
            "price": "12.70",
            "revenue": 41769
        },
        "2002-05": {
            "month": "2002-05",
            "price": "12.49",
            "revenue": 20402
        },
        "2002-06": {
            "month": "2002-06",
            "price": "12.64",
            "revenue": 352984
        },
        "2002-07": {
            "month": "2002-07",
            "price": "12.08",
            "revenue": 111669
        },
        "2002-08": {
            "month": "2002-08",
            "price": "10.78",
            "revenue": 26297
        },
        "2002-09": {
            "month": "2002-09",
            "price": "12.31",
            "revenue": 47998
        },
        "2002-10": {
            "month": "2002-10",
            "price": "10.71",
            "revenue": 2419
        },
        "2002-11": {
            "month": "2002-11",
            "price": "10.78",
            "revenue": 183655
        },
        "2002-12": {
            "month": "2002-12",
            "price": "11.01",
            "revenue": 80973
        },
        "2003-01": {
            "month": "2003-01",
            "price": "11.14",
            "revenue": 2521
        },
        "2003-02": {
            "month": "2003-02",
            "price": "10.46",
            "revenue": 19436
        },
        "2003-03": {
            "month": "2003-03",
            "price": "10.33",
            "revenue": 40962
        },
        "2003-04": {
            "month": "2003-04",
            "price": "10.44",
            "revenue": 14774
        },
        "2003-05": {
            "month": "2003-05",
            "price": "10.59",
            "revenue": 95340
        },
        "2003-06": {
            "month": "2003-06",
            "price": "10.95",
            "revenue": 2551
        },
        "2003-07": {
            "month": "2003-07",
            "price": "11.59",
            "revenue": 8890
        },
        "2003-08": {
            "month": "2003-08",
            "price": "11.37",
            "revenue": 224710
        },
        "2003-09": {
            "month": "2003-09",
            "price": "11.58",
            "revenue": 243971
        },
        "2003-10": {
            "month": "2003-10",
            "price": "15.22",
            "revenue": 115932
        },
        "2003-11": {
            "month": "2003-11",
            "price": "19.54",
            "revenue": 30808
        },
        "2003-12": {
            "month": "2003-12",
            "price": "17.71",
            "revenue": 283343
        },
        "2004-01": {
            "month": "2004-01",
            "price": "26.75",
            "revenue": 62779
        },
        "2004-02": {
            "month": "2004-02",
            "price": "33.36",
            "revenue": 93721
        },
        "2004-03": {
            "month": "2004-03",
            "price": "34.57",
            "revenue": 170801
        },
        "2004-04": {
            "month": "2004-04",
            "price": "31.16",
            "revenue": 277585
        },
        "2004-05": {
            "month": "2004-05",
            "price": "32.83",
            "revenue": 270982
        },
        "2004-06": {
            "month": "2004-06",
            "price": "31.05",
            "revenue": 243565
        },
        "2004-07": {
            "month": "2004-07",
            "price": "30.43",
            "revenue": 120652
        },
        "2004-08": {
            "month": "2004-08",
            "price": "30.76",
            "revenue": 110874
        },
        "2004-09": {
            "month": "2004-09",
            "price": "37.63",
            "revenue": 146220
        },
        "2004-10": {
            "month": "2004-10",
            "price": "38.07",
            "revenue": 212904
        },
        "2004-11": {
            "month": "2004-11",
            "price": "36.16",
            "revenue": 174123
        },
        "2004-12": {
            "month": "2004-12",
            "price": "41.61",
            "revenue": 124525
        },
        "2005-01": {
            "month": "2005-01",
            "price": "43.13",
            "revenue": 77173
        },
        "2005-02": {
            "month": "2005-02",
            "price": "42.37",
            "revenue": 217019
        },
        "2005-03": {
            "month": "2005-03",
            "price": "41.89",
            "revenue": 501711
        },
        "2005-04": {
            "month": "2005-04",
            "price": "36.82",
            "revenue": 127062
        },
        "2005-05": {
            "month": "2005-05",
            "price": "37.88",
            "revenue": 163564
        },
        "2005-06": {
            "month": "2005-06",
            "price": "39.32",
            "revenue": 121663
        },
        "2005-07": {
            "month": "2005-07",
            "price": "37.95",
            "revenue": 243427
        },
        "2005-08": {
            "month": "2005-08",
            "price": "36.45",
            "revenue": 150534
        },
        "2005-09": {
            "month": "2005-09",
            "price": "33.05",
            "revenue": 141329
        },
        "2005-10": {
            "month": "2005-10",
            "price": "31.96",
            "revenue": 228286
        },
        "2005-11": {
            "month": "2005-11",
            "price": "30.43",
            "revenue": 267137
        },
        "2005-12": {
            "month": "2005-12",
            "price": "32.38",
            "revenue": 196041
        },
        "2006-01": {
            "month": "2006-01",
            "price": "35.21",
            "revenue": 278592
        },
        "2006-02": {
            "month": "2006-02",
            "price": "35.69",
            "revenue": 292882
        },
        "2006-03": {
            "month": "2006-03",
            "price": "35.65",
            "revenue": 291706
        },
        "2006-04": {
            "month": "2006-04",
            "price": "47.51",
            "revenue": 285263
        },
        "2006-05": {
            "month": "2006-05",
            "price": "73.91",
            "revenue": 318113
        },
        "2006-06": {
            "month": "2006-06",
            "price": "82.86",
            "revenue": 252387
        },
        "2006-07": {
            "month": "2006-07",
            "price": "95.01",
            "revenue": 311051
        },
        "2006-08": {
            "month": "2006-08",
            "price": "89.71",
            "revenue": 289541
        },
        "2006-09": {
            "month": "2006-09",
            "price": "85.69",
            "revenue": 251896
        },
        "2006-10": {
            "month": "2006-10",
            "price": "92.14",
            "revenue": 183578
        },
        "2006-11": {
            "month": "2006-11",
            "price": "91.34",
            "revenue": 183170
        },
        "2006-12": {
            "month": "2006-12",
            "price": "89.71",
            "revenue": 577656
        },
        "2007-01": {
            "month": "2007-01",
            "price": "75.60",
            "revenue": 232736
        },
        "2007-02": {
            "month": "2007-02",
            "price": "71.57",
            "revenue": 197066
        },
        "2007-03": {
            "month": "2007-03",
            "price": "67.76",
            "revenue": 270471
        },
        "2007-04": {
            "month": "2007-04",
            "price": "63.92",
            "revenue": 1334909
        },
        "2007-05": {
            "month": "2007-05",
            "price": "67.07",
            "revenue": 458582
        },
        "2007-06": {
            "month": "2007-06",
            "price": "70.16",
            "revenue": 488405
        },
        "2007-07": {
            "month": "2007-07",
            "price": "79.47",
            "revenue": 547726
        },
        "2007-08": {
            "month": "2007-08",
            "price": "65.01",
            "revenue": 426165
        },
        "2007-09": {
            "month": "2007-09",
            "price": "64.65",
            "revenue": 296768
        },
        "2007-10": {
            "month": "2007-10",
            "price": "60.77",
            "revenue": 273858
        },
        "2007-11": {
            "month": "2007-11",
            "price": "61.54",
            "revenue": 117020
        },
        "2007-12": {
            "month": "2007-12",
            "price": "52.67",
            "revenue": 263532
        },
        "2008-01": {
            "month": "2008-01",
            "price": "70.62",
            "revenue": 292807
        },
        "2008-02": {
            "month": "2008-02",
            "price": "85.35",
            "revenue": 170120
        },
        "2008-03": {
            "month": "2008-03",
            "price": "85.80",
            "revenue": 95702
        },
        "2008-04": {
            "month": "2008-04",
            "price": "95.69",
            "revenue": 941715
        },
        "2008-05": {
            "month": "2008-05",
            "price": "92.74",
            "revenue": 385478
        },
        "2008-06": {
            "month": "2008-06",
            "price": "82.73",
            "revenue": 435658
        },
        "2008-07": {
            "month": "2008-07",
            "price": "67.90",
            "revenue": 263730
        },
        "2008-08": {
            "month": "2008-08",
            "price": "52.71",
            "revenue": 190619
        },
        "2008-09": {
            "month": "2008-09",
            "price": "36.33",
            "revenue": 194495
        },
        "2008-10": {
            "month": "2008-10",
            "price": "22.39",
            "revenue": 358250
        },
        "2008-11": {
            "month": "2008-11",
            "price": "22.01",
            "revenue": 183988
        },
        "2008-12": {
            "month": "2008-12",
            "price": "24.13",
            "revenue": 638625
        },
        "2009-01": {
            "month": "2009-01",
            "price": "27.13",
            "revenue": 398030
        },
        "2009-02": {
            "month": "2009-02",
            "price": "24.67",
            "revenue": 521592
        },
        "2009-03": {
            "month": "2009-03",
            "price": "31.15",
            "revenue": 139010
        },
        "2009-04": {
            "month": "2009-04",
            "price": "42.26",
            "revenue": 181169
        },
        "2009-05": {
            "month": "2009-05",
            "price": "64.26",
            "revenue": 108681
        },
        "2009-06": {
            "month": "2009-06",
            "price": "72.57",
            "revenue": 110102
        },
        "2009-07": {
            "month": "2009-07",
            "price": "74.43",
            "revenue": 206229
        },
        "2009-08": {
            "month": "2009-08",
            "price": "57.70",
            "revenue": 395584
        },
        "2009-09": {
            "month": "2009-09",
            "price": "63.74",
            "revenue": 530327
        },
        "2009-10": {
            "month": "2009-10",
            "price": "69.08",
            "revenue": 443877
        },
        "2009-11": {
            "month": "2009-11",
            "price": "62.99",
            "revenue": 221464
        },
        "2009-12": {
            "month": "2009-12",
            "price": "64.80",
            "revenue": 565837
        },
        "2010-01": {
            "month": "2010-01",
            "price": "67.58",
            "revenue": 846592
        },
        "2010-02": {
            "month": "2010-02",
            "price": "57.39",
            "revenue": 501121
        },
        "2010-03": {
            "month": "2010-03",
            "price": "58.11",
            "revenue": 220170
        },
        "2010-04": {
            "month": "2010-04",
            "price": "64.30",
            "revenue": 469758
        },
        "2010-05": {
            "month": "2010-05",
            "price": "59.91",
            "revenue": 832629
        },
        "2010-06": {
            "month": "2010-06",
            "price": "59.56",
            "revenue": 695954
        },
        "2010-07": {
            "month": "2010-07",
            "price": "61.15",
            "revenue": 460837
        },
        "2010-08": {
            "month": "2010-08",
            "price": "69.55",
            "revenue": 887270
        },
        "2010-09": {
            "month": "2010-09",
            "price": "74.68",
            "revenue": 780798
        },
        "2010-10": {
            "month": "2010-10",
            "price": "75.09",
            "revenue": 297420
        },
        "2010-11": {
            "month": "2010-11",
            "price": "82.02",
            "revenue": 271009
        },
        "2010-12": {
            "month": "2010-12",
            "price": "82.28",
            "revenue": 328021
        },
        "2011-01": {
            "month": "2011-01",
            "price": "81.23",
            "revenue": 766066
        },
        "2011-02": {
            "month": "2011-02",
            "price": "77.42",
            "revenue": 532204
        },
        "2011-03": {
            "month": "2011-03",
            "price": "65.95",
            "revenue": 896150
        },
        "2011-04": {
            "month": "2011-04",
            "price": "69.42",
            "revenue": 270140
        },
        "2011-05": {
            "month": "2011-05",
            "price": "72.37",
            "revenue": 240218
        },
        "2011-06": {
            "month": "2011-06",
            "price": "74.71",
            "revenue": 203124
        },
        "2011-07": {
            "month": "2011-07",
            "price": "88.48",
            "revenue": 366826
        },
        "2011-08": {
            "month": "2011-08",
            "price": "78.29",
            "revenue": 124147
        },
        "2011-09": {
            "month": "2011-09",
            "price": "67.46",
            "revenue": 195406
        },
        "2011-10": {
            "month": "2011-10",
            "price": "66.16",
            "revenue": 134273
        },
        "2011-11": {
            "month": "2011-11",
            "price": "65.16",
            "revenue": 593712
        },
        "2011-12": {
            "month": "2011-12",
            "price": "50.78",
            "revenue": 696137
        },
        "2012-01": {
            "month": "2012-01",
            "price": "53.62",
            "revenue": 56759
        },
        "2012-02": {
            "month": "2012-02",
            "price": "63.00",
            "revenue": 24832
        },
        "2012-03": {
            "month": "2012-03",
            "price": "67.04",
            "revenue": 328052
        },
        "2012-04": {
            "month": "2012-04",
            "price": "63.46",
            "revenue": 56095
        },
        "2012-05": {
            "month": "2012-05",
            "price": "59.74",
            "revenue": 52384
        },
        "2012-06": {
            "month": "2012-06",
            "price": "59.36",
            "revenue": 26997
        },
        "2012-07": {
            "month": "2012-07",
            "price": "65.75",
            "revenue": 3537271
        },
        "2012-08": {
            "month": "2012-08",
            "price": "69.97",
            "revenue": 304121
        },
        "2012-09": {
            "month": "2012-09",
            "price": "76.85",
            "revenue": 370195
        },
        "2012-10": {
            "month": "2012-10",
            "price": "71.67",
            "revenue": 788116
        },
        "2012-11": {
            "month": "2012-11",
            "price": "74.15",
            "revenue": 512517
        },
        "2012-12": {
            "month": "2012-12",
            "price": "80.57",
            "revenue": 3834534
        },
        "2013-01": {
            "month": "2013-01",
            "price": "93.29",
            "revenue": 6991195
        },
        "2013-02": {
            "month": "2013-02",
            "price": "100.93",
            "revenue": 2097
        },
        "2013-03": {
            "month": "2013-03",
            "price": "96.13",
            "revenue": 2003
        },
        "2013-04": {
            "month": "2013-04",
            "price": "100.90",
            "revenue": 6784
        },
        "2013-05": {
            "month": "2013-05",
            "price": "109.34",
            "revenue": 66091
        },
        "2013-06": {
            "month": "2013-06",
            "price": "108.87",
            "revenue": 2032
        },
        "2013-07": {
            "month": "2013-07",
            "price": "116.67",
            "revenue": 126218
        },
        "2013-08": {
            "month": "2013-08",
            "price": "110.81",
            "revenue": 140043
        },
        "2013-09": {
            "month": "2013-09",
            "price": "101.32",
            "revenue": 216196
        },
        "2013-10": {
            "month": "2013-10",
            "price": "99.00",
            "revenue": 5160
        },
        "2013-11": {
            "month": "2013-11",
            "price": "95.74",
            "revenue": 269491
        },
        "2013-12": {
            "month": "2013-12",
            "price": "92.48",
            "revenue": 368333
        },
        "2014-01": {
            "month": "2014-01",
            "price": "83.21",
            "revenue": 18171
        },
        "2014-02": {
            "month": "2014-02",
            "price": "84.19",
            "revenue": 3353
        },
        "2014-03": {
            "month": "2014-03",
            "price": "85.53",
            "revenue": 30524
        },
        "2014-04": {
            "month": "2014-04",
            "price": "90.14",
            "revenue": 623827
        },
        "2014-05": {
            "month": "2014-05",
            "price": "84.37",
            "revenue": 311575
        },
        "2014-06": {
            "month": "2014-06",
            "price": "81.16",
            "revenue": 98617
        },
        "2014-07": {
            "month": "2014-07",
            "price": "79.05",
            "revenue": 187636
        },
        "2014-08": {
            "month": "2014-08",
            "price": "79.97",
            "revenue": 75329
        },
        "2014-09": {
            "month": "2014-09",
            "price": "77.82",
            "revenue": 932625
        },
        "2014-10": {
            "month": "2014-10",
            "price": "65.39",
            "revenue": 1198104
        },
        "2014-11": {
            "month": "2014-11",
            "price": "64.30",
            "revenue": 715994
        },
        "2014-12": {
            "month": "2014-12",
            "price": "68.60",
            "revenue": 1013136
        },
        "2015-01": {
            "month": "2015-01",
            "price": "66.24",
            "revenue": 157663
        },
        "2015-02": {
            "month": "2015-02",
            "price": "63.47",
            "revenue": 117094
        },
        "2015-03": {
            "month": "2015-03",
            "price": "63.59",
            "revenue": 61683
        },
        "2015-04": {
            "month": "2015-04",
            "price": "66.63",
            "revenue": 55181
        },
        "2015-05": {
            "month": "2015-05",
            "price": "67.30",
            "revenue": 218833
        },
        "2015-06": {
            "month": "2015-06",
            "price": "69.47",
            "revenue": 204012
        },
        "2015-07": {
            "month": "2015-07",
            "price": "62.00",
            "revenue": 220570
        },
        "2015-08": {
            "month": "2015-08",
            "price": "51.77",
            "revenue": 503923
        },
        "2015-09": {
            "month": "2015-09",
            "price": "45.72",
            "revenue": 284338
        },
        "2015-10": {
            "month": "2015-10",
            "price": "45.22",
            "revenue": 84032
        },
        "2015-11": {
            "month": "2015-11",
            "price": "44.10",
            "revenue": 654458
        },
        "2015-12": {
            "month": "2015-12",
            "price": "44.81",
            "revenue": 555616
        },
        "2016-01": {
            "month": "2016-01",
            "price": "42.65",
            "revenue": 2657855
        },
        "2016-02": {
            "month": "2016-02",
            "price": "42.90",
            "revenue": 49882
        },
        "2016-03": {
            "month": "2016-03",
            "price": "46.29",
            "revenue": 182814
        },
        "2016-04": {
            "month": "2016-04",
            "price": "51.62",
            "revenue": 364992
        },
        "2016-05": {
            "month": "2016-05",
            "price": "50.89",
            "revenue": 266276
        },
        "2016-06": {
            "month": "2016-06",
            "price": "57.91",
            "revenue": 222316
        },
        "2016-07": {
            "month": "2016-07",
            "price": "60.37",
            "revenue": 356119
        },
        "2016-08": {
            "month": "2016-08",
            "price": "57.30",
            "revenue": 290595
        },
        "2016-09": {
            "month": "2016-09",
            "price": "52.97",
            "revenue": 112901
        },
        "2016-10": {
            "month": "2016-10",
            "price": "51.66",
            "revenue": 239684
        },
        "2016-11": {
            "month": "2016-11",
            "price": "55.32",
            "revenue": 168127
        },
        "2016-12": {
            "month": "2016-12",
            "price": "63.42",
            "revenue": 276884
        },
        "2017-01": {
            "month": "2017-01",
            "price": "63.92",
            "revenue": 289829
        },
        "2017-02": {
            "month": "2017-02",
            "price": "72.17",
            "revenue": 325809
        },
        "2017-03": {
            "month": "2017-03",
            "price": "71.01",
            "revenue": 429409
        },
        "2017-04": {
            "month": "2017-04",
            "price": "70.98",
            "revenue": 634497
        },
        "2017-05": {
            "month": "2017-05",
            "price": "69.62",
            "revenue": 382682
        },
        "2017-06": {
            "month": "2017-06",
            "price": "68.84",
            "revenue": 487516
        },
        "2017-07": {
            "month": "2017-07",
            "price": "70.56",
            "revenue": 373386
        },
        "2017-08": {
            "month": "2017-08",
            "price": "70.33",
            "revenue": 668713
        },
        "2017-09": {
            "month": "2017-09",
            "price": "68.70",
            "revenue": 348504
        },
        "2017-10": {
            "month": "2017-10",
            "price": "71.76",
            "revenue": 245444
        },
        "2017-11": {
            "month": "2017-11",
            "price": "77.06",
            "revenue": 369129
        },
        "2017-12": {
            "month": "2017-12",
            "price": "74.39",
            "revenue": 2397869
        },
        "2018-01": {
            "month": "2018-01",
            "price": "86.73",
            "revenue": 230822
        },
        "2018-02": {
            "month": "2018-02",
            "price": "83.05",
            "revenue": 124136
        },
        "2018-03": {
            "month": "2018-03",
            "price": "83.57",
            "revenue": 6702367
        },
        "2018-04": {
            "month": "2018-04",
            "price": "85.87",
            "revenue": 662606
        },
        "2018-05": {
            "month": "2018-05",
            "price": "88.50",
            "revenue": 832149
        },
        "2018-06": {
            "month": "2018-06",
            "price": "94.97",
            "revenue": 500804
        },
        "2018-07": {
            "month": "2018-07",
            "price": "92.13",
            "revenue": 561315
        },
        "2018-08": {
            "month": "2018-08",
            "price": "87.78",
            "revenue": 331876
        },
        "2018-09": {
            "month": "2018-09",
            "price": "77.53",
            "revenue": 720841
        },
        "2018-10": {
            "month": "2018-10",
            "price": "73.13",
            "revenue": 782844
        },
        "2018-11": {
            "month": "2018-11",
            "price": "75.61",
            "revenue": 350017
        },
        "2018-12": {
            "month": "2018-12",
            "price": "77.57",
            "revenue": 383949
        },
        "2019-01": {
            "month": "2019-01",
            "price": "80.81",
            "revenue": 1052650
        },
        "2019-02": {
            "month": "2019-02",
            "price": "85.65",
            "revenue": 998054
        },
        "2019-03": {
            "month": "2019-03",
            "price": "87.81",
            "revenue": 727674
        },
        "2019-04": {
            "month": "2019-04",
            "price": "87.26",
            "revenue": 412782
        },
        "2019-05": {
            "month": "2019-05",
            "price": "86.94",
            "revenue": 497159
        },
        "2019-06": {
            "month": "2019-06",
            "price": "89.27",
            "revenue": 752481
        },
        "2019-07": {
            "month": "2019-07",
            "price": "89.01",
            "revenue": 936044
        },
        "2019-08": {
            "month": "2019-08",
            "price": "86.55",
            "revenue": 426659
        },
        "2019-09": {
            "month": "2019-09",
            "price": "80.22",
            "revenue": 639693
        },
        "2019-10": {
            "month": "2019-10",
            "price": "80.66",
            "revenue": 967588
        },
        "2019-11": {
            "month": "2019-11",
            "price": "82.17",
            "revenue": 914004
        },
        "2019-12": {
            "month": "2019-12",
            "price": "81.56",
            "revenue": 1263191
        },
        "2020-01": {
            "month": "2020-01",
            "price": "82.98",
            "revenue": 1017578
        },
        "2020-02": {
            "month": "2020-02",
            "price": "82.42",
            "revenue": 608059
        },
        "2020-03": {
            "month": "2020-03",
            "price": "73.71",
            "revenue": 962285
        },
        "2020-04": {
            "month": "2020-04",
            "price": "76.96",
            "revenue": 415474
        },
        "2020-05": {
            "month": "2020-05",
            "price": "82.48",
            "revenue": 287037
        },
        "2020-06": {
            "month": "2020-06",
            "price": "87.66",
            "revenue": 292651
        },
        "2020-07": {
            "month": "2020-07",
            "price": "89.07",
            "revenue": 379793
        },
        "2020-08": {
            "month": "2020-08",
            "price": "89.56",
            "revenue": 398675
        },
        "2020-09": {
            "month": "2020-09",
            "price": "81.18",
            "revenue": 233567
        },
        "2020-10": {
            "month": "2020-10",
            "price": "80.04",
            "revenue": 2441066
        },
        "2020-11": {
            "month": "2020-11",
            "price": "81.10",
            "revenue": 1953497
        },
        "2020-12": {
            "month": "2020-12",
            "price": "80.92",
            "revenue": 316367
        },
        "2021-01": {
            "month": "2021-01",
            "price": "80.08",
            "revenue": 537780
        },
        "2021-02": {
            "month": "2021-02",
            "price": "80.51",
            "revenue": 121677
        },
        "2021-03": {
            "month": "2021-03",
            "price": "83.38",
            "revenue": 65680
        },
        "2021-04": {
            "month": "2021-04",
            "price": "82.68",
            "revenue": 102563
        },
        "2021-05": {
            "month": "2021-05",
            "price": "79.31",
            "revenue": 138630
        },
        "2021-06": {
            "month": "2021-06",
            "price": "78.61",
            "revenue": 97583
        },
        "2021-07": {
            "month": "2021-07",
            "price": "79.52",
            "revenue": 95221
        },
        "2021-08": {
            "month": "2021-08",
            "price": "79.53",
            "revenue": 163096
        },
        "2021-09": {
            "month": "2021-09",
            "price": "79.45",
            "revenue": 127056
        },
        "2021-10": {
            "month": "2021-10",
            "price": "74.73",
            "revenue": 149195
        },
        "2021-11": {
            "month": "2021-11",
            "price": "74.14",
            "revenue": 364366
        },
        "2021-12": {
            "month": "2021-12",
            "price": "72.39",
            "revenue": 2997256
        },
        "2022-01": {
            "month": "2022-01",
            "price": "72.77",
            "revenue": 2827488
        },
        "2022-02": {
            "month": "2022-02",
            "price": "75.61",
            "revenue": 149433
        },
        "2022-03": {
            "month": "2022-03",
            "price": "74.38",
            "revenue": 626615
        },
        "2022-04": {
            "month": "2022-04",
            "price": "73.05",
            "revenue": 512140
        },
        "2022-05": {
            "month": "2022-05",
            "price": "73.24",
            "revenue": 266282
        },
        "2022-06": {
            "month": "2022-06",
            "price": "74.09",
            "revenue": 722332
        },
        "2022-07": {
            "month": "2022-07",
            "price": "72.08",
            "revenue": 375411
        },
        "2022-08": {
            "month": "2022-08",
            "price": "75.88",
            "revenue": 246587
        },
        "2022-09": {
            "month": "2022-09",
            "price": "74.07",
            "revenue": 347787
        },
        "2022-10": {
            "month": "2022-10",
            "price": "71.68",
            "revenue": 91096
        },
        "2022-11": {
            "month": "2022-11",
            "price": "71.30",
            "revenue": 1064667
        },
        "2022-12": {
            "month": "2022-12",
            "price": "72.12",
            "revenue": 1500833
        },
        "2023-01": {
            "month": "2023-01",
            "price": "73.56",
            "revenue": 139990
        },
        "2023-02": {
            "month": "2023-02",
            "price": "74.75",
            "revenue": 80592
        },
        "2023-03": {
            "month": "2023-03",
            "price": "76.98",
            "revenue": 425730
        },
        "2023-04": {
            "month": "2023-04",
            "price": "79.56",
            "revenue": 141224
        }
    }
}
