{
    "summary": {
        "stock_name": "聖暉*",
        "stock_id": "5536",
        "category": "其他電子",
        "main_business": "電子及生技醫藥等高科技產業無塵室機電.製程設施之設計與建造<br>節能技術服務<br>機電空調系統整合",
        "website_url": "http://www.acter.com.tw",
        "ceo": "賴銘崑&王俊盛",
        "pe_ratio": 11,
        "report_year_from": 2008,
        "report_year_to": 2023,
        "age": 16,
        "eps_negative_percentage": 0,
        "eps_growth_avg": {
            "last_all": 10.27,
            "last_2y": 2.61,
            "last_4y": -3.79,
            "last_8y": 22.23,
            "last_12y": 6.38,
            "last_16y": null,
            "last_20y": null,
            "at_2006_last_3y": null,
            "at_2007_last_3y": null,
            "at_2008_last_3y": null,
            "at_2009_last_3y": null,
            "at_2010_last_3y": null,
            "at_2011_last_3y": null,
            "at_2012_last_3y": null,
            "at_2013_last_3y": 7.18,
            "at_2014_last_3y": -29.3,
            "at_2015_last_3y": 2.54,
            "at_2016_last_3y": 4.39,
            "at_2017_last_3y": 28.68,
            "at_2018_last_3y": 54.76,
            "at_2019_last_3y": 26.84,
            "at_2020_last_3y": 21.64,
            "at_2021_last_3y": 4.48,
            "at_2022_last_3y": 6.94,
            "at_2023_last_3y": -1.81,
            "at_2024_last_3y": -1.81,
            "at_2006_last_all": null,
            "at_2007_last_all": null,
            "at_2008_last_all": null,
            "at_2009_last_all": null,
            "at_2010_last_all": null,
            "at_2011_last_all": 16.74,
            "at_2012_last_all": 10.58,
            "at_2013_last_all": 7.18,
            "at_2014_last_all": -11.27,
            "at_2015_last_all": 7.27,
            "at_2016_last_all": 7.04,
            "at_2017_last_all": 17.93,
            "at_2018_last_all": 18.07,
            "at_2019_last_all": 15.1,
            "at_2020_last_all": 12.35,
            "at_2021_last_all": 13.45,
            "at_2022_last_all": 14.65,
            "at_2023_last_all": 10.27,
            "at_2024_last_all": 10.27
        },
        "latest_eps": 16.67,
        "latest_price": 181,
        "latest_roe": 23.62,
        "latest_gross_margin": 19.15,
        "latest_equity": 12861918,
        "latest_revenue": 6463080,
        "latest_gross_profit": 1237725,
        "latest_net_income": 670971,
        "latest_debt_ratio": 52.05,
        "latest_current_ratio": 194.57,
        "latest_account_receivable_turnover_ratio": 0.97,
        "latest_inventory_turnover_ratio": 2.73,
        "latest_reinvestment_rate": 5.21,
        "latest_research_to_sale_ratio": 1.22
    },
    "eps_dividends": {
        "2001": {
            "cash": 0,
            "stock": 0,
            "eps": 0
        },
        "2002": {
            "cash": 0,
            "stock": 0,
            "eps": 0
        },
        "2003": {
            "cash": 0,
            "stock": 0,
            "eps": 0
        },
        "2004": {
            "cash": 0,
            "stock": 0,
            "eps": 0
        },
        "2005": {
            "cash": 0,
            "stock": 0,
            "eps": 0
        },
        "2006": {
            "cash": 0,
            "stock": 0,
            "eps": 0
        },
        "2007": {
            "cash": 0,
            "stock": 0,
            "eps": 0
        },
        "2008": {
            "cash": 0,
            "stock": 0,
            "eps": 0
        },
        "2009": {
            "cash": 3,
            "stock": 0,
            "eps": 7.84
        },
        "2010": {
            "cash": 4.5,
            "stock": 0.5,
            "eps": 12.61
        },
        "2011": {
            "cash": 10,
            "stock": 0,
            "eps": 9.16
        },
        "2012": {
            "cash": 10,
            "stock": 0,
            "eps": 9
        },
        "2013": {
            "cash": 10,
            "stock": 0,
            "eps": 8.73
        },
        "2014": {
            "cash": 10,
            "stock": 0,
            "eps": 1.3
        },
        "2015": {
            "cash": 2,
            "stock": 0,
            "eps": 7.76
        },
        "2016": {
            "cash": 6,
            "stock": 0,
            "eps": 8.2
        },
        "2017": {
            "cash": 8,
            "stock": 0,
            "eps": 15.92
        },
        "2018": {
            "cash": 13,
            "stock": 1.5,
            "eps": 18.98
        },
        "2019": {
            "cash": 15,
            "stock": 0,
            "eps": 16.76
        },
        "2020": {
            "cash": 15,
            "stock": 0,
            "eps": 14.23
        },
        "2021": {
            "cash": 12,
            "stock": 0,
            "eps": 17.86
        },
        "2022": {
            "cash": 15,
            "stock": 0,
            "eps": 23.05
        },
        "2023": {
            "cash": 12,
            "stock": 0,
            "eps": 12.28
        },
        "2024": {
            "cash": 4.5,
            "stock": 0,
            "eps": 0
        }
    },
    "dividends": {
        "2009-06-16": {
            "cash": 3,
            "stock": 0
        },
        "2010-03-16": {
            "cash": 4.5,
            "stock": 0.5
        },
        "2011-03-25": {
            "cash": 10,
            "stock": 0
        },
        "2012-06-18": {
            "cash": 10,
            "stock": 0
        },
        "2013-06-19": {
            "cash": 10,
            "stock": 0
        },
        "2014-06-18": {
            "cash": 10,
            "stock": 0
        },
        "2015-07-17": {
            "cash": 2,
            "stock": 0
        },
        "2016-09-14": {
            "cash": 6,
            "stock": 0
        },
        "2017-07-07": {
            "cash": 8,
            "stock": 0
        },
        "2018-07-18": {
            "cash": 13,
            "stock": 1.5
        },
        "2019-07-17": {
            "cash": 15,
            "stock": 0
        },
        "2020-07-24": {
            "cash": 15,
            "stock": 0
        },
        "2021-07-23": {
            "cash": 12,
            "stock": 0
        },
        "2022-07-22": {
            "cash": 15,
            "stock": 0
        },
        "2023-02-24": {
            "cash": 3.5,
            "stock": 0
        },
        "2023-07-27": {
            "cash": 8.5,
            "stock": 0
        },
        "2024-02-02": {
            "cash": 4.5,
            "stock": 0
        }
    },
    "prices": {
        "200101": "無",
        "200102": "無",
        "200103": "無",
        "200104": "無",
        "200105": "無",
        "200106": "無",
        "200107": "無",
        "200108": "無",
        "200109": "無",
        "200110": "無",
        "200111": "無",
        "200112": "無",
        "200201": "無",
        "200202": "無",
        "200203": "無",
        "200204": "無",
        "200205": "無",
        "200206": "無",
        "200207": "無",
        "200208": "無",
        "200209": "無",
        "200210": "無",
        "200211": "無",
        "200212": "無",
        "200301": "無",
        "200302": "無",
        "200303": "無",
        "200304": "無",
        "200305": "無",
        "200306": "無",
        "200307": "無",
        "200308": "無",
        "200309": "無",
        "200310": "無",
        "200311": "無",
        "200312": "無",
        "200401": "無",
        "200402": "無",
        "200403": "無",
        "200404": "無",
        "200405": "無",
        "200406": "無",
        "200407": "無",
        "200408": "無",
        "200409": "無",
        "200410": "無",
        "200411": "無",
        "200412": "無",
        "200501": "無",
        "200502": "無",
        "200503": "無",
        "200504": "無",
        "200505": "無",
        "200506": "無",
        "200507": "無",
        "200508": "無",
        "200509": "無",
        "200510": "無",
        "200511": "無",
        "200512": "無",
        "200601": "無",
        "200602": "無",
        "200603": "無",
        "200604": "無",
        "200605": "無",
        "200606": "無",
        "200607": "無",
        "200608": "無",
        "200609": "無",
        "200610": "無",
        "200611": "無",
        "200612": "無",
        "200701": "無",
        "200702": "無",
        "200703": "無",
        "200704": "無",
        "200705": "無",
        "200706": "無",
        "200707": "無",
        "200708": "無",
        "200709": "無",
        "200710": "無",
        "200711": "無",
        "200712": "無",
        "200801": "無",
        "200802": "無",
        "200803": "無",
        "200804": "無",
        "200805": "無",
        "200806": "無",
        "200807": "無",
        "200808": "無",
        "200809": "無",
        "200810": "無",
        "200811": "無",
        "200812": "無",
        "200901": "無",
        "200902": "無",
        "200903": "無",
        "200904": "無",
        "200905": "無",
        "200906": "無",
        "200907": "無",
        "200908": "無",
        "200909": "無",
        "200910": "無",
        "200911": "55.17",
        "200912": "52.08",
        "201001": "55.63",
        "201002": "56.67",
        "201003": "63.85",
        "201004": "75.96",
        "201005": "92.97",
        "201006": "94.60",
        "201007": "96.92",
        "201008": "101.25",
        "201009": "110.30",
        "201010": "108.62",
        "201011": "119.07",
        "201012": "147.11",
        "201101": "164.00",
        "201102": "145.14",
        "201103": "158.39",
        "201104": "168.53",
        "201105": "169.81",
        "201106": "176.98",
        "201107": "168.43",
        "201108": "141.85",
        "201109": "123.83",
        "201110": "116.95",
        "201111": "106.26",
        "201112": "94.92",
        "201201": "102.29",
        "201202": "116.92",
        "201203": "135.50",
        "201204": "122.62",
        "201205": "122.07",
        "201206": "121.12",
        "201207": "121.18",
        "201208": "112.32",
        "201209": "114.28",
        "201210": "110.75",
        "201211": "105.82",
        "201212": "123.52",
        "201301": "127.89",
        "201302": "132.65",
        "201303": "147.67",
        "201304": "142.78",
        "201305": "138.48",
        "201306": "129.79",
        "201307": "123.30",
        "201308": "118.67",
        "201309": "117.92",
        "201310": "122.66",
        "201311": "121.62",
        "201312": "121.27",
        "201401": "121.33",
        "201402": "120.00",
        "201403": "124.93",
        "201404": "119.24",
        "201405": "107.07",
        "201406": "109.00",
        "201407": "101.69",
        "201408": "94.41",
        "201409": "94.31",
        "201410": "82.05",
        "201411": "79.08",
        "201412": "84.57",
        "201501": "83.10",
        "201502": "80.42",
        "201503": "80.27",
        "201504": "77.69",
        "201505": "72.42",
        "201506": "68.84",
        "201507": "70.83",
        "201508": "78.58",
        "201509": "77.69",
        "201510": "86.15",
        "201511": "89.06",
        "201512": "87.03",
        "201601": "79.56",
        "201602": "83.05",
        "201603": "87.45",
        "201604": "86.22",
        "201605": "81.42",
        "201606": "81.03",
        "201607": "83.78",
        "201608": "88.60",
        "201609": "84.37",
        "201610": "83.66",
        "201611": "85.29",
        "201612": "92.01",
        "201701": "93.29",
        "201702": "98.71",
        "201703": "124.35",
        "201704": "130.08",
        "201705": "151.15",
        "201706": "166.67",
        "201707": "175.55",
        "201708": "183.74",
        "201709": "176.20",
        "201710": "178.92",
        "201711": "183.11",
        "201712": "200.67",
        "201801": "206.91",
        "201802": "200.96",
        "201803": "223.07",
        "201804": "226.31",
        "201805": "225.73",
        "201806": "228.65",
        "201807": "207.55",
        "201808": "215.17",
        "201809": "204.84",
        "201810": "173.25",
        "201811": "169.07",
        "201812": "175.43",
        "201901": "167.76",
        "201902": "181.50",
        "201903": "183.38",
        "201904": "182.62",
        "201905": "181.73",
        "201906": "181.32",
        "201907": "166.26",
        "201908": "157.52",
        "201909": "159.58",
        "201910": "163.95",
        "201911": "176.60",
        "201912": "181.50",
        "202001": "180.87",
        "202002": "174.95",
        "202003": "178.80",
        "202004": "188.82",
        "202005": "212.42",
        "202006": "211.78",
        "202007": "194.91",
        "202008": "197.83",
        "202009": "197.70",
        "202010": "190.13",
        "202011": "191.86",
        "202012": "190.85",
        "202101": "189.40",
        "202102": "195.50",
        "202103": "199.05",
        "202104": "201.63",
        "202105": "189.60",
        "202106": "195.26",
        "202107": "188.20",
        "202108": "186.36",
        "202109": "186.02",
        "202110": "182.45",
        "202111": "192.52",
        "202112": "199.61",
        "202201": "224.36",
        "202202": "223.10",
        "202203": "208.85",
        "202204": "202.11",
        "202205": "198.88",
        "202206": "196.74",
        "202207": "180.86",
        "202208": "197.85",
        "202209": "133.55",
        "202210": "95.98",
        "202211": "97.74",
        "202212": "103.89",
        "202301": "104.85",
        "202302": "113.44",
        "202303": "131.46",
        "202304": "137.74",
        "202305": "144.61",
        "202306": "151.82",
        "202307": "150.52",
        "202308": "152.95",
        "202309": "155.68",
        "202310": "178.35",
        "202311": "177.57",
        "202312": "178.43"
    },
    "quarters": {
        "20011": {
            "year_quarter": 20011,
            "year": 2001,
            "quarter": 1,
            "eps": null,
            "eps_growth_year": null,
            "eps_4q": null,
            "eps_4q_growth_year": null,
            "roe": null,
            "roe_4q": 0,
            "gross_profit": null,
            "gross_margin": null,
            "gross_margin_4q_avg": 0,
            "net_income": null,
            "net_income_4q": null,
            "revenue": null,
            "revenue_4q": null,
            "common_shares": null,
            "book_valuer_per_share": null,
            "book_valuer_per_share_4q_avg": 0,
            "equity": null,
            "current_ratio": null,
            "debt_ratio": null,
            "inventory_turnover_ratio": null,
            "account_receivable_turnover_ratio": null,
            "reinvestment_rate": null,
            "research_to_sale_ratio": null,
            "price_fair": 0,
            "eps_avg_yearly": 0,
            "eps_latest_yearly": 0,
            "eps_growth_yearly": 0
        },
        "20012": {
            "year_quarter": 20012,
            "year": 2001,
            "quarter": 2,
            "eps": null,
            "eps_growth_year": null,
            "eps_4q": null,
            "eps_4q_growth_year": null,
            "roe": null,
            "roe_4q": 0,
            "gross_profit": null,
            "gross_margin": null,
            "gross_margin_4q_avg": 0,
            "net_income": null,
            "net_income_4q": null,
            "revenue": null,
            "revenue_4q": null,
            "common_shares": null,
            "book_valuer_per_share": null,
            "book_valuer_per_share_4q_avg": 0,
            "equity": null,
            "current_ratio": null,
            "debt_ratio": null,
            "inventory_turnover_ratio": null,
            "account_receivable_turnover_ratio": null,
            "reinvestment_rate": null,
            "research_to_sale_ratio": null,
            "price_fair": 0,
            "eps_avg_yearly": 0,
            "eps_latest_yearly": 0,
            "eps_growth_yearly": 0
        },
        "20013": {
            "year_quarter": 20013,
            "year": 2001,
            "quarter": 3,
            "eps": null,
            "eps_growth_year": null,
            "eps_4q": null,
            "eps_4q_growth_year": null,
            "roe": null,
            "roe_4q": 0,
            "gross_profit": null,
            "gross_margin": null,
            "gross_margin_4q_avg": 0,
            "net_income": null,
            "net_income_4q": null,
            "revenue": null,
            "revenue_4q": null,
            "common_shares": null,
            "book_valuer_per_share": null,
            "book_valuer_per_share_4q_avg": 0,
            "equity": null,
            "current_ratio": null,
            "debt_ratio": null,
            "inventory_turnover_ratio": null,
            "account_receivable_turnover_ratio": null,
            "reinvestment_rate": null,
            "research_to_sale_ratio": null,
            "price_fair": 0,
            "eps_avg_yearly": 0,
            "eps_latest_yearly": 0,
            "eps_growth_yearly": 0
        },
        "20014": {
            "year_quarter": 20014,
            "year": 2001,
            "quarter": 4,
            "eps": null,
            "eps_growth_year": null,
            "eps_4q": null,
            "eps_4q_growth_year": null,
            "roe": null,
            "roe_4q": 0,
            "gross_profit": null,
            "gross_margin": null,
            "gross_margin_4q_avg": 0,
            "net_income": null,
            "net_income_4q": null,
            "revenue": null,
            "revenue_4q": null,
            "common_shares": null,
            "book_valuer_per_share": null,
            "book_valuer_per_share_4q_avg": 0,
            "equity": null,
            "current_ratio": null,
            "debt_ratio": null,
            "inventory_turnover_ratio": null,
            "account_receivable_turnover_ratio": null,
            "reinvestment_rate": null,
            "research_to_sale_ratio": null,
            "price_fair": 0,
            "eps_avg_yearly": 0,
            "eps_latest_yearly": 0,
            "eps_growth_yearly": 0
        },
        "20021": {
            "year_quarter": 20021,
            "year": 2002,
            "quarter": 1,
            "eps": null,
            "eps_growth_year": null,
            "eps_4q": null,
            "eps_4q_growth_year": null,
            "roe": null,
            "roe_4q": 0,
            "gross_profit": null,
            "gross_margin": null,
            "gross_margin_4q_avg": 0,
            "net_income": null,
            "net_income_4q": null,
            "revenue": null,
            "revenue_4q": null,
            "common_shares": null,
            "book_valuer_per_share": null,
            "book_valuer_per_share_4q_avg": 0,
            "equity": null,
            "current_ratio": null,
            "debt_ratio": null,
            "inventory_turnover_ratio": null,
            "account_receivable_turnover_ratio": null,
            "reinvestment_rate": null,
            "research_to_sale_ratio": null,
            "price_fair": 0,
            "eps_avg_yearly": 0,
            "eps_latest_yearly": 0,
            "eps_growth_yearly": 0
        },
        "20022": {
            "year_quarter": 20022,
            "year": 2002,
            "quarter": 2,
            "eps": null,
            "eps_growth_year": null,
            "eps_4q": null,
            "eps_4q_growth_year": null,
            "roe": null,
            "roe_4q": 0,
            "gross_profit": null,
            "gross_margin": null,
            "gross_margin_4q_avg": 0,
            "net_income": null,
            "net_income_4q": null,
            "revenue": null,
            "revenue_4q": null,
            "common_shares": null,
            "book_valuer_per_share": null,
            "book_valuer_per_share_4q_avg": 0,
            "equity": null,
            "current_ratio": null,
            "debt_ratio": null,
            "inventory_turnover_ratio": null,
            "account_receivable_turnover_ratio": null,
            "reinvestment_rate": null,
            "research_to_sale_ratio": null,
            "price_fair": 0,
            "eps_avg_yearly": 0,
            "eps_latest_yearly": 0,
            "eps_growth_yearly": 0
        },
        "20023": {
            "year_quarter": 20023,
            "year": 2002,
            "quarter": 3,
            "eps": null,
            "eps_growth_year": null,
            "eps_4q": null,
            "eps_4q_growth_year": null,
            "roe": null,
            "roe_4q": 0,
            "gross_profit": null,
            "gross_margin": null,
            "gross_margin_4q_avg": 0,
            "net_income": null,
            "net_income_4q": null,
            "revenue": null,
            "revenue_4q": null,
            "common_shares": null,
            "book_valuer_per_share": null,
            "book_valuer_per_share_4q_avg": 0,
            "equity": null,
            "current_ratio": null,
            "debt_ratio": null,
            "inventory_turnover_ratio": null,
            "account_receivable_turnover_ratio": null,
            "reinvestment_rate": null,
            "research_to_sale_ratio": null,
            "price_fair": 0,
            "eps_avg_yearly": 0,
            "eps_latest_yearly": 0,
            "eps_growth_yearly": 0
        },
        "20024": {
            "year_quarter": 20024,
            "year": 2002,
            "quarter": 4,
            "eps": null,
            "eps_growth_year": null,
            "eps_4q": null,
            "eps_4q_growth_year": null,
            "roe": null,
            "roe_4q": 0,
            "gross_profit": null,
            "gross_margin": null,
            "gross_margin_4q_avg": 0,
            "net_income": null,
            "net_income_4q": null,
            "revenue": null,
            "revenue_4q": null,
            "common_shares": null,
            "book_valuer_per_share": null,
            "book_valuer_per_share_4q_avg": 0,
            "equity": null,
            "current_ratio": null,
            "debt_ratio": null,
            "inventory_turnover_ratio": null,
            "account_receivable_turnover_ratio": null,
            "reinvestment_rate": null,
            "research_to_sale_ratio": null,
            "price_fair": 0,
            "eps_avg_yearly": 0,
            "eps_latest_yearly": 0,
            "eps_growth_yearly": 0
        },
        "20031": {
            "year_quarter": 20031,
            "year": 2003,
            "quarter": 1,
            "eps": null,
            "eps_growth_year": null,
            "eps_4q": null,
            "eps_4q_growth_year": null,
            "roe": null,
            "roe_4q": 0,
            "gross_profit": null,
            "gross_margin": null,
            "gross_margin_4q_avg": 0,
            "net_income": null,
            "net_income_4q": null,
            "revenue": null,
            "revenue_4q": null,
            "common_shares": null,
            "book_valuer_per_share": null,
            "book_valuer_per_share_4q_avg": 0,
            "equity": null,
            "current_ratio": null,
            "debt_ratio": null,
            "inventory_turnover_ratio": null,
            "account_receivable_turnover_ratio": null,
            "reinvestment_rate": null,
            "research_to_sale_ratio": null,
            "price_fair": 0,
            "eps_avg_yearly": 0,
            "eps_latest_yearly": 0,
            "eps_growth_yearly": 0
        },
        "20032": {
            "year_quarter": 20032,
            "year": 2003,
            "quarter": 2,
            "eps": null,
            "eps_growth_year": null,
            "eps_4q": null,
            "eps_4q_growth_year": null,
            "roe": null,
            "roe_4q": 0,
            "gross_profit": null,
            "gross_margin": null,
            "gross_margin_4q_avg": 0,
            "net_income": null,
            "net_income_4q": null,
            "revenue": null,
            "revenue_4q": null,
            "common_shares": null,
            "book_valuer_per_share": null,
            "book_valuer_per_share_4q_avg": 0,
            "equity": null,
            "current_ratio": null,
            "debt_ratio": null,
            "inventory_turnover_ratio": null,
            "account_receivable_turnover_ratio": null,
            "reinvestment_rate": null,
            "research_to_sale_ratio": null,
            "price_fair": 0,
            "eps_avg_yearly": 0,
            "eps_latest_yearly": 0,
            "eps_growth_yearly": 0
        },
        "20033": {
            "year_quarter": 20033,
            "year": 2003,
            "quarter": 3,
            "eps": null,
            "eps_growth_year": null,
            "eps_4q": null,
            "eps_4q_growth_year": null,
            "roe": null,
            "roe_4q": 0,
            "gross_profit": null,
            "gross_margin": null,
            "gross_margin_4q_avg": 0,
            "net_income": null,
            "net_income_4q": null,
            "revenue": null,
            "revenue_4q": null,
            "common_shares": null,
            "book_valuer_per_share": null,
            "book_valuer_per_share_4q_avg": 0,
            "equity": null,
            "current_ratio": null,
            "debt_ratio": null,
            "inventory_turnover_ratio": null,
            "account_receivable_turnover_ratio": null,
            "reinvestment_rate": null,
            "research_to_sale_ratio": null,
            "price_fair": 0,
            "eps_avg_yearly": 0,
            "eps_latest_yearly": 0,
            "eps_growth_yearly": 0
        },
        "20034": {
            "year_quarter": 20034,
            "year": 2003,
            "quarter": 4,
            "eps": null,
            "eps_growth_year": null,
            "eps_4q": null,
            "eps_4q_growth_year": null,
            "roe": null,
            "roe_4q": 0,
            "gross_profit": null,
            "gross_margin": null,
            "gross_margin_4q_avg": 0,
            "net_income": null,
            "net_income_4q": null,
            "revenue": null,
            "revenue_4q": null,
            "common_shares": null,
            "book_valuer_per_share": null,
            "book_valuer_per_share_4q_avg": 0,
            "equity": null,
            "current_ratio": null,
            "debt_ratio": null,
            "inventory_turnover_ratio": null,
            "account_receivable_turnover_ratio": null,
            "reinvestment_rate": null,
            "research_to_sale_ratio": null,
            "price_fair": 0,
            "eps_avg_yearly": 0,
            "eps_latest_yearly": 0,
            "eps_growth_yearly": 0
        },
        "20041": {
            "year_quarter": 20041,
            "year": 2004,
            "quarter": 1,
            "eps": null,
            "eps_growth_year": null,
            "eps_4q": null,
            "eps_4q_growth_year": null,
            "roe": null,
            "roe_4q": 0,
            "gross_profit": null,
            "gross_margin": null,
            "gross_margin_4q_avg": 0,
            "net_income": null,
            "net_income_4q": null,
            "revenue": null,
            "revenue_4q": null,
            "common_shares": null,
            "book_valuer_per_share": null,
            "book_valuer_per_share_4q_avg": 0,
            "equity": null,
            "current_ratio": null,
            "debt_ratio": null,
            "inventory_turnover_ratio": null,
            "account_receivable_turnover_ratio": null,
            "reinvestment_rate": null,
            "research_to_sale_ratio": null,
            "price_fair": 0,
            "eps_avg_yearly": 0,
            "eps_latest_yearly": 0,
            "eps_growth_yearly": 0
        },
        "20042": {
            "year_quarter": 20042,
            "year": 2004,
            "quarter": 2,
            "eps": null,
            "eps_growth_year": null,
            "eps_4q": null,
            "eps_4q_growth_year": null,
            "roe": null,
            "roe_4q": 0,
            "gross_profit": null,
            "gross_margin": null,
            "gross_margin_4q_avg": 0,
            "net_income": null,
            "net_income_4q": null,
            "revenue": null,
            "revenue_4q": null,
            "common_shares": null,
            "book_valuer_per_share": null,
            "book_valuer_per_share_4q_avg": 0,
            "equity": null,
            "current_ratio": null,
            "debt_ratio": null,
            "inventory_turnover_ratio": null,
            "account_receivable_turnover_ratio": null,
            "reinvestment_rate": null,
            "research_to_sale_ratio": null,
            "price_fair": 0,
            "eps_avg_yearly": 0,
            "eps_latest_yearly": 0,
            "eps_growth_yearly": 0
        },
        "20043": {
            "year_quarter": 20043,
            "year": 2004,
            "quarter": 3,
            "eps": null,
            "eps_growth_year": null,
            "eps_4q": null,
            "eps_4q_growth_year": null,
            "roe": null,
            "roe_4q": 0,
            "gross_profit": null,
            "gross_margin": null,
            "gross_margin_4q_avg": 0,
            "net_income": null,
            "net_income_4q": null,
            "revenue": null,
            "revenue_4q": null,
            "common_shares": null,
            "book_valuer_per_share": null,
            "book_valuer_per_share_4q_avg": 0,
            "equity": null,
            "current_ratio": null,
            "debt_ratio": null,
            "inventory_turnover_ratio": null,
            "account_receivable_turnover_ratio": null,
            "reinvestment_rate": null,
            "research_to_sale_ratio": null,
            "price_fair": 0,
            "eps_avg_yearly": 0,
            "eps_latest_yearly": 0,
            "eps_growth_yearly": 0
        },
        "20044": {
            "year_quarter": 20044,
            "year": 2004,
            "quarter": 4,
            "eps": null,
            "eps_growth_year": null,
            "eps_4q": null,
            "eps_4q_growth_year": null,
            "roe": null,
            "roe_4q": 0,
            "gross_profit": null,
            "gross_margin": null,
            "gross_margin_4q_avg": 0,
            "net_income": null,
            "net_income_4q": null,
            "revenue": null,
            "revenue_4q": null,
            "common_shares": 200000,
            "book_valuer_per_share": 7.73,
            "book_valuer_per_share_4q_avg": 1.93,
            "equity": 309151,
            "current_ratio": 119.93,
            "debt_ratio": 74.55,
            "inventory_turnover_ratio": null,
            "account_receivable_turnover_ratio": null,
            "reinvestment_rate": null,
            "research_to_sale_ratio": null,
            "price_fair": 0,
            "eps_avg_yearly": 0,
            "eps_latest_yearly": 0,
            "eps_growth_yearly": 0
        },
        "20051": {
            "year_quarter": 20051,
            "year": 2005,
            "quarter": 1,
            "eps": null,
            "eps_growth_year": null,
            "eps_4q": null,
            "eps_4q_growth_year": null,
            "roe": null,
            "roe_4q": 0,
            "gross_profit": null,
            "gross_margin": null,
            "gross_margin_4q_avg": 0,
            "net_income": null,
            "net_income_4q": null,
            "revenue": null,
            "revenue_4q": null,
            "common_shares": null,
            "book_valuer_per_share": null,
            "book_valuer_per_share_4q_avg": 1.93,
            "equity": null,
            "current_ratio": null,
            "debt_ratio": null,
            "inventory_turnover_ratio": null,
            "account_receivable_turnover_ratio": null,
            "reinvestment_rate": null,
            "research_to_sale_ratio": null,
            "price_fair": 0,
            "eps_avg_yearly": 0,
            "eps_latest_yearly": 0,
            "eps_growth_yearly": 0
        },
        "20052": {
            "year_quarter": 20052,
            "year": 2005,
            "quarter": 2,
            "eps": null,
            "eps_growth_year": null,
            "eps_4q": null,
            "eps_4q_growth_year": null,
            "roe": null,
            "roe_4q": 0,
            "gross_profit": null,
            "gross_margin": null,
            "gross_margin_4q_avg": 0,
            "net_income": null,
            "net_income_4q": null,
            "revenue": null,
            "revenue_4q": null,
            "common_shares": null,
            "book_valuer_per_share": null,
            "book_valuer_per_share_4q_avg": 1.93,
            "equity": null,
            "current_ratio": null,
            "debt_ratio": null,
            "inventory_turnover_ratio": null,
            "account_receivable_turnover_ratio": null,
            "reinvestment_rate": null,
            "research_to_sale_ratio": null,
            "price_fair": 0,
            "eps_avg_yearly": 0,
            "eps_latest_yearly": 0,
            "eps_growth_yearly": 0
        },
        "20053": {
            "year_quarter": 20053,
            "year": 2005,
            "quarter": 3,
            "eps": null,
            "eps_growth_year": null,
            "eps_4q": null,
            "eps_4q_growth_year": null,
            "roe": null,
            "roe_4q": 0,
            "gross_profit": null,
            "gross_margin": null,
            "gross_margin_4q_avg": 0,
            "net_income": null,
            "net_income_4q": null,
            "revenue": null,
            "revenue_4q": null,
            "common_shares": null,
            "book_valuer_per_share": null,
            "book_valuer_per_share_4q_avg": 1.93,
            "equity": null,
            "current_ratio": null,
            "debt_ratio": null,
            "inventory_turnover_ratio": null,
            "account_receivable_turnover_ratio": null,
            "reinvestment_rate": null,
            "research_to_sale_ratio": null,
            "price_fair": 0,
            "eps_avg_yearly": 0,
            "eps_latest_yearly": 0,
            "eps_growth_yearly": 0
        },
        "20054": {
            "year_quarter": 20054,
            "year": 2005,
            "quarter": 4,
            "eps": null,
            "eps_growth_year": null,
            "eps_4q": null,
            "eps_4q_growth_year": null,
            "roe": null,
            "roe_4q": 0,
            "gross_profit": null,
            "gross_margin": null,
            "gross_margin_4q_avg": 0,
            "net_income": null,
            "net_income_4q": null,
            "revenue": null,
            "revenue_4q": null,
            "common_shares": 230000,
            "book_valuer_per_share": 9.21,
            "book_valuer_per_share_4q_avg": 2.3,
            "equity": 423516,
            "current_ratio": 136.65,
            "debt_ratio": 62.24,
            "inventory_turnover_ratio": null,
            "account_receivable_turnover_ratio": null,
            "reinvestment_rate": null,
            "research_to_sale_ratio": null,
            "price_fair": 0,
            "eps_avg_yearly": 0,
            "eps_latest_yearly": 0,
            "eps_growth_yearly": 0
        },
        "20061": {
            "year_quarter": 20061,
            "year": 2006,
            "quarter": 1,
            "eps": null,
            "eps_growth_year": null,
            "eps_4q": null,
            "eps_4q_growth_year": null,
            "roe": null,
            "roe_4q": 0,
            "gross_profit": null,
            "gross_margin": null,
            "gross_margin_4q_avg": 0,
            "net_income": null,
            "net_income_4q": null,
            "revenue": null,
            "revenue_4q": null,
            "common_shares": null,
            "book_valuer_per_share": null,
            "book_valuer_per_share_4q_avg": 2.3,
            "equity": null,
            "current_ratio": null,
            "debt_ratio": null,
            "inventory_turnover_ratio": null,
            "account_receivable_turnover_ratio": null,
            "reinvestment_rate": null,
            "research_to_sale_ratio": null,
            "price_fair": 0,
            "eps_avg_yearly": 0,
            "eps_latest_yearly": 0,
            "eps_growth_yearly": 0
        },
        "20062": {
            "year_quarter": 20062,
            "year": 2006,
            "quarter": 2,
            "eps": null,
            "eps_growth_year": null,
            "eps_4q": null,
            "eps_4q_growth_year": null,
            "roe": null,
            "roe_4q": 0,
            "gross_profit": null,
            "gross_margin": null,
            "gross_margin_4q_avg": 0,
            "net_income": null,
            "net_income_4q": null,
            "revenue": null,
            "revenue_4q": null,
            "common_shares": null,
            "book_valuer_per_share": null,
            "book_valuer_per_share_4q_avg": 2.3,
            "equity": null,
            "current_ratio": null,
            "debt_ratio": null,
            "inventory_turnover_ratio": null,
            "account_receivable_turnover_ratio": null,
            "reinvestment_rate": null,
            "research_to_sale_ratio": null,
            "price_fair": 0,
            "eps_avg_yearly": 0,
            "eps_latest_yearly": 0,
            "eps_growth_yearly": 0
        },
        "20063": {
            "year_quarter": 20063,
            "year": 2006,
            "quarter": 3,
            "eps": null,
            "eps_growth_year": null,
            "eps_4q": null,
            "eps_4q_growth_year": null,
            "roe": null,
            "roe_4q": 0,
            "gross_profit": null,
            "gross_margin": null,
            "gross_margin_4q_avg": 0,
            "net_income": null,
            "net_income_4q": null,
            "revenue": null,
            "revenue_4q": null,
            "common_shares": null,
            "book_valuer_per_share": null,
            "book_valuer_per_share_4q_avg": 2.3,
            "equity": null,
            "current_ratio": null,
            "debt_ratio": null,
            "inventory_turnover_ratio": null,
            "account_receivable_turnover_ratio": null,
            "reinvestment_rate": null,
            "research_to_sale_ratio": null,
            "price_fair": 0,
            "eps_avg_yearly": 0,
            "eps_latest_yearly": 0,
            "eps_growth_yearly": 0
        },
        "20064": {
            "year_quarter": 20064,
            "year": 2006,
            "quarter": 4,
            "eps": null,
            "eps_growth_year": null,
            "eps_4q": null,
            "eps_4q_growth_year": null,
            "roe": null,
            "roe_4q": 0,
            "gross_profit": null,
            "gross_margin": null,
            "gross_margin_4q_avg": 0,
            "net_income": null,
            "net_income_4q": null,
            "revenue": null,
            "revenue_4q": null,
            "common_shares": 260000,
            "book_valuer_per_share": 8.39,
            "book_valuer_per_share_4q_avg": 2.1,
            "equity": 436450,
            "current_ratio": 122.06,
            "debt_ratio": 62,
            "inventory_turnover_ratio": null,
            "account_receivable_turnover_ratio": null,
            "reinvestment_rate": null,
            "research_to_sale_ratio": null,
            "price_fair": 0,
            "eps_avg_yearly": 0,
            "eps_latest_yearly": 0,
            "eps_growth_yearly": 0
        },
        "20071": {
            "year_quarter": 20071,
            "year": 2007,
            "quarter": 1,
            "eps": null,
            "eps_growth_year": null,
            "eps_4q": null,
            "eps_4q_growth_year": null,
            "roe": null,
            "roe_4q": 0,
            "gross_profit": null,
            "gross_margin": null,
            "gross_margin_4q_avg": 0,
            "net_income": null,
            "net_income_4q": null,
            "revenue": null,
            "revenue_4q": null,
            "common_shares": null,
            "book_valuer_per_share": null,
            "book_valuer_per_share_4q_avg": 2.1,
            "equity": null,
            "current_ratio": null,
            "debt_ratio": null,
            "inventory_turnover_ratio": null,
            "account_receivable_turnover_ratio": null,
            "reinvestment_rate": null,
            "research_to_sale_ratio": null,
            "price_fair": 0,
            "eps_avg_yearly": 0,
            "eps_latest_yearly": 0,
            "eps_growth_yearly": 0
        },
        "20072": {
            "year_quarter": 20072,
            "year": 2007,
            "quarter": 2,
            "eps": null,
            "eps_growth_year": null,
            "eps_4q": null,
            "eps_4q_growth_year": null,
            "roe": null,
            "roe_4q": 0,
            "gross_profit": null,
            "gross_margin": null,
            "gross_margin_4q_avg": 0,
            "net_income": null,
            "net_income_4q": null,
            "revenue": null,
            "revenue_4q": null,
            "common_shares": null,
            "book_valuer_per_share": null,
            "book_valuer_per_share_4q_avg": 2.1,
            "equity": null,
            "current_ratio": null,
            "debt_ratio": null,
            "inventory_turnover_ratio": null,
            "account_receivable_turnover_ratio": null,
            "reinvestment_rate": null,
            "research_to_sale_ratio": null,
            "price_fair": 0,
            "eps_avg_yearly": 0,
            "eps_latest_yearly": 0,
            "eps_growth_yearly": 0
        },
        "20073": {
            "year_quarter": 20073,
            "year": 2007,
            "quarter": 3,
            "eps": null,
            "eps_growth_year": null,
            "eps_4q": null,
            "eps_4q_growth_year": null,
            "roe": null,
            "roe_4q": 0,
            "gross_profit": null,
            "gross_margin": null,
            "gross_margin_4q_avg": 0,
            "net_income": null,
            "net_income_4q": null,
            "revenue": null,
            "revenue_4q": null,
            "common_shares": null,
            "book_valuer_per_share": null,
            "book_valuer_per_share_4q_avg": 2.1,
            "equity": null,
            "current_ratio": null,
            "debt_ratio": null,
            "inventory_turnover_ratio": null,
            "account_receivable_turnover_ratio": null,
            "reinvestment_rate": null,
            "research_to_sale_ratio": null,
            "price_fair": 0,
            "eps_avg_yearly": 0,
            "eps_latest_yearly": 0,
            "eps_growth_yearly": 0
        },
        "20074": {
            "year_quarter": 20074,
            "year": 2007,
            "quarter": 4,
            "eps": null,
            "eps_growth_year": null,
            "eps_4q": null,
            "eps_4q_growth_year": null,
            "roe": null,
            "roe_4q": 0,
            "gross_profit": null,
            "gross_margin": null,
            "gross_margin_4q_avg": 0,
            "net_income": null,
            "net_income_4q": null,
            "revenue": null,
            "revenue_4q": null,
            "common_shares": 260000,
            "book_valuer_per_share": 9.5,
            "book_valuer_per_share_4q_avg": 2.38,
            "equity": 493988,
            "current_ratio": 126.15,
            "debt_ratio": 77.14,
            "inventory_turnover_ratio": null,
            "account_receivable_turnover_ratio": null,
            "reinvestment_rate": null,
            "research_to_sale_ratio": null,
            "price_fair": 0,
            "eps_avg_yearly": 0,
            "eps_latest_yearly": 0,
            "eps_growth_yearly": 0
        },
        "20081": {
            "year_quarter": 20081,
            "year": 2008,
            "quarter": 1,
            "eps": null,
            "eps_growth_year": null,
            "eps_4q": null,
            "eps_4q_growth_year": null,
            "roe": null,
            "roe_4q": 0,
            "gross_profit": null,
            "gross_margin": null,
            "gross_margin_4q_avg": 0,
            "net_income": null,
            "net_income_4q": null,
            "revenue": null,
            "revenue_4q": null,
            "common_shares": null,
            "book_valuer_per_share": null,
            "book_valuer_per_share_4q_avg": 2.38,
            "equity": null,
            "current_ratio": null,
            "debt_ratio": null,
            "inventory_turnover_ratio": null,
            "account_receivable_turnover_ratio": null,
            "reinvestment_rate": null,
            "research_to_sale_ratio": null,
            "price_fair": 0,
            "eps_avg_yearly": 0,
            "eps_latest_yearly": 0,
            "eps_growth_yearly": 0
        },
        "20082": {
            "year_quarter": 20082,
            "year": 2008,
            "quarter": 2,
            "eps": null,
            "eps_growth_year": null,
            "eps_4q": null,
            "eps_4q_growth_year": null,
            "roe": null,
            "roe_4q": 0,
            "gross_profit": null,
            "gross_margin": null,
            "gross_margin_4q_avg": 0,
            "net_income": null,
            "net_income_4q": null,
            "revenue": null,
            "revenue_4q": null,
            "common_shares": null,
            "book_valuer_per_share": null,
            "book_valuer_per_share_4q_avg": 2.38,
            "equity": null,
            "current_ratio": null,
            "debt_ratio": null,
            "inventory_turnover_ratio": null,
            "account_receivable_turnover_ratio": null,
            "reinvestment_rate": null,
            "research_to_sale_ratio": null,
            "price_fair": 0,
            "eps_avg_yearly": 0,
            "eps_latest_yearly": 0,
            "eps_growth_yearly": 0
        },
        "20083": {
            "year_quarter": 20083,
            "year": 2008,
            "quarter": 3,
            "eps": null,
            "eps_growth_year": null,
            "eps_4q": null,
            "eps_4q_growth_year": null,
            "roe": null,
            "roe_4q": 0,
            "gross_profit": null,
            "gross_margin": null,
            "gross_margin_4q_avg": 0,
            "net_income": null,
            "net_income_4q": null,
            "revenue": null,
            "revenue_4q": null,
            "common_shares": null,
            "book_valuer_per_share": null,
            "book_valuer_per_share_4q_avg": 2.38,
            "equity": null,
            "current_ratio": null,
            "debt_ratio": null,
            "inventory_turnover_ratio": null,
            "account_receivable_turnover_ratio": null,
            "reinvestment_rate": null,
            "research_to_sale_ratio": null,
            "price_fair": 0,
            "eps_avg_yearly": 0,
            "eps_latest_yearly": 0,
            "eps_growth_yearly": 0
        },
        "20084": {
            "year_quarter": 20084,
            "year": 2008,
            "quarter": 4,
            "eps": null,
            "eps_growth_year": null,
            "eps_4q": null,
            "eps_4q_growth_year": null,
            "roe": null,
            "roe_4q": 0,
            "gross_profit": null,
            "gross_margin": null,
            "gross_margin_4q_avg": 0,
            "net_income": null,
            "net_income_4q": null,
            "revenue": null,
            "revenue_4q": null,
            "common_shares": 260000,
            "book_valuer_per_share": 10.99,
            "book_valuer_per_share_4q_avg": 2.75,
            "equity": 571226,
            "current_ratio": 130.15,
            "debt_ratio": 75,
            "inventory_turnover_ratio": null,
            "account_receivable_turnover_ratio": null,
            "reinvestment_rate": null,
            "research_to_sale_ratio": null,
            "price_fair": 0,
            "eps_avg_yearly": 0,
            "eps_latest_yearly": 0,
            "eps_growth_yearly": 0
        },
        "20091": {
            "year_quarter": 20091,
            "year": 2009,
            "quarter": 1,
            "eps": 0.94,
            "eps_growth_year": null,
            "eps_4q": null,
            "eps_4q_growth_year": null,
            "roe": 3.73,
            "roe_4q": 3.73,
            "gross_profit": 40035,
            "gross_margin": 12.46,
            "gross_margin_4q_avg": 3.12,
            "net_income": 27172,
            "net_income_4q": null,
            "revenue": 321242,
            "revenue_4q": null,
            "common_shares": 351551,
            "book_valuer_per_share": 12.59,
            "book_valuer_per_share_4q_avg": 5.9,
            "equity": 884868,
            "current_ratio": 139.36,
            "debt_ratio": 48.83,
            "inventory_turnover_ratio": 0.62,
            "account_receivable_turnover_ratio": 0.84,
            "reinvestment_rate": null,
            "research_to_sale_ratio": null,
            "price_fair": 0,
            "eps_avg_yearly": 0,
            "eps_latest_yearly": 0,
            "eps_growth_yearly": 0
        },
        "20092": {
            "year_quarter": 20092,
            "year": 2009,
            "quarter": 2,
            "eps": 2.72,
            "eps_growth_year": null,
            "eps_4q": null,
            "eps_4q_growth_year": null,
            "roe": 10,
            "roe_4q": 13.73,
            "gross_profit": 62118,
            "gross_margin": 8.36,
            "gross_margin_4q_avg": 5.21,
            "net_income": 87206,
            "net_income_4q": null,
            "revenue": 743469,
            "revenue_4q": null,
            "common_shares": 351551,
            "book_valuer_per_share": 12.22,
            "book_valuer_per_share_4q_avg": 8.95,
            "equity": 859527,
            "current_ratio": 132.69,
            "debt_ratio": 51.2,
            "inventory_turnover_ratio": 2.72,
            "account_receivable_turnover_ratio": 1.91,
            "reinvestment_rate": null,
            "research_to_sale_ratio": null,
            "price_fair": 380.8,
            "eps_avg_yearly": 10.88,
            "eps_latest_yearly": 10.88,
            "eps_growth_yearly": 757.45
        },
        "20093": {
            "year_quarter": 20093,
            "year": 2009,
            "quarter": 3,
            "eps": 2.28,
            "eps_growth_year": null,
            "eps_4q": null,
            "eps_4q_growth_year": null,
            "roe": 8.42,
            "roe_4q": 22.150000000000002,
            "gross_profit": 84661,
            "gross_margin": 14.42,
            "gross_margin_4q_avg": 8.81,
            "net_income": 75572,
            "net_income_4q": null,
            "revenue": 587170,
            "revenue_4q": null,
            "common_shares": 351551,
            "book_valuer_per_share": 13.3,
            "book_valuer_per_share_4q_avg": 12.28,
            "equity": 935289,
            "current_ratio": 150.06,
            "debt_ratio": 43.82,
            "inventory_turnover_ratio": 3.35,
            "account_receivable_turnover_ratio": 1.51,
            "reinvestment_rate": null,
            "research_to_sale_ratio": null,
            "price_fair": 350,
            "eps_avg_yearly": 10,
            "eps_latest_yearly": 9.12,
            "eps_growth_yearly": 346.37
        },
        "20094": {
            "year_quarter": 20094,
            "year": 2009,
            "quarter": 4,
            "eps": 1.9,
            "eps_growth_year": null,
            "eps_4q": 3.61,
            "eps_4q_growth_year": null,
            "roe": 6.6,
            "roe_4q": 28.75,
            "gross_profit": 24488,
            "gross_margin": 7.56,
            "gross_margin_4q_avg": 10.7,
            "net_income": 63930,
            "net_income_4q": null,
            "revenue": 323805,
            "revenue_4q": null,
            "common_shares": 351551,
            "book_valuer_per_share": 28.47,
            "book_valuer_per_share_4q_avg": 16.65,
            "equity": 1000693,
            "current_ratio": 158.47,
            "debt_ratio": 61.61,
            "inventory_turnover_ratio": 3.07,
            "account_receivable_turnover_ratio": 0.69,
            "reinvestment_rate": null,
            "research_to_sale_ratio": null,
            "price_fair": 322,
            "eps_avg_yearly": 9.2,
            "eps_latest_yearly": 7.6,
            "eps_growth_yearly": 208.69
        },
        "20101": {
            "year_quarter": 20101,
            "year": 2010,
            "quarter": 1,
            "eps": 5.86,
            "eps_growth_year": 523.4,
            "eps_4q": 6.15,
            "eps_4q_growth_year": null,
            "roe": 18.7,
            "roe_4q": 43.72,
            "gross_profit": 315911,
            "gross_margin": 23.07,
            "gross_margin_4q_avg": 13.35,
            "net_income": 205982,
            "net_income_4q": null,
            "revenue": 1369604,
            "revenue_4q": null,
            "common_shares": 351551,
            "book_valuer_per_share": 34.19,
            "book_valuer_per_share_4q_avg": 22.05,
            "equity": 1201837,
            "current_ratio": 157.68,
            "debt_ratio": 61.71,
            "inventory_turnover_ratio": 10.24,
            "account_receivable_turnover_ratio": 1.4,
            "reinvestment_rate": null,
            "research_to_sale_ratio": null,
            "price_fair": 446.6,
            "eps_avg_yearly": 12.76,
            "eps_latest_yearly": 23.44,
            "eps_growth_yearly": 364.94
        },
        "20102": {
            "year_quarter": 20102,
            "year": 2010,
            "quarter": 2,
            "eps": 1.29,
            "eps_growth_year": -52.63,
            "eps_4q": 5.97,
            "eps_4q_growth_year": null,
            "roe": 8.15,
            "roe_4q": 41.870000000000005,
            "gross_profit": 216348,
            "gross_margin": 19.2,
            "gross_margin_4q_avg": 16.06,
            "net_income": 95115,
            "net_income_4q": null,
            "revenue": 1126805,
            "revenue_4q": null,
            "common_shares": 351551,
            "book_valuer_per_share": 32.2,
            "book_valuer_per_share_4q_avg": 27.04,
            "equity": 1131932,
            "current_ratio": 142.44,
            "debt_ratio": 69.17,
            "inventory_turnover_ratio": 4.68,
            "account_receivable_turnover_ratio": 0.93,
            "reinvestment_rate": null,
            "research_to_sale_ratio": null,
            "price_fair": 393.4,
            "eps_avg_yearly": 11.24,
            "eps_latest_yearly": 5.16,
            "eps_growth_yearly": 229.56
        },
        "20103": {
            "year_quarter": 20103,
            "year": 2010,
            "quarter": 3,
            "eps": 3.06,
            "eps_growth_year": 34.27,
            "eps_4q": 8.01,
            "eps_4q_growth_year": null,
            "roe": 18.08,
            "roe_4q": 51.529999999999994,
            "gross_profit": 330056,
            "gross_margin": 21.37,
            "gross_margin_4q_avg": 17.8,
            "net_income": 226009,
            "net_income_4q": null,
            "revenue": 1544521,
            "revenue_4q": null,
            "common_shares": 369128,
            "book_valuer_per_share": 37.08,
            "book_valuer_per_share_4q_avg": 32.99,
            "equity": 1368587,
            "current_ratio": 146.19,
            "debt_ratio": 67.52,
            "inventory_turnover_ratio": 3.35,
            "account_receivable_turnover_ratio": 1.13,
            "reinvestment_rate": null,
            "research_to_sale_ratio": null,
            "price_fair": 399.23,
            "eps_avg_yearly": 11.41,
            "eps_latest_yearly": 12.24,
            "eps_growth_yearly": 282.78
        },
        "20104": {
            "year_quarter": 20104,
            "year": 2010,
            "quarter": 4,
            "eps": 2.4,
            "eps_growth_year": 26.1,
            "eps_4q": 8.74,
            "eps_4q_growth_year": 142.08,
            "roe": 12.2,
            "roe_4q": 57.129999999999995,
            "gross_profit": 360753,
            "gross_margin": 16.33,
            "gross_margin_4q_avg": 19.99,
            "net_income": 199033,
            "net_income_4q": null,
            "revenue": 2209427,
            "revenue_4q": null,
            "common_shares": 415359,
            "book_valuer_per_share": 45.57,
            "book_valuer_per_share_4q_avg": 37.26,
            "equity": 1892964,
            "current_ratio": 162.65,
            "debt_ratio": 61.22,
            "inventory_turnover_ratio": 4.7,
            "account_receivable_turnover_ratio": 1.63,
            "reinvestment_rate": null,
            "research_to_sale_ratio": null,
            "price_fair": 390.2,
            "eps_avg_yearly": 11.15,
            "eps_latest_yearly": 9.6,
            "eps_growth_yearly": 230.05
        },
        "20111": {
            "year_quarter": 20111,
            "year": 2011,
            "quarter": 1,
            "eps": 5.11,
            "eps_growth_year": -12.8,
            "eps_4q": 8.82,
            "eps_4q_growth_year": 43.25,
            "roe": 10.61,
            "roe_4q": 49.04,
            "gross_profit": 330490,
            "gross_margin": 16.91,
            "gross_margin_4q_avg": 18.45,
            "net_income": 212156,
            "net_income_4q": null,
            "revenue": 1954489,
            "revenue_4q": null,
            "common_shares": 415359,
            "book_valuer_per_share": 50.73,
            "book_valuer_per_share_4q_avg": 41.4,
            "equity": 2107077,
            "current_ratio": 170.22,
            "debt_ratio": 58.19,
            "inventory_turnover_ratio": 4.38,
            "account_receivable_turnover_ratio": 1.39,
            "reinvestment_rate": null,
            "research_to_sale_ratio": null,
            "price_fair": 430.85,
            "eps_avg_yearly": 12.31,
            "eps_latest_yearly": 20.44,
            "eps_growth_yearly": 257.76
        },
        "20112": {
            "year_quarter": 20112,
            "year": 2011,
            "quarter": 2,
            "eps": 1.16,
            "eps_growth_year": -10.31,
            "eps_4q": 8.83,
            "eps_4q_growth_year": 47.89,
            "roe": 4.94,
            "roe_4q": 45.83,
            "gross_profit": 270754,
            "gross_margin": 14.04,
            "gross_margin_4q_avg": 17.16,
            "net_income": 95990,
            "net_income_4q": null,
            "revenue": 1928570,
            "revenue_4q": null,
            "common_shares": 415359,
            "book_valuer_per_share": 42.8,
            "book_valuer_per_share_4q_avg": 44.05,
            "equity": 1777785,
            "current_ratio": 138.92,
            "debt_ratio": 69.04,
            "inventory_turnover_ratio": 3.14,
            "account_receivable_turnover_ratio": 1.18,
            "reinvestment_rate": null,
            "research_to_sale_ratio": null,
            "price_fair": 401.02,
            "eps_avg_yearly": 11.46,
            "eps_latest_yearly": 4.64,
            "eps_growth_yearly": 194.76
        },
        "20113": {
            "year_quarter": 20113,
            "year": 2011,
            "quarter": 3,
            "eps": 1.65,
            "eps_growth_year": -46.11,
            "eps_4q": 7.76,
            "eps_4q_growth_year": -3.13,
            "roe": 7.36,
            "roe_4q": 35.11,
            "gross_profit": 236733,
            "gross_margin": 13.84,
            "gross_margin_4q_avg": 15.28,
            "net_income": 137053,
            "net_income_4q": null,
            "revenue": 1710670,
            "revenue_4q": null,
            "common_shares": 415359,
            "book_valuer_per_share": 46.88,
            "book_valuer_per_share_4q_avg": 46.5,
            "equity": 1947368,
            "current_ratio": 144.46,
            "debt_ratio": 66.51,
            "inventory_turnover_ratio": 2.14,
            "account_receivable_turnover_ratio": 0.89,
            "reinvestment_rate": null,
            "research_to_sale_ratio": null,
            "price_fair": 384.02,
            "eps_avg_yearly": 10.97,
            "eps_latest_yearly": 6.6,
            "eps_growth_yearly": 192.18
        },
        "20114": {
            "year_quarter": 20114,
            "year": 2011,
            "quarter": 4,
            "eps": 1.24,
            "eps_growth_year": -48.22,
            "eps_4q": 6.07,
            "eps_4q_growth_year": -30.61,
            "roe": 5.17,
            "roe_4q": 28.080000000000002,
            "gross_profit": 273408,
            "gross_margin": 9.29,
            "gross_margin_4q_avg": 13.52,
            "net_income": 114465,
            "net_income_4q": null,
            "revenue": 2943849,
            "revenue_4q": null,
            "common_shares": 461359,
            "book_valuer_per_share": 53.79,
            "book_valuer_per_share_4q_avg": 48.55,
            "equity": 2481659,
            "current_ratio": 154.43,
            "debt_ratio": 62.69,
            "inventory_turnover_ratio": 3.46,
            "account_receivable_turnover_ratio": 1.38,
            "reinvestment_rate": null,
            "research_to_sale_ratio": null,
            "price_fair": 364.89,
            "eps_avg_yearly": 10.43,
            "eps_latest_yearly": 4.96,
            "eps_growth_yearly": 165.67
        },
        "20121": {
            "year_quarter": 20121,
            "year": 2012,
            "quarter": 1,
            "eps": 2.63,
            "eps_growth_year": -48.53,
            "eps_4q": 5.08,
            "eps_4q_growth_year": -42.36,
            "roe": 4.79,
            "roe_4q": 22.26,
            "gross_profit": 250470,
            "gross_margin": 16.06,
            "gross_margin_4q_avg": 13.31,
            "net_income": 121377,
            "net_income_4q": null,
            "revenue": 1559575,
            "revenue_4q": null,
            "common_shares": 461359,
            "book_valuer_per_share": 56.03,
            "book_valuer_per_share_4q_avg": 49.88,
            "equity": 2585135,
            "current_ratio": 169.35,
            "debt_ratio": 57.04,
            "inventory_turnover_ratio": 1.89,
            "account_receivable_turnover_ratio": 0.78,
            "reinvestment_rate": null,
            "research_to_sale_ratio": null,
            "price_fair": 365.17,
            "eps_avg_yearly": 10.43,
            "eps_latest_yearly": 10.52,
            "eps_growth_yearly": 189.23
        },
        "20122": {
            "year_quarter": 20122,
            "year": 2012,
            "quarter": 2,
            "eps": 1.68,
            "eps_growth_year": 45.23,
            "eps_4q": 5.72,
            "eps_4q_growth_year": -35.2,
            "roe": 6.36,
            "roe_4q": 23.68,
            "gross_profit": 301377,
            "gross_margin": 13.66,
            "gross_margin_4q_avg": 13.21,
            "net_income": 154849,
            "net_income_4q": null,
            "revenue": 2206698,
            "revenue_4q": null,
            "common_shares": 461359,
            "book_valuer_per_share": 49.47,
            "book_valuer_per_share_4q_avg": 51.54,
            "equity": 2282162,
            "current_ratio": 148.04,
            "debt_ratio": 65.21,
            "inventory_turnover_ratio": 3.06,
            "account_receivable_turnover_ratio": 1.18,
            "reinvestment_rate": null,
            "research_to_sale_ratio": null,
            "price_fair": 355.17,
            "eps_avg_yearly": 10.15,
            "eps_latest_yearly": 6.72,
            "eps_growth_yearly": 163.56
        },
        "20123": {
            "year_quarter": 20123,
            "year": 2012,
            "quarter": 3,
            "eps": 1.56,
            "eps_growth_year": -5.23,
            "eps_4q": 5.8,
            "eps_4q_growth_year": -25.24,
            "roe": 6.13,
            "roe_4q": 22.450000000000003,
            "gross_profit": 307160,
            "gross_margin": 22.27,
            "gross_margin_4q_avg": 15.32,
            "net_income": 144275,
            "net_income_4q": null,
            "revenue": 1379200,
            "revenue_4q": null,
            "common_shares": 461359,
            "book_valuer_per_share": 52.5,
            "book_valuer_per_share_4q_avg": 52.95,
            "equity": 2422362,
            "current_ratio": 154.67,
            "debt_ratio": 62.54,
            "inventory_turnover_ratio": 1.47,
            "account_receivable_turnover_ratio": 0.71,
            "reinvestment_rate": null,
            "research_to_sale_ratio": null,
            "price_fair": 345.4,
            "eps_avg_yearly": 9.87,
            "eps_latest_yearly": 6.24,
            "eps_growth_yearly": 149.84
        },
        "20124": {
            "year_quarter": 20124,
            "year": 2012,
            "quarter": 4,
            "eps": 3.13,
            "eps_growth_year": 152.51,
            "eps_4q": 7.69,
            "eps_4q_growth_year": 26.78,
            "roe": 11.26,
            "roe_4q": 28.54,
            "gross_profit": 550679,
            "gross_margin": 16.43,
            "gross_margin_4q_avg": 17.11,
            "net_income": 289032,
            "net_income_4q": null,
            "revenue": 3352443,
            "revenue_4q": null,
            "common_shares": 461359,
            "book_valuer_per_share": 58.82,
            "book_valuer_per_share_4q_avg": 54.21,
            "equity": 2713602,
            "current_ratio": 160.15,
            "debt_ratio": 60.79,
            "inventory_turnover_ratio": 3.51,
            "account_receivable_turnover_ratio": 1.74,
            "reinvestment_rate": 12.64,
            "research_to_sale_ratio": null,
            "price_fair": 351.59,
            "eps_avg_yearly": 10.05,
            "eps_latest_yearly": 12.52,
            "eps_growth_yearly": 166.69
        },
        "20131": {
            "year_quarter": 20131,
            "year": 2013,
            "quarter": 1,
            "eps": 2.48,
            "eps_growth_year": -5.7,
            "eps_4q": 7.61,
            "eps_4q_growth_year": 49.84,
            "roe": 4.02,
            "roe_4q": 27.77,
            "gross_profit": 254232,
            "gross_margin": 11.02,
            "gross_margin_4q_avg": 15.85,
            "net_income": 114401,
            "net_income_4q": null,
            "revenue": 2306972,
            "revenue_4q": null,
            "common_shares": 461359,
            "book_valuer_per_share": 32.28,
            "book_valuer_per_share_4q_avg": 48.27,
            "equity": 2978363,
            "current_ratio": 173.65,
            "debt_ratio": 57.05,
            "inventory_turnover_ratio": 2.53,
            "account_receivable_turnover_ratio": 1.19,
            "reinvestment_rate": 13.17,
            "research_to_sale_ratio": 0.11,
            "price_fair": 351.31,
            "eps_avg_yearly": 10.04,
            "eps_latest_yearly": 9.92,
            "eps_growth_yearly": 151.08
        },
        "20132": {
            "year_quarter": 20132,
            "year": 2013,
            "quarter": 2,
            "eps": 2.71,
            "eps_growth_year": 61.48,
            "eps_4q": 7.29,
            "eps_4q_growth_year": 27.45,
            "roe": 4.44,
            "roe_4q": 25.849999999999998,
            "gross_profit": 279745,
            "gross_margin": 12.31,
            "gross_margin_4q_avg": 15.51,
            "net_income": 124919,
            "net_income_4q": null,
            "revenue": 2272290,
            "revenue_4q": null,
            "common_shares": 461359,
            "book_valuer_per_share": 28.64,
            "book_valuer_per_share_4q_avg": 43.06,
            "equity": 2642973,
            "current_ratio": 156.71,
            "debt_ratio": 63.04,
            "inventory_turnover_ratio": 2.35,
            "account_receivable_turnover_ratio": 1.09,
            "reinvestment_rate": 12.81,
            "research_to_sale_ratio": 0.41,
            "price_fair": 351.23,
            "eps_avg_yearly": 10.04,
            "eps_latest_yearly": 10.84,
            "eps_growth_yearly": 106.06
        },
        "20133": {
            "year_quarter": 20133,
            "year": 2013,
            "quarter": 3,
            "eps": 2.16,
            "eps_growth_year": 38.14,
            "eps_4q": 6.81,
            "eps_4q_growth_year": 17.4,
            "roe": 3.71,
            "roe_4q": 23.43,
            "gross_profit": 231242,
            "gross_margin": 12.16,
            "gross_margin_4q_avg": 12.98,
            "net_income": 99683,
            "net_income_4q": null,
            "revenue": 1902104,
            "revenue_4q": null,
            "common_shares": 461359,
            "book_valuer_per_share": 29.59,
            "book_valuer_per_share_4q_avg": 37.33,
            "equity": 2730015,
            "current_ratio": 171.78,
            "debt_ratio": 57.4,
            "inventory_turnover_ratio": 2.04,
            "account_receivable_turnover_ratio": 0.87,
            "reinvestment_rate": 12.56,
            "research_to_sale_ratio": 0.73,
            "price_fair": 350.18,
            "eps_avg_yearly": 10.01,
            "eps_latest_yearly": 8.64,
            "eps_growth_yearly": 105.03
        },
        "20134": {
            "year_quarter": 20134,
            "year": 2013,
            "quarter": 4,
            "eps": 1.38,
            "eps_growth_year": -55.93,
            "eps_4q": 5.05,
            "eps_4q_growth_year": -34.27,
            "roe": 4.53,
            "roe_4q": 16.7,
            "gross_profit": 273746,
            "gross_margin": 12.59,
            "gross_margin_4q_avg": 12.02,
            "net_income": 127388,
            "net_income_4q": null,
            "revenue": 2174706,
            "revenue_4q": null,
            "common_shares": 461359,
            "book_valuer_per_share": 31.41,
            "book_valuer_per_share_4q_avg": 30.48,
            "equity": 2898585,
            "current_ratio": 166.41,
            "debt_ratio": 58.62,
            "inventory_turnover_ratio": 2.38,
            "account_receivable_turnover_ratio": 1.03,
            "reinvestment_rate": 12.15,
            "research_to_sale_ratio": 0.83,
            "price_fair": 345.63,
            "eps_avg_yearly": 9.88,
            "eps_latest_yearly": 5.52,
            "eps_growth_yearly": 100.16
        },
        "20141": {
            "year_quarter": 20141,
            "year": 2014,
            "quarter": 1,
            "eps": 1.17,
            "eps_growth_year": -52.82,
            "eps_4q": 4.4,
            "eps_4q_growth_year": -42.24,
            "roe": 1.77,
            "roe_4q": 14.450000000000003,
            "gross_profit": 158473,
            "gross_margin": 11.57,
            "gross_margin_4q_avg": 12.16,
            "net_income": 51899,
            "net_income_4q": null,
            "revenue": 1369289,
            "revenue_4q": null,
            "common_shares": 461359,
            "book_valuer_per_share": 64.06,
            "book_valuer_per_share_4q_avg": 38.43,
            "equity": 2979349,
            "current_ratio": 175.48,
            "debt_ratio": 55.64,
            "inventory_turnover_ratio": 1.41,
            "account_receivable_turnover_ratio": 0.69,
            "reinvestment_rate": 13.31,
            "research_to_sale_ratio": 0.18,
            "price_fair": 304.59,
            "eps_avg_yearly": 8.7,
            "eps_latest_yearly": 4.68,
            "eps_growth_yearly": 44.26
        },
        "20142": {
            "year_quarter": 20142,
            "year": 2014,
            "quarter": 2,
            "eps": 2.44,
            "eps_growth_year": -9.96,
            "eps_4q": 4.27,
            "eps_4q_growth_year": -41.46,
            "roe": 3.97,
            "roe_4q": 13.98,
            "gross_profit": 273647,
            "gross_margin": 12.77,
            "gross_margin_4q_avg": 12.27,
            "net_income": 110771,
            "net_income_4q": null,
            "revenue": 2143433,
            "revenue_4q": null,
            "common_shares": 461359,
            "book_valuer_per_share": 55.95,
            "book_valuer_per_share_4q_avg": 45.25,
            "equity": 2602801,
            "current_ratio": 156.53,
            "debt_ratio": 61.75,
            "inventory_turnover_ratio": 2.32,
            "account_receivable_turnover_ratio": 1.1,
            "reinvestment_rate": 12.62,
            "research_to_sale_ratio": 0.76,
            "price_fair": 314.65,
            "eps_avg_yearly": 8.99,
            "eps_latest_yearly": 9.76,
            "eps_growth_yearly": 90.89
        },
        "20143": {
            "year_quarter": 20143,
            "year": 2014,
            "quarter": 3,
            "eps": -3.07,
            "eps_growth_year": -242.13,
            "eps_4q": 1.65,
            "eps_4q_growth_year": -75.73,
            "roe": -5.55,
            "roe_4q": 4.720000000000001,
            "gross_profit": -4286,
            "gross_margin": -0.22,
            "gross_margin_4q_avg": 9.18,
            "net_income": -143599,
            "net_income_4q": null,
            "revenue": 1945512,
            "revenue_4q": null,
            "common_shares": 461359,
            "book_valuer_per_share": 54.11,
            "book_valuer_per_share_4q_avg": 51.38,
            "equity": 2575621,
            "current_ratio": 156.03,
            "debt_ratio": 61.25,
            "inventory_turnover_ratio": 2.65,
            "account_receivable_turnover_ratio": 0.98,
            "reinvestment_rate": 14.55,
            "research_to_sale_ratio": 0.99,
            "price_fair": 307.07,
            "eps_avg_yearly": 8.77,
            "eps_latest_yearly": 9.76,
            "eps_growth_yearly": 60.36
        },
        "20144": {
            "year_quarter": 20144,
            "year": 2014,
            "quarter": 4,
            "eps": 0.76,
            "eps_growth_year": -45.23,
            "eps_4q": 1.03,
            "eps_4q_growth_year": -79.67,
            "roe": 2.67,
            "roe_4q": 2.8600000000000003,
            "gross_profit": 194461,
            "gross_margin": 9.16,
            "gross_margin_4q_avg": 8.32,
            "net_income": 69963,
            "net_income_4q": null,
            "revenue": 2123318,
            "revenue_4q": null,
            "common_shares": 461359,
            "book_valuer_per_share": 56.01,
            "book_valuer_per_share_4q_avg": 57.53,
            "equity": 2668378,
            "current_ratio": 155.35,
            "debt_ratio": 61.25,
            "inventory_turnover_ratio": 2.11,
            "account_receivable_turnover_ratio": 1.11,
            "reinvestment_rate": 15.39,
            "research_to_sale_ratio": 0.54,
            "price_fair": 305,
            "eps_avg_yearly": 8.71,
            "eps_latest_yearly": 9.76,
            "eps_growth_yearly": 70.83
        },
        "20151": {
            "year_quarter": 20151,
            "year": 2015,
            "quarter": 1,
            "eps": 1.16,
            "eps_growth_year": -0.85,
            "eps_4q": 1.01,
            "eps_4q_growth_year": -76.97,
            "roe": 2.01,
            "roe_4q": 3.1,
            "gross_profit": 198181,
            "gross_margin": 14.63,
            "gross_margin_4q_avg": 9.09,
            "net_income": 54556,
            "net_income_4q": null,
            "revenue": 1354283,
            "revenue_4q": null,
            "common_shares": 466159,
            "book_valuer_per_share": 56.36,
            "book_valuer_per_share_4q_avg": 55.61,
            "equity": 2747040,
            "current_ratio": 159.19,
            "debt_ratio": 60.08,
            "inventory_turnover_ratio": 1.01,
            "account_receivable_turnover_ratio": 0.72,
            "reinvestment_rate": 14.63,
            "research_to_sale_ratio": 0.95,
            "price_fair": 265.5,
            "eps_avg_yearly": 7.59,
            "eps_latest_yearly": 4.64,
            "eps_growth_yearly": 53.61
        },
        "20152": {
            "year_quarter": 20152,
            "year": 2015,
            "quarter": 2,
            "eps": 3.34,
            "eps_growth_year": 36.89,
            "eps_4q": 1.46,
            "eps_4q_growth_year": -65.89,
            "roe": 5.6,
            "roe_4q": 4.7299999999999995,
            "gross_profit": 344271,
            "gross_margin": 16.16,
            "gross_margin_4q_avg": 9.93,
            "net_income": 154737,
            "net_income_4q": null,
            "revenue": 2130099,
            "revenue_4q": null,
            "common_shares": 466159,
            "book_valuer_per_share": 57.24,
            "book_valuer_per_share_4q_avg": 55.93,
            "equity": 2783935,
            "current_ratio": 151.31,
            "debt_ratio": 63.18,
            "inventory_turnover_ratio": 1.39,
            "account_receivable_turnover_ratio": 0.99,
            "reinvestment_rate": 2.97,
            "research_to_sale_ratio": 0.98,
            "price_fair": 287.3,
            "eps_avg_yearly": 8.21,
            "eps_latest_yearly": 13.36,
            "eps_growth_yearly": 129.39
        },
        "20153": {
            "year_quarter": 20153,
            "year": 2015,
            "quarter": 3,
            "eps": 2.02,
            "eps_growth_year": null,
            "eps_4q": 3.97,
            "eps_4q_growth_year": 140.49,
            "roe": 3.39,
            "roe_4q": 13.67,
            "gross_profit": 277068,
            "gross_margin": 11.66,
            "gross_margin_4q_avg": 12.9,
            "net_income": 96959,
            "net_income_4q": null,
            "revenue": 2376616,
            "revenue_4q": null,
            "common_shares": 466159,
            "book_valuer_per_share": 60.26,
            "book_valuer_per_share_4q_avg": 57.47,
            "equity": 2931124,
            "current_ratio": 147.99,
            "debt_ratio": 64.77,
            "inventory_turnover_ratio": 1.53,
            "account_receivable_turnover_ratio": 0.88,
            "reinvestment_rate": 2.9,
            "research_to_sale_ratio": 1.04,
            "price_fair": 291,
            "eps_avg_yearly": 8.31,
            "eps_latest_yearly": 8.08,
            "eps_growth_yearly": 106.03
        },
        "20154": {
            "year_quarter": 20154,
            "year": 2015,
            "quarter": 4,
            "eps": 1.24,
            "eps_growth_year": 64.09,
            "eps_4q": 4.47,
            "eps_4q_growth_year": 334.52,
            "roe": 3.9,
            "roe_4q": 14.9,
            "gross_profit": 292089,
            "gross_margin": 10.83,
            "gross_margin_4q_avg": 13.32,
            "net_income": 116778,
            "net_income_4q": null,
            "revenue": 2697770,
            "revenue_4q": null,
            "common_shares": 466159,
            "book_valuer_per_share": 62.63,
            "book_valuer_per_share_4q_avg": 59.12,
            "equity": 3063817,
            "current_ratio": 152.84,
            "debt_ratio": 62.57,
            "inventory_turnover_ratio": 1.89,
            "account_receivable_turnover_ratio": 0.94,
            "reinvestment_rate": 4.64,
            "research_to_sale_ratio": 0.82,
            "price_fair": 291,
            "eps_avg_yearly": 8.31,
            "eps_latest_yearly": 4.96,
            "eps_growth_yearly": 102.09
        },
        "20161": {
            "year_quarter": 20161,
            "year": 2016,
            "quarter": 1,
            "eps": 1.63,
            "eps_growth_year": 40.52,
            "eps_4q": 4.63,
            "eps_4q_growth_year": 357.15,
            "roe": 2.46,
            "roe_4q": 15.35,
            "gross_profit": 300792,
            "gross_margin": 16.7,
            "gross_margin_4q_avg": 13.84,
            "net_income": 76103,
            "net_income_4q": null,
            "revenue": 1800710,
            "revenue_4q": null,
            "common_shares": 473359,
            "book_valuer_per_share": 63.2,
            "book_valuer_per_share_4q_avg": 60.83,
            "equity": 3134561,
            "current_ratio": 151.72,
            "debt_ratio": 63.11,
            "inventory_turnover_ratio": 1.17,
            "account_receivable_turnover_ratio": 0.67,
            "reinvestment_rate": 3.62,
            "research_to_sale_ratio": 0.26,
            "price_fair": 281,
            "eps_avg_yearly": 8.03,
            "eps_latest_yearly": 6.52,
            "eps_growth_yearly": 79.05
        },
        "20162": {
            "year_quarter": 20162,
            "year": 2016,
            "quarter": 2,
            "eps": 2.43,
            "eps_growth_year": -27.25,
            "eps_4q": 4.19,
            "eps_4q_growth_year": 187.65,
            "roe": 3.81,
            "roe_4q": 13.56,
            "gross_profit": 308680,
            "gross_margin": 14.13,
            "gross_margin_4q_avg": 13.33,
            "net_income": 116083,
            "net_income_4q": null,
            "revenue": 2183939,
            "revenue_4q": null,
            "common_shares": 473079,
            "book_valuer_per_share": 59.34,
            "book_valuer_per_share_4q_avg": 61.36,
            "equity": 2960146,
            "current_ratio": 142.07,
            "debt_ratio": 67.21,
            "inventory_turnover_ratio": 1.31,
            "account_receivable_turnover_ratio": 0.82,
            "reinvestment_rate": 1.98,
            "research_to_sale_ratio": 0.73,
            "price_fair": 288.5,
            "eps_avg_yearly": 8.24,
            "eps_latest_yearly": 9.72,
            "eps_growth_yearly": 103.4
        },
        "20163": {
            "year_quarter": 20163,
            "year": 2016,
            "quarter": 3,
            "eps": 2.96,
            "eps_growth_year": 46.53,
            "eps_4q": 4.65,
            "eps_4q_growth_year": 17.05,
            "roe": 4.67,
            "roe_4q": 14.840000000000002,
            "gross_profit": 403926,
            "gross_margin": 15.24,
            "gross_margin_4q_avg": 14.23,
            "net_income": 142009,
            "net_income_4q": null,
            "revenue": 2650153,
            "revenue_4q": null,
            "common_shares": 473079,
            "book_valuer_per_share": 62.07,
            "book_valuer_per_share_4q_avg": 61.81,
            "equity": 3115687,
            "current_ratio": 152.32,
            "debt_ratio": 62.73,
            "inventory_turnover_ratio": 1.89,
            "account_receivable_turnover_ratio": 1.01,
            "reinvestment_rate": 1.97,
            "research_to_sale_ratio": 1.44,
            "price_fair": 302.5,
            "eps_avg_yearly": 8.64,
            "eps_latest_yearly": 11.84,
            "eps_growth_yearly": 111.67
        },
        "20164": {
            "year_quarter": 20164,
            "year": 2016,
            "quarter": 4,
            "eps": 1.18,
            "eps_growth_year": -4.52,
            "eps_4q": 4.62,
            "eps_4q_growth_year": 3.41,
            "roe": 3.68,
            "roe_4q": 14.620000000000001,
            "gross_profit": 296674,
            "gross_margin": 16.76,
            "gross_margin_4q_avg": 15.71,
            "net_income": 119667,
            "net_income_4q": null,
            "revenue": 1769619,
            "revenue_4q": null,
            "common_shares": 472369,
            "book_valuer_per_share": 64.85,
            "book_valuer_per_share_4q_avg": 62.37,
            "equity": 3380636,
            "current_ratio": 151.37,
            "debt_ratio": 61.95,
            "inventory_turnover_ratio": 1.39,
            "account_receivable_turnover_ratio": 0.71,
            "reinvestment_rate": 2,
            "research_to_sale_ratio": 1.03,
            "price_fair": 283,
            "eps_avg_yearly": 8.09,
            "eps_latest_yearly": 4.72,
            "eps_growth_yearly": 65.73
        },
        "20171": {
            "year_quarter": 20171,
            "year": 2017,
            "quarter": 1,
            "eps": 4.47,
            "eps_growth_year": 174.23,
            "eps_4q": 6.01,
            "eps_4q_growth_year": 29.73,
            "roe": 7.03,
            "roe_4q": 19.19,
            "gross_profit": 520696,
            "gross_margin": 18.99,
            "gross_margin_4q_avg": 16.28,
            "net_income": 244713,
            "net_income_4q": null,
            "revenue": 2742648,
            "revenue_4q": null,
            "common_shares": 472369,
            "book_valuer_per_share": 34.18,
            "book_valuer_per_share_4q_avg": 55.11,
            "equity": 3577042,
            "current_ratio": 153.52,
            "debt_ratio": 61.4,
            "inventory_turnover_ratio": 1.87,
            "account_receivable_turnover_ratio": 1.16,
            "reinvestment_rate": 1.41,
            "research_to_sale_ratio": 0.56,
            "price_fair": 302.9,
            "eps_avg_yearly": 8.65,
            "eps_latest_yearly": 17.88,
            "eps_growth_yearly": 151.33
        },
        "20172": {
            "year_quarter": 20172,
            "year": 2017,
            "quarter": 2,
            "eps": 5.27,
            "eps_growth_year": 116.87,
            "eps_4q": 7.42,
            "eps_4q_growth_year": 77.16,
            "roe": 7.75,
            "roe_4q": 23.130000000000003,
            "gross_profit": 522779,
            "gross_margin": 17.62,
            "gross_margin_4q_avg": 17.15,
            "net_income": 272206,
            "net_income_4q": null,
            "revenue": 2967291,
            "revenue_4q": null,
            "common_shares": 471529,
            "book_valuer_per_share": 66.06,
            "book_valuer_per_share_4q_avg": 56.79,
            "equity": 3446361,
            "current_ratio": 144.37,
            "debt_ratio": 65.55,
            "inventory_turnover_ratio": 1.96,
            "account_receivable_turnover_ratio": 1.13,
            "reinvestment_rate": 3.2,
            "research_to_sale_ratio": 0.43,
            "price_fair": 328.5,
            "eps_avg_yearly": 9.39,
            "eps_latest_yearly": 21.08,
            "eps_growth_yearly": 153.79
        },
        "20173": {
            "year_quarter": 20173,
            "year": 2017,
            "quarter": 3,
            "eps": 3.99,
            "eps_growth_year": 34.8,
            "eps_4q": 7.93,
            "eps_4q_growth_year": 70.54,
            "roe": 5.93,
            "roe_4q": 24.39,
            "gross_profit": 443544,
            "gross_margin": 16.39,
            "gross_margin_4q_avg": 17.44,
            "net_income": 211178,
            "net_income_4q": null,
            "revenue": 2706982,
            "revenue_4q": null,
            "common_shares": 471529,
            "book_valuer_per_share": 70.38,
            "book_valuer_per_share_4q_avg": 58.87,
            "equity": 3678080,
            "current_ratio": 147.94,
            "debt_ratio": 64.31,
            "inventory_turnover_ratio": 1.61,
            "account_receivable_turnover_ratio": 0.98,
            "reinvestment_rate": 3.31,
            "research_to_sale_ratio": 0.85,
            "price_fair": 346.8,
            "eps_avg_yearly": 9.91,
            "eps_latest_yearly": 15.96,
            "eps_growth_yearly": 152.65
        },
        "20174": {
            "year_quarter": 20174,
            "year": 2017,
            "quarter": 4,
            "eps": 2.19,
            "eps_growth_year": 84.5,
            "eps_4q": 8.93,
            "eps_4q_growth_year": 93.38,
            "roe": 6.09,
            "roe_4q": 26.8,
            "gross_profit": 556850,
            "gross_margin": 18.43,
            "gross_margin_4q_avg": 17.86,
            "net_income": 254043,
            "net_income_4q": null,
            "revenue": 3020761,
            "revenue_4q": null,
            "common_shares": 471529,
            "book_valuer_per_share": 82.16,
            "book_valuer_per_share_4q_avg": 63.2,
            "equity": 4664521,
            "current_ratio": 161.86,
            "debt_ratio": 59.63,
            "inventory_turnover_ratio": 1.56,
            "account_receivable_turnover_ratio": 1.18,
            "reinvestment_rate": 1.39,
            "research_to_sale_ratio": 1.37,
            "price_fair": 354.9,
            "eps_avg_yearly": 10.14,
            "eps_latest_yearly": 8.76,
            "eps_growth_yearly": 150.08
        },
        "20181": {
            "year_quarter": 20181,
            "year": 2018,
            "quarter": 1,
            "eps": 4.28,
            "eps_growth_year": -4.25,
            "eps_4q": 8.85,
            "eps_4q_growth_year": 47.26,
            "roe": 4.86,
            "roe_4q": 24.63,
            "gross_profit": 573315,
            "gross_margin": 18.93,
            "gross_margin_4q_avg": 17.84,
            "net_income": 235525,
            "net_income_4q": null,
            "revenue": 3028937,
            "revenue_4q": null,
            "common_shares": 471529,
            "book_valuer_per_share": 88.01,
            "book_valuer_per_share_4q_avg": 76.65,
            "equity": 5020653,
            "current_ratio": 172.47,
            "debt_ratio": 56.9,
            "inventory_turnover_ratio": 2.21,
            "account_receivable_turnover_ratio": 1.12,
            "reinvestment_rate": 0.92,
            "research_to_sale_ratio": 0.98,
            "price_fair": 386,
            "eps_avg_yearly": 11.03,
            "eps_latest_yearly": 17.12,
            "eps_growth_yearly": 181.69
        },
        "20182": {
            "year_quarter": 20182,
            "year": 2018,
            "quarter": 2,
            "eps": 8.01,
            "eps_growth_year": 51.99,
            "eps_4q": 9.4,
            "eps_4q_growth_year": 26.78,
            "roe": 10.65,
            "roe_4q": 27.53,
            "gross_profit": 850565,
            "gross_margin": 18.44,
            "gross_margin_4q_avg": 18.05,
            "net_income": 523180,
            "net_income_4q": null,
            "revenue": 4612242,
            "revenue_4q": null,
            "common_shares": 471489,
            "book_valuer_per_share": 84.3,
            "book_valuer_per_share_4q_avg": 81.21,
            "equity": 4808877,
            "current_ratio": 159.93,
            "debt_ratio": 61.43,
            "inventory_turnover_ratio": 9.08,
            "account_receivable_turnover_ratio": 1.31,
            "reinvestment_rate": 1.19,
            "research_to_sale_ratio": 0.75,
            "price_fair": 441.7,
            "eps_avg_yearly": 12.62,
            "eps_latest_yearly": 32.04,
            "eps_growth_yearly": 175.58
        },
        "20183": {
            "year_quarter": 20183,
            "year": 2018,
            "quarter": 3,
            "eps": 5.59,
            "eps_growth_year": 40.1,
            "eps_4q": 10.48,
            "eps_4q_growth_year": 32.07,
            "roe": 7.08,
            "roe_4q": 28.68,
            "gross_profit": 648134,
            "gross_margin": 16.91,
            "gross_margin_4q_avg": 18.18,
            "net_income": 354744,
            "net_income_4q": null,
            "revenue": 3831947,
            "revenue_4q": null,
            "common_shares": 542218,
            "book_valuer_per_share": 77.71,
            "book_valuer_per_share_4q_avg": 83.05,
            "equity": 5209554,
            "current_ratio": 176.95,
            "debt_ratio": 56.17,
            "inventory_turnover_ratio": 11.02,
            "account_receivable_turnover_ratio": 1.04,
            "reinvestment_rate": 1.2,
            "research_to_sale_ratio": 0.68,
            "price_fair": 464.43,
            "eps_avg_yearly": 13.27,
            "eps_latest_yearly": 22.36,
            "eps_growth_yearly": 155.82
        },
        "20184": {
            "year_quarter": 20184,
            "year": 2018,
            "quarter": 4,
            "eps": 1.1,
            "eps_growth_year": -49.7,
            "eps_4q": 9.68,
            "eps_4q_growth_year": 8.36,
            "roe": 3.06,
            "roe_4q": 25.65,
            "gross_profit": 464165,
            "gross_margin": 16.89,
            "gross_margin_4q_avg": 17.79,
            "net_income": 161983,
            "net_income_4q": null,
            "revenue": 2747527,
            "revenue_4q": null,
            "common_shares": 542028,
            "book_valuer_per_share": 80.24,
            "book_valuer_per_share_4q_avg": 82.57,
            "equity": 5381512,
            "current_ratio": 183.95,
            "debt_ratio": 54.32,
            "inventory_turnover_ratio": 7.1,
            "account_receivable_turnover_ratio": 0.83,
            "reinvestment_rate": 1.83,
            "research_to_sale_ratio": 1.34,
            "price_fair": 445.03,
            "eps_avg_yearly": 12.72,
            "eps_latest_yearly": 4.4,
            "eps_growth_yearly": 126
        },
        "20191": {
            "year_quarter": 20191,
            "year": 2019,
            "quarter": 1,
            "eps": 4.33,
            "eps_growth_year": 1.17,
            "eps_4q": 10,
            "eps_4q_growth_year": 13.06,
            "roe": 5.31,
            "roe_4q": 26.1,
            "gross_profit": 587254,
            "gross_margin": 21.29,
            "gross_margin_4q_avg": 18.38,
            "net_income": 294345,
            "net_income_4q": null,
            "revenue": 2757745,
            "revenue_4q": null,
            "common_shares": 542028,
            "book_valuer_per_share": 85.03,
            "book_valuer_per_share_4q_avg": 81.82,
            "equity": 5712323,
            "current_ratio": 198.31,
            "debt_ratio": 51.28,
            "inventory_turnover_ratio": 5.47,
            "account_receivable_turnover_ratio": 0.79,
            "reinvestment_rate": 2.55,
            "research_to_sale_ratio": 1.1,
            "price_fair": 472.76,
            "eps_avg_yearly": 13.51,
            "eps_latest_yearly": 17.32,
            "eps_growth_yearly": 186.25
        },
        "20192": {
            "year_quarter": 20192,
            "year": 2019,
            "quarter": 2,
            "eps": 5.45,
            "eps_growth_year": -31.96,
            "eps_4q": 8.75,
            "eps_4q_growth_year": -6.96,
            "roe": 6.13,
            "roe_4q": 21.58,
            "gross_profit": 700654,
            "gross_margin": 18.92,
            "gross_margin_4q_avg": 18.5,
            "net_income": 328604,
            "net_income_4q": null,
            "revenue": 3702405,
            "revenue_4q": null,
            "common_shares": 541868,
            "book_valuer_per_share": 75.24,
            "book_valuer_per_share_4q_avg": 79.56,
            "equity": 5003453,
            "current_ratio": 168.26,
            "debt_ratio": 59.28,
            "inventory_turnover_ratio": 5.91,
            "account_receivable_turnover_ratio": 0.97,
            "reinvestment_rate": 3.23,
            "research_to_sale_ratio": 1.2,
            "price_fair": 491.23,
            "eps_avg_yearly": 14.04,
            "eps_latest_yearly": 21.8,
            "eps_growth_yearly": 145.73
        },
        "20193": {
            "year_quarter": 20193,
            "year": 2019,
            "quarter": 3,
            "eps": 4.58,
            "eps_growth_year": -18.07,
            "eps_4q": 8.26,
            "eps_4q_growth_year": -21.14,
            "roe": 6.29,
            "roe_4q": 20.79,
            "gross_profit": 612594,
            "gross_margin": 20.58,
            "gross_margin_4q_avg": 19.42,
            "net_income": 322418,
            "net_income_4q": null,
            "revenue": 2976279,
            "revenue_4q": null,
            "common_shares": 541868,
            "book_valuer_per_share": 78.64,
            "book_valuer_per_share_4q_avg": 79.79,
            "equity": 5244235,
            "current_ratio": 193.01,
            "debt_ratio": 52.48,
            "inventory_turnover_ratio": 5.09,
            "account_receivable_turnover_ratio": 0.71,
            "reinvestment_rate": 3.09,
            "research_to_sale_ratio": 1.24,
            "price_fair": 513.63,
            "eps_avg_yearly": 14.68,
            "eps_latest_yearly": 18.32,
            "eps_growth_yearly": 151.62
        },
        "20194": {
            "year_quarter": 20194,
            "year": 2019,
            "quarter": 4,
            "eps": 2.4,
            "eps_growth_year": 118.27,
            "eps_4q": 9.56,
            "eps_4q_growth_year": -1.2,
            "roe": 6.13,
            "roe_4q": 23.86,
            "gross_profit": 671837,
            "gross_margin": 20.75,
            "gross_margin_4q_avg": 20.39,
            "net_income": 330917,
            "net_income_4q": null,
            "revenue": 3238457,
            "revenue_4q": null,
            "common_shares": 541868,
            "book_valuer_per_share": 83.11,
            "book_valuer_per_share_4q_avg": 80.51,
            "equity": 5549042,
            "current_ratio": 189.09,
            "debt_ratio": 53.73,
            "inventory_turnover_ratio": 5.89,
            "account_receivable_turnover_ratio": 0.8,
            "reinvestment_rate": 2,
            "research_to_sale_ratio": 1.07,
            "price_fair": 523.78,
            "eps_avg_yearly": 14.97,
            "eps_latest_yearly": 9.6,
            "eps_growth_yearly": 149.38
        },
        "20201": {
            "year_quarter": 20201,
            "year": 2020,
            "quarter": 1,
            "eps": 4.01,
            "eps_growth_year": -7.39,
            "eps_4q": 9.41,
            "eps_4q_growth_year": -5.91,
            "roe": 5.02,
            "roe_4q": 23.569999999999997,
            "gross_profit": 510264,
            "gross_margin": 16.57,
            "gross_margin_4q_avg": 19.21,
            "net_income": 264235,
            "net_income_4q": null,
            "revenue": 3079957,
            "revenue_4q": null,
            "common_shares": 541868,
            "book_valuer_per_share": 71.68,
            "book_valuer_per_share_4q_avg": 77.17,
            "equity": 4975783,
            "current_ratio": 176.16,
            "debt_ratio": 57.48,
            "inventory_turnover_ratio": 4.9,
            "account_receivable_turnover_ratio": 0.82,
            "reinvestment_rate": 2.31,
            "research_to_sale_ratio": 1.2,
            "price_fair": 544.6,
            "eps_avg_yearly": 15.56,
            "eps_latest_yearly": 16.04,
            "eps_growth_yearly": 158.28
        },
        "20202": {
            "year_quarter": 20202,
            "year": 2020,
            "quarter": 2,
            "eps": 5.36,
            "eps_growth_year": -1.65,
            "eps_4q": 9.38,
            "eps_4q_growth_year": 7.15,
            "roe": 7.33,
            "roe_4q": 24.77,
            "gross_profit": 728700,
            "gross_margin": 18.89,
            "gross_margin_4q_avg": 19.2,
            "net_income": 371984,
            "net_income_4q": null,
            "revenue": 3857558,
            "revenue_4q": null,
            "common_shares": 541868,
            "book_valuer_per_share": 76.54,
            "book_valuer_per_share_4q_avg": 77.49,
            "equity": 5170379,
            "current_ratio": 165.5,
            "debt_ratio": 60.57,
            "inventory_turnover_ratio": 7.54,
            "account_receivable_turnover_ratio": 1.05,
            "reinvestment_rate": 2.3,
            "research_to_sale_ratio": 0.99,
            "price_fair": 570.24,
            "eps_avg_yearly": 16.29,
            "eps_latest_yearly": 21.44,
            "eps_growth_yearly": 154.43
        },
        "20203": {
            "year_quarter": 20203,
            "year": 2020,
            "quarter": 3,
            "eps": 3.48,
            "eps_growth_year": -24.02,
            "eps_4q": 8.83,
            "eps_4q_growth_year": 6.85,
            "roe": 4.42,
            "roe_4q": 22.9,
            "gross_profit": 515472,
            "gross_margin": 15.55,
            "gross_margin_4q_avg": 17.94,
            "net_income": 234726,
            "net_income_4q": null,
            "revenue": 3315224,
            "revenue_4q": null,
            "common_shares": 541868,
            "book_valuer_per_share": 80.45,
            "book_valuer_per_share_4q_avg": 77.95,
            "equity": 5439727,
            "current_ratio": 174.57,
            "debt_ratio": 57.9,
            "inventory_turnover_ratio": 11.24,
            "account_receivable_turnover_ratio": 0.84,
            "reinvestment_rate": 2.29,
            "research_to_sale_ratio": 1.71,
            "price_fair": 574.79,
            "eps_avg_yearly": 16.42,
            "eps_latest_yearly": 13.92,
            "eps_growth_yearly": 140.21
        },
        "20204": {
            "year_quarter": 20204,
            "year": 2020,
            "quarter": 4,
            "eps": 1.38,
            "eps_growth_year": -42.56,
            "eps_4q": 4.89,
            "eps_4q_growth_year": -48.88,
            "roe": 5.59,
            "roe_4q": 22.36,
            "gross_profit": 764070,
            "gross_margin": 20.52,
            "gross_margin_4q_avg": 17.88,
            "net_income": 327868,
            "net_income_4q": null,
            "revenue": 3724271,
            "revenue_4q": null,
            "common_shares": 541868,
            "book_valuer_per_share": 89.99,
            "book_valuer_per_share_4q_avg": 79.67,
            "equity": 6298480,
            "current_ratio": 189.8,
            "debt_ratio": 58.34,
            "inventory_turnover_ratio": 12.85,
            "account_receivable_turnover_ratio": 0.91,
            "reinvestment_rate": 5.38,
            "research_to_sale_ratio": 1.32,
            "price_fair": 576.54,
            "eps_avg_yearly": 16.47,
            "eps_latest_yearly": 5.52,
            "eps_growth_yearly": 140.16
        },
        "20211": {
            "year_quarter": 20211,
            "year": 2021,
            "quarter": 1,
            "eps": 3.13,
            "eps_growth_year": -21.95,
            "eps_4q": 8.14,
            "eps_4q_growth_year": -13.48,
            "roe": 3.46,
            "roe_4q": 20.8,
            "gross_profit": 507318,
            "gross_margin": 14.19,
            "gross_margin_4q_avg": 17.29,
            "net_income": 213609,
            "net_income_4q": null,
            "revenue": 3575581,
            "revenue_4q": null,
            "common_shares": 571868,
            "book_valuer_per_share": 81.71,
            "book_valuer_per_share_4q_avg": 82.17,
            "equity": 6046822,
            "current_ratio": 170.61,
            "debt_ratio": 63.47,
            "inventory_turnover_ratio": 10.43,
            "account_receivable_turnover_ratio": 0.85,
            "reinvestment_rate": 5.83,
            "research_to_sale_ratio": 0.93,
            "price_fair": 564.81,
            "eps_avg_yearly": 16.14,
            "eps_latest_yearly": 12.52,
            "eps_growth_yearly": 102.16
        },
        "20212": {
            "year_quarter": 20212,
            "year": 2021,
            "quarter": 2,
            "eps": 5.81,
            "eps_growth_year": 8.4,
            "eps_4q": 8.51,
            "eps_4q_growth_year": -9.28,
            "roe": 6.89,
            "roe_4q": 20.36,
            "gross_profit": 884305,
            "gross_margin": 16.24,
            "gross_margin_4q_avg": 16.63,
            "net_income": 429226,
            "net_income_4q": null,
            "revenue": 5444159,
            "revenue_4q": null,
            "common_shares": 571868,
            "book_valuer_per_share": 87.11,
            "book_valuer_per_share_4q_avg": 84.82,
            "equity": 6415509,
            "current_ratio": 169.97,
            "debt_ratio": 63.39,
            "inventory_turnover_ratio": 10.81,
            "account_receivable_turnover_ratio": 1.13,
            "reinvestment_rate": 4.89,
            "research_to_sale_ratio": 0.71,
            "price_fair": 569.54,
            "eps_avg_yearly": 16.27,
            "eps_latest_yearly": 23.24,
            "eps_growth_yearly": 119.09
        },
        "20213": {
            "year_quarter": 20213,
            "year": 2021,
            "quarter": 3,
            "eps": 5.71,
            "eps_growth_year": 64.08,
            "eps_4q": 9.71,
            "eps_4q_growth_year": 10.03,
            "roe": 6.17,
            "roe_4q": 22.11,
            "gross_profit": 863495,
            "gross_margin": 17.16,
            "gross_margin_4q_avg": 17.03,
            "net_income": 405696,
            "net_income_4q": null,
            "revenue": 5031590,
            "revenue_4q": null,
            "common_shares": 571868,
            "book_valuer_per_share": 91.95,
            "book_valuer_per_share_4q_avg": 87.69,
            "equity": 6739333,
            "current_ratio": 177.3,
            "debt_ratio": 61.4,
            "inventory_turnover_ratio": 7.99,
            "account_receivable_turnover_ratio": 0.97,
            "reinvestment_rate": 4.36,
            "research_to_sale_ratio": 1.13,
            "price_fair": 584.59,
            "eps_avg_yearly": 16.7,
            "eps_latest_yearly": 22.84,
            "eps_growth_yearly": 124.73
        },
        "20214": {
            "year_quarter": 20214,
            "year": 2021,
            "quarter": 4,
            "eps": 3.21,
            "eps_growth_year": 132.94,
            "eps_4q": 10.53,
            "eps_4q_growth_year": 115.44,
            "roe": 7.2,
            "roe_4q": 23.720000000000002,
            "gross_profit": 1027681,
            "gross_margin": 16.67,
            "gross_margin_4q_avg": 16.07,
            "net_income": 505341,
            "net_income_4q": null,
            "revenue": 6165895,
            "revenue_4q": null,
            "common_shares": 571868,
            "book_valuer_per_share": 98.52,
            "book_valuer_per_share_4q_avg": 89.82,
            "equity": 7295998,
            "current_ratio": 176.59,
            "debt_ratio": 60.99,
            "inventory_turnover_ratio": 9.25,
            "account_receivable_turnover_ratio": 1.12,
            "reinvestment_rate": 4.39,
            "research_to_sale_ratio": 1.28,
            "price_fair": 593.51,
            "eps_avg_yearly": 16.96,
            "eps_latest_yearly": 12.84,
            "eps_growth_yearly": 125.06
        },
        "20221": {
            "year_quarter": 20221,
            "year": 2022,
            "quarter": 1,
            "eps": 6.16,
            "eps_growth_year": 96.81,
            "eps_4q": 12.04,
            "eps_4q_growth_year": 47.89,
            "roe": 6.86,
            "roe_4q": 27.12,
            "gross_profit": 928301,
            "gross_margin": 17.33,
            "gross_margin_4q_avg": 16.85,
            "net_income": 486127,
            "net_income_4q": null,
            "revenue": 5355197,
            "revenue_4q": null,
            "common_shares": 572686,
            "book_valuer_per_share": 90.77,
            "book_valuer_per_share_4q_avg": 92.09,
            "equity": 6872414,
            "current_ratio": 160.56,
            "debt_ratio": 65.47,
            "inventory_turnover_ratio": 6.18,
            "account_receivable_turnover_ratio": 0.87,
            "reinvestment_rate": 4.52,
            "research_to_sale_ratio": 1.1,
            "price_fair": 609.96,
            "eps_avg_yearly": 17.43,
            "eps_latest_yearly": 24.64,
            "eps_growth_yearly": 124.18
        },
        "20222": {
            "year_quarter": 20222,
            "year": 2022,
            "quarter": 2,
            "eps": 6.42,
            "eps_growth_year": 10.5,
            "eps_4q": 12.35,
            "eps_4q_growth_year": 45.16,
            "roe": 7.06,
            "roe_4q": 27.29,
            "gross_profit": 1044359,
            "gross_margin": 15.96,
            "gross_margin_4q_avg": 16.78,
            "net_income": 497769,
            "net_income_4q": null,
            "revenue": 6543367,
            "revenue_4q": null,
            "common_shares": 572686,
            "book_valuer_per_share": 96.05,
            "book_valuer_per_share_4q_avg": 94.32,
            "equity": 7220358,
            "current_ratio": 156.3,
            "debt_ratio": 66.65,
            "inventory_turnover_ratio": 5.83,
            "account_receivable_turnover_ratio": 0.98,
            "reinvestment_rate": 4.62,
            "research_to_sale_ratio": 0.99,
            "price_fair": 596.05,
            "eps_avg_yearly": 17.03,
            "eps_latest_yearly": 25.68,
            "eps_growth_yearly": 103.45
        },
        "20223": {
            "year_quarter": 20223,
            "year": 2022,
            "quarter": 3,
            "eps": 5.57,
            "eps_growth_year": -2.45,
            "eps_4q": 15.02,
            "eps_4q_growth_year": 54.65,
            "roe": 9.05,
            "roe_4q": 30.169999999999998,
            "gross_profit": 1297914,
            "gross_margin": 15.57,
            "gross_margin_4q_avg": 16.38,
            "net_income": 793748,
            "net_income_4q": null,
            "revenue": 8337961,
            "revenue_4q": null,
            "common_shares": 573040,
            "book_valuer_per_share": 62.81,
            "book_valuer_per_share_4q_avg": 87.04,
            "equity": 10329742,
            "current_ratio": 166.76,
            "debt_ratio": 62.1,
            "inventory_turnover_ratio": 6.4,
            "account_receivable_turnover_ratio": 1.06,
            "reinvestment_rate": 6.24,
            "research_to_sale_ratio": 0.61,
            "price_fair": 595.88,
            "eps_avg_yearly": 17.03,
            "eps_latest_yearly": 22.28,
            "eps_growth_yearly": 107.69
        },
        "20224": {
            "year_quarter": 20224,
            "year": 2022,
            "quarter": 4,
            "eps": 4.9,
            "eps_growth_year": 52.5,
            "eps_4q": 16.48,
            "eps_4q_growth_year": 56.54,
            "roe": 6.83,
            "roe_4q": 29.8,
            "gross_profit": 1507577,
            "gross_margin": 18.78,
            "gross_margin_4q_avg": 16.91,
            "net_income": 721692,
            "net_income_4q": null,
            "revenue": 8025860,
            "revenue_4q": null,
            "common_shares": 574673,
            "book_valuer_per_share": 64.67,
            "book_valuer_per_share_4q_avg": 78.58,
            "equity": 10798675,
            "current_ratio": 173.38,
            "debt_ratio": 60.18,
            "inventory_turnover_ratio": 5.34,
            "account_receivable_turnover_ratio": 0.94,
            "reinvestment_rate": 5.74,
            "research_to_sale_ratio": 2,
            "price_fair": 629.13,
            "eps_avg_yearly": 17.98,
            "eps_latest_yearly": 19.6,
            "eps_growth_yearly": 124.76
        },
        "20231": {
            "year_quarter": 20231,
            "year": 2023,
            "quarter": 1,
            "eps": 3.75,
            "eps_growth_year": -39.12,
            "eps_4q": 16.61,
            "eps_4q_growth_year": 37.96,
            "roe": 5.39,
            "roe_4q": 28.33,
            "gross_profit": 1105082,
            "gross_margin": 19.82,
            "gross_margin_4q_avg": 17.53,
            "net_income": 578496,
            "net_income_4q": null,
            "revenue": 5576674,
            "revenue_4q": null,
            "common_shares": 588022,
            "book_valuer_per_share": 61.16,
            "book_valuer_per_share_4q_avg": 71.17,
            "equity": 10668354,
            "current_ratio": 180.02,
            "debt_ratio": 58.12,
            "inventory_turnover_ratio": 3.08,
            "account_receivable_turnover_ratio": 0.7,
            "reinvestment_rate": 5.57,
            "research_to_sale_ratio": 1.59,
            "price_fair": 624.05,
            "eps_avg_yearly": 17.83,
            "eps_latest_yearly": 15,
            "eps_growth_yearly": 45.49
        },
        "20232": {
            "year_quarter": 20232,
            "year": 2023,
            "quarter": 2,
            "eps": 4.42,
            "eps_growth_year": -31.15,
            "eps_4q": 17.93,
            "eps_4q_growth_year": 45.21,
            "roe": 6.91,
            "roe_4q": 28.180000000000003,
            "gross_profit": 1347487,
            "gross_margin": 21.06,
            "gross_margin_4q_avg": 18.81,
            "net_income": 767440,
            "net_income_4q": null,
            "revenue": 6396961,
            "revenue_4q": null,
            "common_shares": 610314,
            "book_valuer_per_share": 66.07,
            "book_valuer_per_share_4q_avg": 63.68,
            "equity": 11550950,
            "current_ratio": 182.62,
            "debt_ratio": 56.29,
            "inventory_turnover_ratio": 2.93,
            "account_receivable_turnover_ratio": 0.9,
            "reinvestment_rate": 5.22,
            "research_to_sale_ratio": 1.06,
            "price_fair": 615.04,
            "eps_avg_yearly": 17.57,
            "eps_latest_yearly": 17.68,
            "eps_growth_yearly": 43.49
        },
        "20233": {
            "year_quarter": 20233,
            "year": 2023,
            "quarter": 3,
            "eps": 4.11,
            "eps_growth_year": -26.21,
            "eps_4q": 16.67,
            "eps_4q_growth_year": 11.02,
            "roe": 5.5,
            "roe_4q": 24.630000000000003,
            "gross_profit": 1237725,
            "gross_margin": 19.15,
            "gross_margin_4q_avg": 19.7,
            "net_income": 670971,
            "net_income_4q": null,
            "revenue": 6463080,
            "revenue_4q": null,
            "common_shares": 615889,
            "book_valuer_per_share": 71.8,
            "book_valuer_per_share_4q_avg": 65.93,
            "equity": 12861918,
            "current_ratio": 194.57,
            "debt_ratio": 52.05,
            "inventory_turnover_ratio": 2.73,
            "account_receivable_turnover_ratio": 0.97,
            "reinvestment_rate": 5.21,
            "research_to_sale_ratio": 1.22,
            "price_fair": 610.93,
            "eps_avg_yearly": 17.46,
            "eps_latest_yearly": 16.44,
            "eps_growth_yearly": 45.72
        }
    },
    "months": {
        "2009-11": {
            "month": "2009-11",
            "price": "55.17",
            "revenue": 165793
        },
        "2009-12": {
            "month": "2009-12",
            "price": "52.08",
            "revenue": 139028
        },
        "2010-01": {
            "month": "2010-01",
            "price": "55.63",
            "revenue": 351385
        },
        "2010-02": {
            "month": "2010-02",
            "price": "56.67",
            "revenue": 42350
        },
        "2010-03": {
            "month": "2010-03",
            "price": "63.85",
            "revenue": 218660
        },
        "2010-04": {
            "month": "2010-04",
            "price": "75.96",
            "revenue": 325759
        },
        "2010-05": {
            "month": "2010-05",
            "price": "92.97",
            "revenue": 39174
        },
        "2010-06": {
            "month": "2010-06",
            "price": "94.60",
            "revenue": 196686
        },
        "2010-07": {
            "month": "2010-07",
            "price": "96.92",
            "revenue": 312800
        },
        "2010-08": {
            "month": "2010-08",
            "price": "101.25",
            "revenue": 268171
        },
        "2010-09": {
            "month": "2010-09",
            "price": "110.30",
            "revenue": 400348
        },
        "2010-10": {
            "month": "2010-10",
            "price": "108.62",
            "revenue": 273385
        },
        "2010-11": {
            "month": "2010-11",
            "price": "119.07",
            "revenue": 211203
        },
        "2010-12": {
            "month": "2010-12",
            "price": "147.11",
            "revenue": 451820
        },
        "2011-01": {
            "month": "2011-01",
            "price": "164.00",
            "revenue": 154048
        },
        "2011-02": {
            "month": "2011-02",
            "price": "145.14",
            "revenue": 429826
        },
        "2011-03": {
            "month": "2011-03",
            "price": "158.39",
            "revenue": 170009
        },
        "2011-04": {
            "month": "2011-04",
            "price": "168.53",
            "revenue": 109218
        },
        "2011-05": {
            "month": "2011-05",
            "price": "169.81",
            "revenue": 409004
        },
        "2011-06": {
            "month": "2011-06",
            "price": "176.98",
            "revenue": 313199
        },
        "2011-07": {
            "month": "2011-07",
            "price": "168.43",
            "revenue": 113367
        },
        "2011-08": {
            "month": "2011-08",
            "price": "141.85",
            "revenue": 144884
        },
        "2011-09": {
            "month": "2011-09",
            "price": "123.83",
            "revenue": 538396
        },
        "2011-10": {
            "month": "2011-10",
            "price": "116.95",
            "revenue": 186671
        },
        "2011-11": {
            "month": "2011-11",
            "price": "106.26",
            "revenue": 316693
        },
        "2011-12": {
            "month": "2011-12",
            "price": "94.92",
            "revenue": 542304
        },
        "2012-01": {
            "month": "2012-01",
            "price": "102.29",
            "revenue": 142654
        },
        "2012-02": {
            "month": "2012-02",
            "price": "116.92",
            "revenue": 119925
        },
        "2012-03": {
            "month": "2012-03",
            "price": "135.50",
            "revenue": 316744
        },
        "2012-04": {
            "month": "2012-04",
            "price": "122.62",
            "revenue": 312804
        },
        "2012-05": {
            "month": "2012-05",
            "price": "122.07",
            "revenue": 184457
        },
        "2012-06": {
            "month": "2012-06",
            "price": "121.12",
            "revenue": 143690
        },
        "2012-07": {
            "month": "2012-07",
            "price": "121.18",
            "revenue": 102070
        },
        "2012-08": {
            "month": "2012-08",
            "price": "112.32",
            "revenue": 148309
        },
        "2012-09": {
            "month": "2012-09",
            "price": "114.28",
            "revenue": 295750
        },
        "2012-10": {
            "month": "2012-10",
            "price": "110.75",
            "revenue": 166116
        },
        "2012-11": {
            "month": "2012-11",
            "price": "105.82",
            "revenue": 205720
        },
        "2012-12": {
            "month": "2012-12",
            "price": "123.52",
            "revenue": 1170254
        },
        "2013-01": {
            "month": "2013-01",
            "price": "127.89",
            "revenue": 838777
        },
        "2013-02": {
            "month": "2013-02",
            "price": "132.65",
            "revenue": 654184
        },
        "2013-03": {
            "month": "2013-03",
            "price": "147.67",
            "revenue": 757769
        },
        "2013-04": {
            "month": "2013-04",
            "price": "142.78",
            "revenue": 917656
        },
        "2013-05": {
            "month": "2013-05",
            "price": "138.48",
            "revenue": 584271
        },
        "2013-06": {
            "month": "2013-06",
            "price": "129.79",
            "revenue": 826605
        },
        "2013-07": {
            "month": "2013-07",
            "price": "123.30",
            "revenue": 515009
        },
        "2013-08": {
            "month": "2013-08",
            "price": "118.67",
            "revenue": 606687
        },
        "2013-09": {
            "month": "2013-09",
            "price": "117.92",
            "revenue": 780408
        },
        "2013-10": {
            "month": "2013-10",
            "price": "122.66",
            "revenue": 681748
        },
        "2013-11": {
            "month": "2013-11",
            "price": "121.62",
            "revenue": 618275
        },
        "2013-12": {
            "month": "2013-12",
            "price": "121.27",
            "revenue": 874683
        },
        "2014-01": {
            "month": "2014-01",
            "price": "121.33",
            "revenue": 527141
        },
        "2014-02": {
            "month": "2014-02",
            "price": "120.00",
            "revenue": 391825
        },
        "2014-03": {
            "month": "2014-03",
            "price": "124.93",
            "revenue": 450323
        },
        "2014-04": {
            "month": "2014-04",
            "price": "119.24",
            "revenue": 586906
        },
        "2014-05": {
            "month": "2014-05",
            "price": "107.07",
            "revenue": 627637
        },
        "2014-06": {
            "month": "2014-06",
            "price": "109.00",
            "revenue": 928891
        },
        "2014-07": {
            "month": "2014-07",
            "price": "101.69",
            "revenue": 719650
        },
        "2014-08": {
            "month": "2014-08",
            "price": "94.41",
            "revenue": 628045
        },
        "2014-09": {
            "month": "2014-09",
            "price": "94.31",
            "revenue": 597816
        },
        "2014-10": {
            "month": "2014-10",
            "price": "82.05",
            "revenue": 691907
        },
        "2014-11": {
            "month": "2014-11",
            "price": "79.08",
            "revenue": 756421
        },
        "2014-12": {
            "month": "2014-12",
            "price": "84.57",
            "revenue": 674989
        },
        "2015-01": {
            "month": "2015-01",
            "price": "83.10",
            "revenue": 456764
        },
        "2015-02": {
            "month": "2015-02",
            "price": "80.42",
            "revenue": 335905
        },
        "2015-03": {
            "month": "2015-03",
            "price": "80.27",
            "revenue": 561614
        },
        "2015-04": {
            "month": "2015-04",
            "price": "77.69",
            "revenue": 632683
        },
        "2015-05": {
            "month": "2015-05",
            "price": "72.42",
            "revenue": 588108
        },
        "2015-06": {
            "month": "2015-06",
            "price": "68.84",
            "revenue": 909308
        },
        "2015-07": {
            "month": "2015-07",
            "price": "70.83",
            "revenue": 643766
        },
        "2015-08": {
            "month": "2015-08",
            "price": "78.58",
            "revenue": 832121
        },
        "2015-09": {
            "month": "2015-09",
            "price": "77.69",
            "revenue": 900729
        },
        "2015-10": {
            "month": "2015-10",
            "price": "86.15",
            "revenue": 957940
        },
        "2015-11": {
            "month": "2015-11",
            "price": "89.06",
            "revenue": 1014062
        },
        "2015-12": {
            "month": "2015-12",
            "price": "87.03",
            "revenue": 725768
        },
        "2016-01": {
            "month": "2016-01",
            "price": "79.56",
            "revenue": 582304
        },
        "2016-02": {
            "month": "2016-02",
            "price": "83.05",
            "revenue": 434837
        },
        "2016-03": {
            "month": "2016-03",
            "price": "87.45",
            "revenue": 783569
        },
        "2016-04": {
            "month": "2016-04",
            "price": "86.22",
            "revenue": 563542
        },
        "2016-05": {
            "month": "2016-05",
            "price": "81.42",
            "revenue": 738619
        },
        "2016-06": {
            "month": "2016-06",
            "price": "81.03",
            "revenue": 881778
        },
        "2016-07": {
            "month": "2016-07",
            "price": "83.78",
            "revenue": 1214563
        },
        "2016-08": {
            "month": "2016-08",
            "price": "88.60",
            "revenue": 611450
        },
        "2016-09": {
            "month": "2016-09",
            "price": "84.37",
            "revenue": 824140
        },
        "2016-10": {
            "month": "2016-10",
            "price": "83.66",
            "revenue": 381590
        },
        "2016-11": {
            "month": "2016-11",
            "price": "85.29",
            "revenue": 737571
        },
        "2016-12": {
            "month": "2016-12",
            "price": "92.01",
            "revenue": 650458
        },
        "2017-01": {
            "month": "2017-01",
            "price": "93.29",
            "revenue": 810940
        },
        "2017-02": {
            "month": "2017-02",
            "price": "98.71",
            "revenue": 745408
        },
        "2017-03": {
            "month": "2017-03",
            "price": "124.35",
            "revenue": 1186301
        },
        "2017-04": {
            "month": "2017-04",
            "price": "130.08",
            "revenue": 1003954
        },
        "2017-05": {
            "month": "2017-05",
            "price": "151.15",
            "revenue": 969759
        },
        "2017-06": {
            "month": "2017-06",
            "price": "166.67",
            "revenue": 993578
        },
        "2017-07": {
            "month": "2017-07",
            "price": "175.55",
            "revenue": 768113
        },
        "2017-08": {
            "month": "2017-08",
            "price": "183.74",
            "revenue": 1012382
        },
        "2017-09": {
            "month": "2017-09",
            "price": "176.20",
            "revenue": 926486
        },
        "2017-10": {
            "month": "2017-10",
            "price": "178.92",
            "revenue": 715126
        },
        "2017-11": {
            "month": "2017-11",
            "price": "183.11",
            "revenue": 1148728
        },
        "2017-12": {
            "month": "2017-12",
            "price": "200.67",
            "revenue": 1156907
        },
        "2018-01": {
            "month": "2018-01",
            "price": "206.91",
            "revenue": 1054941
        },
        "2018-02": {
            "month": "2018-02",
            "price": "200.96",
            "revenue": 777359
        },
        "2018-03": {
            "month": "2018-03",
            "price": "223.07",
            "revenue": 1196637
        },
        "2018-04": {
            "month": "2018-04",
            "price": "226.31",
            "revenue": 1196411
        },
        "2018-05": {
            "month": "2018-05",
            "price": "225.73",
            "revenue": 1302605
        },
        "2018-06": {
            "month": "2018-06",
            "price": "228.65",
            "revenue": 2113226
        },
        "2018-07": {
            "month": "2018-07",
            "price": "207.55",
            "revenue": 1392196
        },
        "2018-08": {
            "month": "2018-08",
            "price": "215.17",
            "revenue": 1306840
        },
        "2018-09": {
            "month": "2018-09",
            "price": "204.84",
            "revenue": 1132911
        },
        "2018-10": {
            "month": "2018-10",
            "price": "173.25",
            "revenue": 871139
        },
        "2018-11": {
            "month": "2018-11",
            "price": "169.07",
            "revenue": 984807
        },
        "2018-12": {
            "month": "2018-12",
            "price": "175.43",
            "revenue": 891581
        },
        "2019-01": {
            "month": "2019-01",
            "price": "167.76",
            "revenue": 1193300
        },
        "2019-02": {
            "month": "2019-02",
            "price": "181.50",
            "revenue": 515241
        },
        "2019-03": {
            "month": "2019-03",
            "price": "183.38",
            "revenue": 1049204
        },
        "2019-04": {
            "month": "2019-04",
            "price": "182.62",
            "revenue": 1171633
        },
        "2019-05": {
            "month": "2019-05",
            "price": "181.73",
            "revenue": 1321933
        },
        "2019-06": {
            "month": "2019-06",
            "price": "181.32",
            "revenue": 1208839
        },
        "2019-07": {
            "month": "2019-07",
            "price": "166.26",
            "revenue": 929535
        },
        "2019-08": {
            "month": "2019-08",
            "price": "157.52",
            "revenue": 865528
        },
        "2019-09": {
            "month": "2019-09",
            "price": "159.58",
            "revenue": 1181216
        },
        "2019-10": {
            "month": "2019-10",
            "price": "163.95",
            "revenue": 964570
        },
        "2019-11": {
            "month": "2019-11",
            "price": "176.60",
            "revenue": 1177588
        },
        "2019-12": {
            "month": "2019-12",
            "price": "181.50",
            "revenue": 1096299
        },
        "2020-01": {
            "month": "2020-01",
            "price": "180.87",
            "revenue": 1056168
        },
        "2020-02": {
            "month": "2020-02",
            "price": "174.95",
            "revenue": 827344
        },
        "2020-03": {
            "month": "2020-03",
            "price": "178.80",
            "revenue": 1196445
        },
        "2020-04": {
            "month": "2020-04",
            "price": "188.82",
            "revenue": 1403860
        },
        "2020-05": {
            "month": "2020-05",
            "price": "212.42",
            "revenue": 1074567
        },
        "2020-06": {
            "month": "2020-06",
            "price": "211.78",
            "revenue": 1379130
        },
        "2020-07": {
            "month": "2020-07",
            "price": "194.91",
            "revenue": 1051701
        },
        "2020-08": {
            "month": "2020-08",
            "price": "197.83",
            "revenue": 1161627
        },
        "2020-09": {
            "month": "2020-09",
            "price": "197.70",
            "revenue": 1101896
        },
        "2020-10": {
            "month": "2020-10",
            "price": "190.13",
            "revenue": 979286
        },
        "2020-11": {
            "month": "2020-11",
            "price": "191.86",
            "revenue": 1113391
        },
        "2020-12": {
            "month": "2020-12",
            "price": "190.85",
            "revenue": 1631594
        },
        "2021-01": {
            "month": "2021-01",
            "price": "189.40",
            "revenue": 1287927
        },
        "2021-02": {
            "month": "2021-02",
            "price": "195.50",
            "revenue": 882838
        },
        "2021-03": {
            "month": "2021-03",
            "price": "199.05",
            "revenue": 1404816
        },
        "2021-04": {
            "month": "2021-04",
            "price": "201.63",
            "revenue": 1934219
        },
        "2021-05": {
            "month": "2021-05",
            "price": "189.60",
            "revenue": 1662306
        },
        "2021-06": {
            "month": "2021-06",
            "price": "195.26",
            "revenue": 1847634
        },
        "2021-07": {
            "month": "2021-07",
            "price": "188.20",
            "revenue": 1552194
        },
        "2021-08": {
            "month": "2021-08",
            "price": "186.36",
            "revenue": 1579929
        },
        "2021-09": {
            "month": "2021-09",
            "price": "186.02",
            "revenue": 1899467
        },
        "2021-10": {
            "month": "2021-10",
            "price": "182.45",
            "revenue": 1825311
        },
        "2021-11": {
            "month": "2021-11",
            "price": "192.52",
            "revenue": 2202688
        },
        "2021-12": {
            "month": "2021-12",
            "price": "199.61",
            "revenue": 2137896
        },
        "2022-01": {
            "month": "2022-01",
            "price": "224.36",
            "revenue": 1598021
        },
        "2022-02": {
            "month": "2022-02",
            "price": "223.10",
            "revenue": 1343124
        },
        "2022-03": {
            "month": "2022-03",
            "price": "208.85",
            "revenue": 2437337
        },
        "2022-04": {
            "month": "2022-04",
            "price": "202.11",
            "revenue": 1868542
        },
        "2022-05": {
            "month": "2022-05",
            "price": "198.88",
            "revenue": 1975025
        },
        "2022-06": {
            "month": "2022-06",
            "price": "196.74",
            "revenue": 2699800
        },
        "2022-07": {
            "month": "2022-07",
            "price": "180.86",
            "revenue": 2809440
        },
        "2022-08": {
            "month": "2022-08",
            "price": "197.85",
            "revenue": 2768042
        },
        "2022-09": {
            "month": "2022-09",
            "price": "133.55",
            "revenue": 2760479
        },
        "2022-10": {
            "month": "2022-10",
            "price": "95.98",
            "revenue": 2313633
        },
        "2022-11": {
            "month": "2022-11",
            "price": "97.74",
            "revenue": 2938979
        },
        "2022-12": {
            "month": "2022-12",
            "price": "103.89",
            "revenue": 2773248
        },
        "2023-01": {
            "month": "2023-01",
            "price": "104.85",
            "revenue": 1431622
        },
        "2023-02": {
            "month": "2023-02",
            "price": "113.44",
            "revenue": 1829658
        },
        "2023-03": {
            "month": "2023-03",
            "price": "131.46",
            "revenue": 2315394
        },
        "2023-04": {
            "month": "2023-04",
            "price": "137.74",
            "revenue": 2238198
        },
        "2023-05": {
            "month": "2023-05",
            "price": "144.61",
            "revenue": 2056208
        },
        "2023-06": {
            "month": "2023-06",
            "price": "151.82",
            "revenue": 2102555
        },
        "2023-07": {
            "month": "2023-07",
            "price": "150.52",
            "revenue": 1917166
        },
        "2023-08": {
            "month": "2023-08",
            "price": "152.95",
            "revenue": 1964154
        },
        "2023-09": {
            "month": "2023-09",
            "price": "155.68",
            "revenue": 2581760
        },
        "2023-10": {
            "month": "2023-10",
            "price": "178.35",
            "revenue": 2018897
        },
        "2023-11": {
            "month": "2023-11",
            "price": "177.57",
            "revenue": 2237861
        },
        "2023-12": {
            "month": "2023-12",
            "price": "178.43",
            "revenue": 2367268
        }
    }
}
