{
    "summary": {
        "stock_name": "東明-KY",
        "stock_id": "5538",
        "category": "鋼鐵",
        "main_business": "專營不銹鋼緊固件及不銹鋼線材生產與銷售。<br>特殊緊固件的國際貿易。",
        "website_url": "http://www.tonggroup.com.tw",
        "ceo": "蔡弘泉",
        "pe_ratio": 15,
        "report_year_from": 2011,
        "report_year_to": 2023,
        "age": 13,
        "eps_negative_percentage": 0,
        "eps_growth_avg": {
            "last_all": 14.54,
            "last_2y": -4.85,
            "last_4y": -4.32,
            "last_8y": 5.04,
            "last_12y": null,
            "last_16y": null,
            "last_20y": null,
            "at_2006_last_3y": null,
            "at_2007_last_3y": null,
            "at_2008_last_3y": null,
            "at_2009_last_3y": null,
            "at_2010_last_3y": null,
            "at_2011_last_3y": null,
            "at_2012_last_3y": null,
            "at_2013_last_3y": null,
            "at_2014_last_3y": null,
            "at_2015_last_3y": null,
            "at_2016_last_3y": null,
            "at_2017_last_3y": 47.14,
            "at_2018_last_3y": 16.73,
            "at_2019_last_3y": 26.8,
            "at_2020_last_3y": 4.57,
            "at_2021_last_3y": 17.84,
            "at_2022_last_3y": 12.6,
            "at_2023_last_3y": -2.1,
            "at_2024_last_3y": -2.1,
            "at_2006_last_all": null,
            "at_2007_last_all": null,
            "at_2008_last_all": null,
            "at_2009_last_all": null,
            "at_2010_last_all": null,
            "at_2011_last_all": null,
            "at_2012_last_all": null,
            "at_2013_last_all": null,
            "at_2014_last_all": null,
            "at_2015_last_all": 23.28,
            "at_2016_last_all": 47.21,
            "at_2017_last_all": 47.14,
            "at_2018_last_all": 33.39,
            "at_2019_last_all": 25.63,
            "at_2020_last_all": 22.84,
            "at_2021_last_all": 32.49,
            "at_2022_last_all": 24.15,
            "at_2023_last_all": 14.54,
            "at_2024_last_all": 14.54
        },
        "latest_eps": 2.21,
        "latest_price": 32.1,
        "latest_roe": 6.53,
        "latest_gross_margin": 13.79,
        "latest_equity": 6794847,
        "latest_revenue": 3042793,
        "latest_gross_profit": 419700,
        "latest_net_income": 163842,
        "latest_debt_ratio": 47.68,
        "latest_current_ratio": 217.95,
        "latest_account_receivable_turnover_ratio": 1.19,
        "latest_inventory_turnover_ratio": 0.54,
        "latest_reinvestment_rate": 51.25,
        "latest_research_to_sale_ratio": 0.25
    },
    "eps_dividends": {
        "2001": {
            "cash": 0,
            "stock": 0,
            "eps": 0
        },
        "2002": {
            "cash": 0,
            "stock": 0,
            "eps": 0
        },
        "2003": {
            "cash": 0,
            "stock": 0,
            "eps": 0
        },
        "2004": {
            "cash": 0,
            "stock": 0,
            "eps": 0
        },
        "2005": {
            "cash": 0,
            "stock": 0,
            "eps": 0
        },
        "2006": {
            "cash": 0,
            "stock": 0,
            "eps": 0
        },
        "2007": {
            "cash": 0,
            "stock": 0,
            "eps": 0
        },
        "2008": {
            "cash": 0,
            "stock": 0,
            "eps": 0
        },
        "2009": {
            "cash": 0,
            "stock": 0,
            "eps": 0
        },
        "2010": {
            "cash": 0,
            "stock": 0,
            "eps": 0
        },
        "2011": {
            "cash": 0,
            "stock": 0,
            "eps": 0
        },
        "2012": {
            "cash": 0,
            "stock": 0,
            "eps": 0
        },
        "2013": {
            "cash": 3,
            "stock": 0,
            "eps": 1.02
        },
        "2014": {
            "cash": 1.25,
            "stock": 0,
            "eps": 3.05
        },
        "2015": {
            "cash": 2.2,
            "stock": 0,
            "eps": 1.42
        },
        "2016": {
            "cash": 1,
            "stock": 0,
            "eps": 2.77
        },
        "2017": {
            "cash": 2,
            "stock": 0,
            "eps": 4.07
        },
        "2018": {
            "cash": 2.5,
            "stock": 0,
            "eps": 3.19
        },
        "2019": {
            "cash": 2,
            "stock": 0,
            "eps": 2.77
        },
        "2020": {
            "cash": 1.5,
            "stock": 0,
            "eps": 2.94
        },
        "2021": {
            "cash": 1.8,
            "stock": 0,
            "eps": 7.89
        },
        "2022": {
            "cash": 3.2,
            "stock": 0,
            "eps": 4.53
        },
        "2023": {
            "cash": 2,
            "stock": 0,
            "eps": 1.27
        }
    },
    "dividends": {
        "2013-04-12": {
            "cash": 3,
            "stock": 0
        },
        "2014-09-19": {
            "cash": 1.25,
            "stock": 0
        },
        "2015-08-14": {
            "cash": 2.2,
            "stock": 0
        },
        "2016-08-19": {
            "cash": 1,
            "stock": 0
        },
        "2017-08-16": {
            "cash": 2,
            "stock": 0
        },
        "2018-08-13": {
            "cash": 2.5,
            "stock": 0
        },
        "2019-08-07": {
            "cash": 2,
            "stock": 0
        },
        "2020-08-13": {
            "cash": 1.5,
            "stock": 0
        },
        "2021-08-31": {
            "cash": 1.8,
            "stock": 0
        },
        "2022-08-10": {
            "cash": 3.2,
            "stock": 0
        },
        "2023-07-25": {
            "cash": 2,
            "stock": 0
        }
    },
    "prices": {
        "200101": "無",
        "200102": "無",
        "200103": "無",
        "200104": "無",
        "200105": "無",
        "200106": "無",
        "200107": "無",
        "200108": "無",
        "200109": "無",
        "200110": "無",
        "200111": "無",
        "200112": "無",
        "200201": "無",
        "200202": "無",
        "200203": "無",
        "200204": "無",
        "200205": "無",
        "200206": "無",
        "200207": "無",
        "200208": "無",
        "200209": "無",
        "200210": "無",
        "200211": "無",
        "200212": "無",
        "200301": "無",
        "200302": "無",
        "200303": "無",
        "200304": "無",
        "200305": "無",
        "200306": "無",
        "200307": "無",
        "200308": "無",
        "200309": "無",
        "200310": "無",
        "200311": "無",
        "200312": "無",
        "200401": "無",
        "200402": "無",
        "200403": "無",
        "200404": "無",
        "200405": "無",
        "200406": "無",
        "200407": "無",
        "200408": "無",
        "200409": "無",
        "200410": "無",
        "200411": "無",
        "200412": "無",
        "200501": "無",
        "200502": "無",
        "200503": "無",
        "200504": "無",
        "200505": "無",
        "200506": "無",
        "200507": "無",
        "200508": "無",
        "200509": "無",
        "200510": "無",
        "200511": "無",
        "200512": "無",
        "200601": "無",
        "200602": "無",
        "200603": "無",
        "200604": "無",
        "200605": "無",
        "200606": "無",
        "200607": "無",
        "200608": "無",
        "200609": "無",
        "200610": "無",
        "200611": "無",
        "200612": "無",
        "200701": "無",
        "200702": "無",
        "200703": "無",
        "200704": "無",
        "200705": "無",
        "200706": "無",
        "200707": "無",
        "200708": "無",
        "200709": "無",
        "200710": "無",
        "200711": "無",
        "200712": "無",
        "200801": "無",
        "200802": "無",
        "200803": "無",
        "200804": "無",
        "200805": "無",
        "200806": "無",
        "200807": "無",
        "200808": "無",
        "200809": "無",
        "200810": "無",
        "200811": "無",
        "200812": "無",
        "200901": "無",
        "200902": "無",
        "200903": "無",
        "200904": "無",
        "200905": "無",
        "200906": "無",
        "200907": "無",
        "200908": "無",
        "200909": "無",
        "200910": "無",
        "200911": "無",
        "200912": "無",
        "201001": "無",
        "201002": "無",
        "201003": "無",
        "201004": "無",
        "201005": "無",
        "201006": "無",
        "201007": "無",
        "201008": "無",
        "201009": "無",
        "201010": "無",
        "201011": "無",
        "201012": "無",
        "201101": "無",
        "201102": "無",
        "201103": "無",
        "201104": "無",
        "201105": "無",
        "201106": "無",
        "201107": "無",
        "201108": "無",
        "201109": "無",
        "201110": "無",
        "201111": "無",
        "201112": "無",
        "201201": "無",
        "201202": "無",
        "201203": "無",
        "201204": "無",
        "201205": "無",
        "201206": "無",
        "201207": "無",
        "201208": "無",
        "201209": "無",
        "201210": "無",
        "201211": "無",
        "201212": "無",
        "201301": "無",
        "201302": "無",
        "201303": "無",
        "201304": "無",
        "201305": "無",
        "201306": "無",
        "201307": "無",
        "201308": "無",
        "201309": "無",
        "201310": "無",
        "201311": "無",
        "201312": "25.75",
        "201401": "25.63",
        "201402": "24.55",
        "201403": "25.59",
        "201404": "27.66",
        "201405": "27.93",
        "201406": "27.24",
        "201407": "27.25",
        "201408": "30.22",
        "201409": "31.18",
        "201410": "30.93",
        "201411": "31.64",
        "201412": "30.90",
        "201501": "31.68",
        "201502": "31.67",
        "201503": "33.17",
        "201504": "32.72",
        "201505": "32.00",
        "201506": "29.56",
        "201507": "27.66",
        "201508": "24.75",
        "201509": "25.11",
        "201510": "26.98",
        "201511": "26.82",
        "201512": "25.11",
        "201601": "24.56",
        "201602": "25.48",
        "201603": "25.64",
        "201604": "25.36",
        "201605": "25.15",
        "201606": "25.39",
        "201607": "25.77",
        "201608": "25.57",
        "201609": "25.41",
        "201610": "25.46",
        "201611": "25.04",
        "201612": "27.74",
        "201701": "28.85",
        "201702": "28.75",
        "201703": "29.17",
        "201704": "29.38",
        "201705": "28.80",
        "201706": "30.64",
        "201707": "31.37",
        "201708": "31.46",
        "201709": "31.74",
        "201710": "34.20",
        "201711": "34.73",
        "201712": "35.60",
        "201801": "40.07",
        "201802": "42.37",
        "201803": "41.47",
        "201804": "42.82",
        "201805": "42.53",
        "201806": "42.00",
        "201807": "40.72",
        "201808": "42.28",
        "201809": "41.99",
        "201810": "39.73",
        "201811": "38.10",
        "201812": "36.84",
        "201901": "35.20",
        "201902": "36.38",
        "201903": "36.87",
        "201904": "36.69",
        "201905": "35.97",
        "201906": "35.40",
        "201907": "34.41",
        "201908": "32.77",
        "201909": "33.46",
        "201910": "33.35",
        "201911": "32.56",
        "201912": "31.90",
        "202001": "33.00",
        "202002": "32.64",
        "202003": "28.60",
        "202004": "27.75",
        "202005": "29.24",
        "202006": "29.11",
        "202007": "30.02",
        "202008": "30.18",
        "202009": "31.54",
        "202010": "32.02",
        "202011": "32.40",
        "202012": "36.25",
        "202101": "38.20",
        "202102": "36.40",
        "202103": "37.40",
        "202104": "41.91",
        "202105": "42.53",
        "202106": "44.50",
        "202107": "46.91",
        "202108": "42.15",
        "202109": "41.68",
        "202110": "41.40",
        "202111": "48.77",
        "202112": "52.58",
        "202201": "54.97",
        "202202": "58.77",
        "202203": "59.48",
        "202204": "54.67",
        "202205": "50.01",
        "202206": "48.45",
        "202207": "43.90",
        "202208": "44.00",
        "202209": "44.60",
        "202210": "44.15",
        "202211": "42.18",
        "202212": "42.05",
        "202301": "42.70",
        "202302": "43.33",
        "202303": "41.70",
        "202304": "41.88",
        "202305": "41.20",
        "202306": "39.93",
        "202307": "36.52",
        "202308": "34.17",
        "202309": "33.86",
        "202310": "32.44",
        "202311": "32.88",
        "202312": "34.35"
    },
    "quarters": {
        "20011": {
            "year_quarter": 20011,
            "year": 2001,
            "quarter": 1,
            "eps": null,
            "eps_growth_year": null,
            "eps_4q": null,
            "eps_4q_growth_year": null,
            "roe": null,
            "roe_4q": 0,
            "gross_profit": null,
            "gross_margin": null,
            "gross_margin_4q_avg": 0,
            "net_income": null,
            "net_income_4q": null,
            "revenue": null,
            "revenue_4q": null,
            "common_shares": null,
            "book_valuer_per_share": null,
            "book_valuer_per_share_4q_avg": 0,
            "equity": null,
            "current_ratio": null,
            "debt_ratio": null,
            "inventory_turnover_ratio": null,
            "account_receivable_turnover_ratio": null,
            "reinvestment_rate": null,
            "research_to_sale_ratio": null,
            "price_fair": 0,
            "eps_avg_yearly": 0,
            "eps_latest_yearly": 0,
            "eps_growth_yearly": 0
        },
        "20012": {
            "year_quarter": 20012,
            "year": 2001,
            "quarter": 2,
            "eps": null,
            "eps_growth_year": null,
            "eps_4q": null,
            "eps_4q_growth_year": null,
            "roe": null,
            "roe_4q": 0,
            "gross_profit": null,
            "gross_margin": null,
            "gross_margin_4q_avg": 0,
            "net_income": null,
            "net_income_4q": null,
            "revenue": null,
            "revenue_4q": null,
            "common_shares": null,
            "book_valuer_per_share": null,
            "book_valuer_per_share_4q_avg": 0,
            "equity": null,
            "current_ratio": null,
            "debt_ratio": null,
            "inventory_turnover_ratio": null,
            "account_receivable_turnover_ratio": null,
            "reinvestment_rate": null,
            "research_to_sale_ratio": null,
            "price_fair": 0,
            "eps_avg_yearly": 0,
            "eps_latest_yearly": 0,
            "eps_growth_yearly": 0
        },
        "20013": {
            "year_quarter": 20013,
            "year": 2001,
            "quarter": 3,
            "eps": null,
            "eps_growth_year": null,
            "eps_4q": null,
            "eps_4q_growth_year": null,
            "roe": null,
            "roe_4q": 0,
            "gross_profit": null,
            "gross_margin": null,
            "gross_margin_4q_avg": 0,
            "net_income": null,
            "net_income_4q": null,
            "revenue": null,
            "revenue_4q": null,
            "common_shares": null,
            "book_valuer_per_share": null,
            "book_valuer_per_share_4q_avg": 0,
            "equity": null,
            "current_ratio": null,
            "debt_ratio": null,
            "inventory_turnover_ratio": null,
            "account_receivable_turnover_ratio": null,
            "reinvestment_rate": null,
            "research_to_sale_ratio": null,
            "price_fair": 0,
            "eps_avg_yearly": 0,
            "eps_latest_yearly": 0,
            "eps_growth_yearly": 0
        },
        "20014": {
            "year_quarter": 20014,
            "year": 2001,
            "quarter": 4,
            "eps": null,
            "eps_growth_year": null,
            "eps_4q": null,
            "eps_4q_growth_year": null,
            "roe": null,
            "roe_4q": 0,
            "gross_profit": null,
            "gross_margin": null,
            "gross_margin_4q_avg": 0,
            "net_income": null,
            "net_income_4q": null,
            "revenue": null,
            "revenue_4q": null,
            "common_shares": null,
            "book_valuer_per_share": null,
            "book_valuer_per_share_4q_avg": 0,
            "equity": null,
            "current_ratio": null,
            "debt_ratio": null,
            "inventory_turnover_ratio": null,
            "account_receivable_turnover_ratio": null,
            "reinvestment_rate": null,
            "research_to_sale_ratio": null,
            "price_fair": 0,
            "eps_avg_yearly": 0,
            "eps_latest_yearly": 0,
            "eps_growth_yearly": 0
        },
        "20021": {
            "year_quarter": 20021,
            "year": 2002,
            "quarter": 1,
            "eps": null,
            "eps_growth_year": null,
            "eps_4q": null,
            "eps_4q_growth_year": null,
            "roe": null,
            "roe_4q": 0,
            "gross_profit": null,
            "gross_margin": null,
            "gross_margin_4q_avg": 0,
            "net_income": null,
            "net_income_4q": null,
            "revenue": null,
            "revenue_4q": null,
            "common_shares": null,
            "book_valuer_per_share": null,
            "book_valuer_per_share_4q_avg": 0,
            "equity": null,
            "current_ratio": null,
            "debt_ratio": null,
            "inventory_turnover_ratio": null,
            "account_receivable_turnover_ratio": null,
            "reinvestment_rate": null,
            "research_to_sale_ratio": null,
            "price_fair": 0,
            "eps_avg_yearly": 0,
            "eps_latest_yearly": 0,
            "eps_growth_yearly": 0
        },
        "20022": {
            "year_quarter": 20022,
            "year": 2002,
            "quarter": 2,
            "eps": null,
            "eps_growth_year": null,
            "eps_4q": null,
            "eps_4q_growth_year": null,
            "roe": null,
            "roe_4q": 0,
            "gross_profit": null,
            "gross_margin": null,
            "gross_margin_4q_avg": 0,
            "net_income": null,
            "net_income_4q": null,
            "revenue": null,
            "revenue_4q": null,
            "common_shares": null,
            "book_valuer_per_share": null,
            "book_valuer_per_share_4q_avg": 0,
            "equity": null,
            "current_ratio": null,
            "debt_ratio": null,
            "inventory_turnover_ratio": null,
            "account_receivable_turnover_ratio": null,
            "reinvestment_rate": null,
            "research_to_sale_ratio": null,
            "price_fair": 0,
            "eps_avg_yearly": 0,
            "eps_latest_yearly": 0,
            "eps_growth_yearly": 0
        },
        "20023": {
            "year_quarter": 20023,
            "year": 2002,
            "quarter": 3,
            "eps": null,
            "eps_growth_year": null,
            "eps_4q": null,
            "eps_4q_growth_year": null,
            "roe": null,
            "roe_4q": 0,
            "gross_profit": null,
            "gross_margin": null,
            "gross_margin_4q_avg": 0,
            "net_income": null,
            "net_income_4q": null,
            "revenue": null,
            "revenue_4q": null,
            "common_shares": null,
            "book_valuer_per_share": null,
            "book_valuer_per_share_4q_avg": 0,
            "equity": null,
            "current_ratio": null,
            "debt_ratio": null,
            "inventory_turnover_ratio": null,
            "account_receivable_turnover_ratio": null,
            "reinvestment_rate": null,
            "research_to_sale_ratio": null,
            "price_fair": 0,
            "eps_avg_yearly": 0,
            "eps_latest_yearly": 0,
            "eps_growth_yearly": 0
        },
        "20024": {
            "year_quarter": 20024,
            "year": 2002,
            "quarter": 4,
            "eps": null,
            "eps_growth_year": null,
            "eps_4q": null,
            "eps_4q_growth_year": null,
            "roe": null,
            "roe_4q": 0,
            "gross_profit": null,
            "gross_margin": null,
            "gross_margin_4q_avg": 0,
            "net_income": null,
            "net_income_4q": null,
            "revenue": null,
            "revenue_4q": null,
            "common_shares": null,
            "book_valuer_per_share": null,
            "book_valuer_per_share_4q_avg": 0,
            "equity": null,
            "current_ratio": null,
            "debt_ratio": null,
            "inventory_turnover_ratio": null,
            "account_receivable_turnover_ratio": null,
            "reinvestment_rate": null,
            "research_to_sale_ratio": null,
            "price_fair": 0,
            "eps_avg_yearly": 0,
            "eps_latest_yearly": 0,
            "eps_growth_yearly": 0
        },
        "20031": {
            "year_quarter": 20031,
            "year": 2003,
            "quarter": 1,
            "eps": null,
            "eps_growth_year": null,
            "eps_4q": null,
            "eps_4q_growth_year": null,
            "roe": null,
            "roe_4q": 0,
            "gross_profit": null,
            "gross_margin": null,
            "gross_margin_4q_avg": 0,
            "net_income": null,
            "net_income_4q": null,
            "revenue": null,
            "revenue_4q": null,
            "common_shares": null,
            "book_valuer_per_share": null,
            "book_valuer_per_share_4q_avg": 0,
            "equity": null,
            "current_ratio": null,
            "debt_ratio": null,
            "inventory_turnover_ratio": null,
            "account_receivable_turnover_ratio": null,
            "reinvestment_rate": null,
            "research_to_sale_ratio": null,
            "price_fair": 0,
            "eps_avg_yearly": 0,
            "eps_latest_yearly": 0,
            "eps_growth_yearly": 0
        },
        "20032": {
            "year_quarter": 20032,
            "year": 2003,
            "quarter": 2,
            "eps": null,
            "eps_growth_year": null,
            "eps_4q": null,
            "eps_4q_growth_year": null,
            "roe": null,
            "roe_4q": 0,
            "gross_profit": null,
            "gross_margin": null,
            "gross_margin_4q_avg": 0,
            "net_income": null,
            "net_income_4q": null,
            "revenue": null,
            "revenue_4q": null,
            "common_shares": null,
            "book_valuer_per_share": null,
            "book_valuer_per_share_4q_avg": 0,
            "equity": null,
            "current_ratio": null,
            "debt_ratio": null,
            "inventory_turnover_ratio": null,
            "account_receivable_turnover_ratio": null,
            "reinvestment_rate": null,
            "research_to_sale_ratio": null,
            "price_fair": 0,
            "eps_avg_yearly": 0,
            "eps_latest_yearly": 0,
            "eps_growth_yearly": 0
        },
        "20033": {
            "year_quarter": 20033,
            "year": 2003,
            "quarter": 3,
            "eps": null,
            "eps_growth_year": null,
            "eps_4q": null,
            "eps_4q_growth_year": null,
            "roe": null,
            "roe_4q": 0,
            "gross_profit": null,
            "gross_margin": null,
            "gross_margin_4q_avg": 0,
            "net_income": null,
            "net_income_4q": null,
            "revenue": null,
            "revenue_4q": null,
            "common_shares": null,
            "book_valuer_per_share": null,
            "book_valuer_per_share_4q_avg": 0,
            "equity": null,
            "current_ratio": null,
            "debt_ratio": null,
            "inventory_turnover_ratio": null,
            "account_receivable_turnover_ratio": null,
            "reinvestment_rate": null,
            "research_to_sale_ratio": null,
            "price_fair": 0,
            "eps_avg_yearly": 0,
            "eps_latest_yearly": 0,
            "eps_growth_yearly": 0
        },
        "20034": {
            "year_quarter": 20034,
            "year": 2003,
            "quarter": 4,
            "eps": null,
            "eps_growth_year": null,
            "eps_4q": null,
            "eps_4q_growth_year": null,
            "roe": null,
            "roe_4q": 0,
            "gross_profit": null,
            "gross_margin": null,
            "gross_margin_4q_avg": 0,
            "net_income": null,
            "net_income_4q": null,
            "revenue": null,
            "revenue_4q": null,
            "common_shares": null,
            "book_valuer_per_share": null,
            "book_valuer_per_share_4q_avg": 0,
            "equity": null,
            "current_ratio": null,
            "debt_ratio": null,
            "inventory_turnover_ratio": null,
            "account_receivable_turnover_ratio": null,
            "reinvestment_rate": null,
            "research_to_sale_ratio": null,
            "price_fair": 0,
            "eps_avg_yearly": 0,
            "eps_latest_yearly": 0,
            "eps_growth_yearly": 0
        },
        "20041": {
            "year_quarter": 20041,
            "year": 2004,
            "quarter": 1,
            "eps": null,
            "eps_growth_year": null,
            "eps_4q": null,
            "eps_4q_growth_year": null,
            "roe": null,
            "roe_4q": 0,
            "gross_profit": null,
            "gross_margin": null,
            "gross_margin_4q_avg": 0,
            "net_income": null,
            "net_income_4q": null,
            "revenue": null,
            "revenue_4q": null,
            "common_shares": null,
            "book_valuer_per_share": null,
            "book_valuer_per_share_4q_avg": 0,
            "equity": null,
            "current_ratio": null,
            "debt_ratio": null,
            "inventory_turnover_ratio": null,
            "account_receivable_turnover_ratio": null,
            "reinvestment_rate": null,
            "research_to_sale_ratio": null,
            "price_fair": 0,
            "eps_avg_yearly": 0,
            "eps_latest_yearly": 0,
            "eps_growth_yearly": 0
        },
        "20042": {
            "year_quarter": 20042,
            "year": 2004,
            "quarter": 2,
            "eps": null,
            "eps_growth_year": null,
            "eps_4q": null,
            "eps_4q_growth_year": null,
            "roe": null,
            "roe_4q": 0,
            "gross_profit": null,
            "gross_margin": null,
            "gross_margin_4q_avg": 0,
            "net_income": null,
            "net_income_4q": null,
            "revenue": null,
            "revenue_4q": null,
            "common_shares": null,
            "book_valuer_per_share": null,
            "book_valuer_per_share_4q_avg": 0,
            "equity": null,
            "current_ratio": null,
            "debt_ratio": null,
            "inventory_turnover_ratio": null,
            "account_receivable_turnover_ratio": null,
            "reinvestment_rate": null,
            "research_to_sale_ratio": null,
            "price_fair": 0,
            "eps_avg_yearly": 0,
            "eps_latest_yearly": 0,
            "eps_growth_yearly": 0
        },
        "20043": {
            "year_quarter": 20043,
            "year": 2004,
            "quarter": 3,
            "eps": null,
            "eps_growth_year": null,
            "eps_4q": null,
            "eps_4q_growth_year": null,
            "roe": null,
            "roe_4q": 0,
            "gross_profit": null,
            "gross_margin": null,
            "gross_margin_4q_avg": 0,
            "net_income": null,
            "net_income_4q": null,
            "revenue": null,
            "revenue_4q": null,
            "common_shares": null,
            "book_valuer_per_share": null,
            "book_valuer_per_share_4q_avg": 0,
            "equity": null,
            "current_ratio": null,
            "debt_ratio": null,
            "inventory_turnover_ratio": null,
            "account_receivable_turnover_ratio": null,
            "reinvestment_rate": null,
            "research_to_sale_ratio": null,
            "price_fair": 0,
            "eps_avg_yearly": 0,
            "eps_latest_yearly": 0,
            "eps_growth_yearly": 0
        },
        "20044": {
            "year_quarter": 20044,
            "year": 2004,
            "quarter": 4,
            "eps": null,
            "eps_growth_year": null,
            "eps_4q": null,
            "eps_4q_growth_year": null,
            "roe": null,
            "roe_4q": 0,
            "gross_profit": null,
            "gross_margin": null,
            "gross_margin_4q_avg": 0,
            "net_income": null,
            "net_income_4q": null,
            "revenue": null,
            "revenue_4q": null,
            "common_shares": null,
            "book_valuer_per_share": null,
            "book_valuer_per_share_4q_avg": 0,
            "equity": null,
            "current_ratio": null,
            "debt_ratio": null,
            "inventory_turnover_ratio": null,
            "account_receivable_turnover_ratio": null,
            "reinvestment_rate": null,
            "research_to_sale_ratio": null,
            "price_fair": 0,
            "eps_avg_yearly": 0,
            "eps_latest_yearly": 0,
            "eps_growth_yearly": 0
        },
        "20051": {
            "year_quarter": 20051,
            "year": 2005,
            "quarter": 1,
            "eps": null,
            "eps_growth_year": null,
            "eps_4q": null,
            "eps_4q_growth_year": null,
            "roe": null,
            "roe_4q": 0,
            "gross_profit": null,
            "gross_margin": null,
            "gross_margin_4q_avg": 0,
            "net_income": null,
            "net_income_4q": null,
            "revenue": null,
            "revenue_4q": null,
            "common_shares": null,
            "book_valuer_per_share": null,
            "book_valuer_per_share_4q_avg": 0,
            "equity": null,
            "current_ratio": null,
            "debt_ratio": null,
            "inventory_turnover_ratio": null,
            "account_receivable_turnover_ratio": null,
            "reinvestment_rate": null,
            "research_to_sale_ratio": null,
            "price_fair": 0,
            "eps_avg_yearly": 0,
            "eps_latest_yearly": 0,
            "eps_growth_yearly": 0
        },
        "20052": {
            "year_quarter": 20052,
            "year": 2005,
            "quarter": 2,
            "eps": null,
            "eps_growth_year": null,
            "eps_4q": null,
            "eps_4q_growth_year": null,
            "roe": null,
            "roe_4q": 0,
            "gross_profit": null,
            "gross_margin": null,
            "gross_margin_4q_avg": 0,
            "net_income": null,
            "net_income_4q": null,
            "revenue": null,
            "revenue_4q": null,
            "common_shares": null,
            "book_valuer_per_share": null,
            "book_valuer_per_share_4q_avg": 0,
            "equity": null,
            "current_ratio": null,
            "debt_ratio": null,
            "inventory_turnover_ratio": null,
            "account_receivable_turnover_ratio": null,
            "reinvestment_rate": null,
            "research_to_sale_ratio": null,
            "price_fair": 0,
            "eps_avg_yearly": 0,
            "eps_latest_yearly": 0,
            "eps_growth_yearly": 0
        },
        "20053": {
            "year_quarter": 20053,
            "year": 2005,
            "quarter": 3,
            "eps": null,
            "eps_growth_year": null,
            "eps_4q": null,
            "eps_4q_growth_year": null,
            "roe": null,
            "roe_4q": 0,
            "gross_profit": null,
            "gross_margin": null,
            "gross_margin_4q_avg": 0,
            "net_income": null,
            "net_income_4q": null,
            "revenue": null,
            "revenue_4q": null,
            "common_shares": null,
            "book_valuer_per_share": null,
            "book_valuer_per_share_4q_avg": 0,
            "equity": null,
            "current_ratio": null,
            "debt_ratio": null,
            "inventory_turnover_ratio": null,
            "account_receivable_turnover_ratio": null,
            "reinvestment_rate": null,
            "research_to_sale_ratio": null,
            "price_fair": 0,
            "eps_avg_yearly": 0,
            "eps_latest_yearly": 0,
            "eps_growth_yearly": 0
        },
        "20054": {
            "year_quarter": 20054,
            "year": 2005,
            "quarter": 4,
            "eps": null,
            "eps_growth_year": null,
            "eps_4q": null,
            "eps_4q_growth_year": null,
            "roe": null,
            "roe_4q": 0,
            "gross_profit": null,
            "gross_margin": null,
            "gross_margin_4q_avg": 0,
            "net_income": null,
            "net_income_4q": null,
            "revenue": null,
            "revenue_4q": null,
            "common_shares": null,
            "book_valuer_per_share": null,
            "book_valuer_per_share_4q_avg": 0,
            "equity": null,
            "current_ratio": null,
            "debt_ratio": null,
            "inventory_turnover_ratio": null,
            "account_receivable_turnover_ratio": null,
            "reinvestment_rate": null,
            "research_to_sale_ratio": null,
            "price_fair": 0,
            "eps_avg_yearly": 0,
            "eps_latest_yearly": 0,
            "eps_growth_yearly": 0
        },
        "20061": {
            "year_quarter": 20061,
            "year": 2006,
            "quarter": 1,
            "eps": null,
            "eps_growth_year": null,
            "eps_4q": null,
            "eps_4q_growth_year": null,
            "roe": null,
            "roe_4q": 0,
            "gross_profit": null,
            "gross_margin": null,
            "gross_margin_4q_avg": 0,
            "net_income": null,
            "net_income_4q": null,
            "revenue": null,
            "revenue_4q": null,
            "common_shares": null,
            "book_valuer_per_share": null,
            "book_valuer_per_share_4q_avg": 0,
            "equity": null,
            "current_ratio": null,
            "debt_ratio": null,
            "inventory_turnover_ratio": null,
            "account_receivable_turnover_ratio": null,
            "reinvestment_rate": null,
            "research_to_sale_ratio": null,
            "price_fair": 0,
            "eps_avg_yearly": 0,
            "eps_latest_yearly": 0,
            "eps_growth_yearly": 0
        },
        "20062": {
            "year_quarter": 20062,
            "year": 2006,
            "quarter": 2,
            "eps": null,
            "eps_growth_year": null,
            "eps_4q": null,
            "eps_4q_growth_year": null,
            "roe": null,
            "roe_4q": 0,
            "gross_profit": null,
            "gross_margin": null,
            "gross_margin_4q_avg": 0,
            "net_income": null,
            "net_income_4q": null,
            "revenue": null,
            "revenue_4q": null,
            "common_shares": null,
            "book_valuer_per_share": null,
            "book_valuer_per_share_4q_avg": 0,
            "equity": null,
            "current_ratio": null,
            "debt_ratio": null,
            "inventory_turnover_ratio": null,
            "account_receivable_turnover_ratio": null,
            "reinvestment_rate": null,
            "research_to_sale_ratio": null,
            "price_fair": 0,
            "eps_avg_yearly": 0,
            "eps_latest_yearly": 0,
            "eps_growth_yearly": 0
        },
        "20063": {
            "year_quarter": 20063,
            "year": 2006,
            "quarter": 3,
            "eps": null,
            "eps_growth_year": null,
            "eps_4q": null,
            "eps_4q_growth_year": null,
            "roe": null,
            "roe_4q": 0,
            "gross_profit": null,
            "gross_margin": null,
            "gross_margin_4q_avg": 0,
            "net_income": null,
            "net_income_4q": null,
            "revenue": null,
            "revenue_4q": null,
            "common_shares": null,
            "book_valuer_per_share": null,
            "book_valuer_per_share_4q_avg": 0,
            "equity": null,
            "current_ratio": null,
            "debt_ratio": null,
            "inventory_turnover_ratio": null,
            "account_receivable_turnover_ratio": null,
            "reinvestment_rate": null,
            "research_to_sale_ratio": null,
            "price_fair": 0,
            "eps_avg_yearly": 0,
            "eps_latest_yearly": 0,
            "eps_growth_yearly": 0
        },
        "20064": {
            "year_quarter": 20064,
            "year": 2006,
            "quarter": 4,
            "eps": null,
            "eps_growth_year": null,
            "eps_4q": null,
            "eps_4q_growth_year": null,
            "roe": null,
            "roe_4q": 0,
            "gross_profit": null,
            "gross_margin": null,
            "gross_margin_4q_avg": 0,
            "net_income": null,
            "net_income_4q": null,
            "revenue": null,
            "revenue_4q": null,
            "common_shares": null,
            "book_valuer_per_share": null,
            "book_valuer_per_share_4q_avg": 0,
            "equity": null,
            "current_ratio": null,
            "debt_ratio": null,
            "inventory_turnover_ratio": null,
            "account_receivable_turnover_ratio": null,
            "reinvestment_rate": null,
            "research_to_sale_ratio": null,
            "price_fair": 0,
            "eps_avg_yearly": 0,
            "eps_latest_yearly": 0,
            "eps_growth_yearly": 0
        },
        "20071": {
            "year_quarter": 20071,
            "year": 2007,
            "quarter": 1,
            "eps": null,
            "eps_growth_year": null,
            "eps_4q": null,
            "eps_4q_growth_year": null,
            "roe": null,
            "roe_4q": 0,
            "gross_profit": null,
            "gross_margin": null,
            "gross_margin_4q_avg": 0,
            "net_income": null,
            "net_income_4q": null,
            "revenue": null,
            "revenue_4q": null,
            "common_shares": null,
            "book_valuer_per_share": null,
            "book_valuer_per_share_4q_avg": 0,
            "equity": null,
            "current_ratio": null,
            "debt_ratio": null,
            "inventory_turnover_ratio": null,
            "account_receivable_turnover_ratio": null,
            "reinvestment_rate": null,
            "research_to_sale_ratio": null,
            "price_fair": 0,
            "eps_avg_yearly": 0,
            "eps_latest_yearly": 0,
            "eps_growth_yearly": 0
        },
        "20072": {
            "year_quarter": 20072,
            "year": 2007,
            "quarter": 2,
            "eps": null,
            "eps_growth_year": null,
            "eps_4q": null,
            "eps_4q_growth_year": null,
            "roe": null,
            "roe_4q": 0,
            "gross_profit": null,
            "gross_margin": null,
            "gross_margin_4q_avg": 0,
            "net_income": null,
            "net_income_4q": null,
            "revenue": null,
            "revenue_4q": null,
            "common_shares": null,
            "book_valuer_per_share": null,
            "book_valuer_per_share_4q_avg": 0,
            "equity": null,
            "current_ratio": null,
            "debt_ratio": null,
            "inventory_turnover_ratio": null,
            "account_receivable_turnover_ratio": null,
            "reinvestment_rate": null,
            "research_to_sale_ratio": null,
            "price_fair": 0,
            "eps_avg_yearly": 0,
            "eps_latest_yearly": 0,
            "eps_growth_yearly": 0
        },
        "20073": {
            "year_quarter": 20073,
            "year": 2007,
            "quarter": 3,
            "eps": null,
            "eps_growth_year": null,
            "eps_4q": null,
            "eps_4q_growth_year": null,
            "roe": null,
            "roe_4q": 0,
            "gross_profit": null,
            "gross_margin": null,
            "gross_margin_4q_avg": 0,
            "net_income": null,
            "net_income_4q": null,
            "revenue": null,
            "revenue_4q": null,
            "common_shares": null,
            "book_valuer_per_share": null,
            "book_valuer_per_share_4q_avg": 0,
            "equity": null,
            "current_ratio": null,
            "debt_ratio": null,
            "inventory_turnover_ratio": null,
            "account_receivable_turnover_ratio": null,
            "reinvestment_rate": null,
            "research_to_sale_ratio": null,
            "price_fair": 0,
            "eps_avg_yearly": 0,
            "eps_latest_yearly": 0,
            "eps_growth_yearly": 0
        },
        "20074": {
            "year_quarter": 20074,
            "year": 2007,
            "quarter": 4,
            "eps": null,
            "eps_growth_year": null,
            "eps_4q": null,
            "eps_4q_growth_year": null,
            "roe": null,
            "roe_4q": 0,
            "gross_profit": null,
            "gross_margin": null,
            "gross_margin_4q_avg": 0,
            "net_income": null,
            "net_income_4q": null,
            "revenue": null,
            "revenue_4q": null,
            "common_shares": null,
            "book_valuer_per_share": null,
            "book_valuer_per_share_4q_avg": 0,
            "equity": null,
            "current_ratio": null,
            "debt_ratio": null,
            "inventory_turnover_ratio": null,
            "account_receivable_turnover_ratio": null,
            "reinvestment_rate": null,
            "research_to_sale_ratio": null,
            "price_fair": 0,
            "eps_avg_yearly": 0,
            "eps_latest_yearly": 0,
            "eps_growth_yearly": 0
        },
        "20081": {
            "year_quarter": 20081,
            "year": 2008,
            "quarter": 1,
            "eps": null,
            "eps_growth_year": null,
            "eps_4q": null,
            "eps_4q_growth_year": null,
            "roe": null,
            "roe_4q": 0,
            "gross_profit": null,
            "gross_margin": null,
            "gross_margin_4q_avg": 0,
            "net_income": null,
            "net_income_4q": null,
            "revenue": null,
            "revenue_4q": null,
            "common_shares": null,
            "book_valuer_per_share": null,
            "book_valuer_per_share_4q_avg": 0,
            "equity": null,
            "current_ratio": null,
            "debt_ratio": null,
            "inventory_turnover_ratio": null,
            "account_receivable_turnover_ratio": null,
            "reinvestment_rate": null,
            "research_to_sale_ratio": null,
            "price_fair": 0,
            "eps_avg_yearly": 0,
            "eps_latest_yearly": 0,
            "eps_growth_yearly": 0
        },
        "20082": {
            "year_quarter": 20082,
            "year": 2008,
            "quarter": 2,
            "eps": null,
            "eps_growth_year": null,
            "eps_4q": null,
            "eps_4q_growth_year": null,
            "roe": null,
            "roe_4q": 0,
            "gross_profit": null,
            "gross_margin": null,
            "gross_margin_4q_avg": 0,
            "net_income": null,
            "net_income_4q": null,
            "revenue": null,
            "revenue_4q": null,
            "common_shares": null,
            "book_valuer_per_share": null,
            "book_valuer_per_share_4q_avg": 0,
            "equity": null,
            "current_ratio": null,
            "debt_ratio": null,
            "inventory_turnover_ratio": null,
            "account_receivable_turnover_ratio": null,
            "reinvestment_rate": null,
            "research_to_sale_ratio": null,
            "price_fair": 0,
            "eps_avg_yearly": 0,
            "eps_latest_yearly": 0,
            "eps_growth_yearly": 0
        },
        "20083": {
            "year_quarter": 20083,
            "year": 2008,
            "quarter": 3,
            "eps": null,
            "eps_growth_year": null,
            "eps_4q": null,
            "eps_4q_growth_year": null,
            "roe": null,
            "roe_4q": 0,
            "gross_profit": null,
            "gross_margin": null,
            "gross_margin_4q_avg": 0,
            "net_income": null,
            "net_income_4q": null,
            "revenue": null,
            "revenue_4q": null,
            "common_shares": null,
            "book_valuer_per_share": null,
            "book_valuer_per_share_4q_avg": 0,
            "equity": null,
            "current_ratio": null,
            "debt_ratio": null,
            "inventory_turnover_ratio": null,
            "account_receivable_turnover_ratio": null,
            "reinvestment_rate": null,
            "research_to_sale_ratio": null,
            "price_fair": 0,
            "eps_avg_yearly": 0,
            "eps_latest_yearly": 0,
            "eps_growth_yearly": 0
        },
        "20084": {
            "year_quarter": 20084,
            "year": 2008,
            "quarter": 4,
            "eps": null,
            "eps_growth_year": null,
            "eps_4q": null,
            "eps_4q_growth_year": null,
            "roe": null,
            "roe_4q": 0,
            "gross_profit": null,
            "gross_margin": null,
            "gross_margin_4q_avg": 0,
            "net_income": null,
            "net_income_4q": null,
            "revenue": null,
            "revenue_4q": null,
            "common_shares": null,
            "book_valuer_per_share": null,
            "book_valuer_per_share_4q_avg": 0,
            "equity": null,
            "current_ratio": null,
            "debt_ratio": null,
            "inventory_turnover_ratio": null,
            "account_receivable_turnover_ratio": null,
            "reinvestment_rate": null,
            "research_to_sale_ratio": null,
            "price_fair": 0,
            "eps_avg_yearly": 0,
            "eps_latest_yearly": 0,
            "eps_growth_yearly": 0
        },
        "20091": {
            "year_quarter": 20091,
            "year": 2009,
            "quarter": 1,
            "eps": null,
            "eps_growth_year": null,
            "eps_4q": null,
            "eps_4q_growth_year": null,
            "roe": null,
            "roe_4q": 0,
            "gross_profit": null,
            "gross_margin": null,
            "gross_margin_4q_avg": 0,
            "net_income": null,
            "net_income_4q": null,
            "revenue": null,
            "revenue_4q": null,
            "common_shares": null,
            "book_valuer_per_share": null,
            "book_valuer_per_share_4q_avg": 0,
            "equity": null,
            "current_ratio": null,
            "debt_ratio": null,
            "inventory_turnover_ratio": null,
            "account_receivable_turnover_ratio": null,
            "reinvestment_rate": null,
            "research_to_sale_ratio": null,
            "price_fair": 0,
            "eps_avg_yearly": 0,
            "eps_latest_yearly": 0,
            "eps_growth_yearly": 0
        },
        "20092": {
            "year_quarter": 20092,
            "year": 2009,
            "quarter": 2,
            "eps": null,
            "eps_growth_year": null,
            "eps_4q": null,
            "eps_4q_growth_year": null,
            "roe": null,
            "roe_4q": 0,
            "gross_profit": null,
            "gross_margin": null,
            "gross_margin_4q_avg": 0,
            "net_income": null,
            "net_income_4q": null,
            "revenue": null,
            "revenue_4q": null,
            "common_shares": null,
            "book_valuer_per_share": null,
            "book_valuer_per_share_4q_avg": 0,
            "equity": null,
            "current_ratio": null,
            "debt_ratio": null,
            "inventory_turnover_ratio": null,
            "account_receivable_turnover_ratio": null,
            "reinvestment_rate": null,
            "research_to_sale_ratio": null,
            "price_fair": 0,
            "eps_avg_yearly": 0,
            "eps_latest_yearly": 0,
            "eps_growth_yearly": 0
        },
        "20093": {
            "year_quarter": 20093,
            "year": 2009,
            "quarter": 3,
            "eps": null,
            "eps_growth_year": null,
            "eps_4q": null,
            "eps_4q_growth_year": null,
            "roe": null,
            "roe_4q": 0,
            "gross_profit": null,
            "gross_margin": null,
            "gross_margin_4q_avg": 0,
            "net_income": null,
            "net_income_4q": null,
            "revenue": null,
            "revenue_4q": null,
            "common_shares": null,
            "book_valuer_per_share": null,
            "book_valuer_per_share_4q_avg": 0,
            "equity": null,
            "current_ratio": null,
            "debt_ratio": null,
            "inventory_turnover_ratio": null,
            "account_receivable_turnover_ratio": null,
            "reinvestment_rate": null,
            "research_to_sale_ratio": null,
            "price_fair": 0,
            "eps_avg_yearly": 0,
            "eps_latest_yearly": 0,
            "eps_growth_yearly": 0
        },
        "20094": {
            "year_quarter": 20094,
            "year": 2009,
            "quarter": 4,
            "eps": null,
            "eps_growth_year": null,
            "eps_4q": null,
            "eps_4q_growth_year": null,
            "roe": null,
            "roe_4q": 0,
            "gross_profit": null,
            "gross_margin": null,
            "gross_margin_4q_avg": 0,
            "net_income": null,
            "net_income_4q": null,
            "revenue": null,
            "revenue_4q": null,
            "common_shares": null,
            "book_valuer_per_share": null,
            "book_valuer_per_share_4q_avg": 0,
            "equity": null,
            "current_ratio": null,
            "debt_ratio": null,
            "inventory_turnover_ratio": null,
            "account_receivable_turnover_ratio": null,
            "reinvestment_rate": null,
            "research_to_sale_ratio": null,
            "price_fair": 0,
            "eps_avg_yearly": 0,
            "eps_latest_yearly": 0,
            "eps_growth_yearly": 0
        },
        "20101": {
            "year_quarter": 20101,
            "year": 2010,
            "quarter": 1,
            "eps": null,
            "eps_growth_year": null,
            "eps_4q": null,
            "eps_4q_growth_year": null,
            "roe": null,
            "roe_4q": 0,
            "gross_profit": null,
            "gross_margin": null,
            "gross_margin_4q_avg": 0,
            "net_income": null,
            "net_income_4q": null,
            "revenue": null,
            "revenue_4q": null,
            "common_shares": null,
            "book_valuer_per_share": null,
            "book_valuer_per_share_4q_avg": 0,
            "equity": null,
            "current_ratio": null,
            "debt_ratio": null,
            "inventory_turnover_ratio": null,
            "account_receivable_turnover_ratio": null,
            "reinvestment_rate": null,
            "research_to_sale_ratio": null,
            "price_fair": 0,
            "eps_avg_yearly": 0,
            "eps_latest_yearly": 0,
            "eps_growth_yearly": 0
        },
        "20102": {
            "year_quarter": 20102,
            "year": 2010,
            "quarter": 2,
            "eps": null,
            "eps_growth_year": null,
            "eps_4q": null,
            "eps_4q_growth_year": null,
            "roe": null,
            "roe_4q": 0,
            "gross_profit": null,
            "gross_margin": null,
            "gross_margin_4q_avg": 0,
            "net_income": null,
            "net_income_4q": null,
            "revenue": null,
            "revenue_4q": null,
            "common_shares": null,
            "book_valuer_per_share": null,
            "book_valuer_per_share_4q_avg": 0,
            "equity": null,
            "current_ratio": null,
            "debt_ratio": null,
            "inventory_turnover_ratio": null,
            "account_receivable_turnover_ratio": null,
            "reinvestment_rate": null,
            "research_to_sale_ratio": null,
            "price_fair": 0,
            "eps_avg_yearly": 0,
            "eps_latest_yearly": 0,
            "eps_growth_yearly": 0
        },
        "20103": {
            "year_quarter": 20103,
            "year": 2010,
            "quarter": 3,
            "eps": null,
            "eps_growth_year": null,
            "eps_4q": null,
            "eps_4q_growth_year": null,
            "roe": null,
            "roe_4q": 0,
            "gross_profit": null,
            "gross_margin": null,
            "gross_margin_4q_avg": 0,
            "net_income": null,
            "net_income_4q": null,
            "revenue": null,
            "revenue_4q": null,
            "common_shares": null,
            "book_valuer_per_share": null,
            "book_valuer_per_share_4q_avg": 0,
            "equity": null,
            "current_ratio": null,
            "debt_ratio": null,
            "inventory_turnover_ratio": null,
            "account_receivable_turnover_ratio": null,
            "reinvestment_rate": null,
            "research_to_sale_ratio": null,
            "price_fair": 0,
            "eps_avg_yearly": 0,
            "eps_latest_yearly": 0,
            "eps_growth_yearly": 0
        },
        "20104": {
            "year_quarter": 20104,
            "year": 2010,
            "quarter": 4,
            "eps": null,
            "eps_growth_year": null,
            "eps_4q": null,
            "eps_4q_growth_year": null,
            "roe": null,
            "roe_4q": 0,
            "gross_profit": null,
            "gross_margin": null,
            "gross_margin_4q_avg": 0,
            "net_income": null,
            "net_income_4q": null,
            "revenue": null,
            "revenue_4q": null,
            "common_shares": 1500000,
            "book_valuer_per_share": 16.93,
            "book_valuer_per_share_4q_avg": 4.23,
            "equity": 2562634,
            "current_ratio": 187.96,
            "debt_ratio": 42.47,
            "inventory_turnover_ratio": null,
            "account_receivable_turnover_ratio": null,
            "reinvestment_rate": null,
            "research_to_sale_ratio": null,
            "price_fair": 0,
            "eps_avg_yearly": 0,
            "eps_latest_yearly": 0,
            "eps_growth_yearly": 0
        },
        "20111": {
            "year_quarter": 20111,
            "year": 2011,
            "quarter": 1,
            "eps": null,
            "eps_growth_year": null,
            "eps_4q": null,
            "eps_4q_growth_year": null,
            "roe": null,
            "roe_4q": 0,
            "gross_profit": null,
            "gross_margin": null,
            "gross_margin_4q_avg": 0,
            "net_income": null,
            "net_income_4q": null,
            "revenue": null,
            "revenue_4q": null,
            "common_shares": null,
            "book_valuer_per_share": null,
            "book_valuer_per_share_4q_avg": 4.23,
            "equity": null,
            "current_ratio": null,
            "debt_ratio": null,
            "inventory_turnover_ratio": null,
            "account_receivable_turnover_ratio": null,
            "reinvestment_rate": null,
            "research_to_sale_ratio": null,
            "price_fair": 0,
            "eps_avg_yearly": 0,
            "eps_latest_yearly": 0,
            "eps_growth_yearly": 0
        },
        "20112": {
            "year_quarter": 20112,
            "year": 2011,
            "quarter": 2,
            "eps": null,
            "eps_growth_year": null,
            "eps_4q": null,
            "eps_4q_growth_year": null,
            "roe": null,
            "roe_4q": 0,
            "gross_profit": null,
            "gross_margin": null,
            "gross_margin_4q_avg": 0,
            "net_income": null,
            "net_income_4q": null,
            "revenue": null,
            "revenue_4q": null,
            "common_shares": null,
            "book_valuer_per_share": null,
            "book_valuer_per_share_4q_avg": 4.23,
            "equity": null,
            "current_ratio": null,
            "debt_ratio": null,
            "inventory_turnover_ratio": null,
            "account_receivable_turnover_ratio": null,
            "reinvestment_rate": null,
            "research_to_sale_ratio": null,
            "price_fair": 0,
            "eps_avg_yearly": 0,
            "eps_latest_yearly": 0,
            "eps_growth_yearly": 0
        },
        "20113": {
            "year_quarter": 20113,
            "year": 2011,
            "quarter": 3,
            "eps": null,
            "eps_growth_year": null,
            "eps_4q": null,
            "eps_4q_growth_year": null,
            "roe": null,
            "roe_4q": 0,
            "gross_profit": null,
            "gross_margin": null,
            "gross_margin_4q_avg": 0,
            "net_income": null,
            "net_income_4q": null,
            "revenue": null,
            "revenue_4q": null,
            "common_shares": null,
            "book_valuer_per_share": null,
            "book_valuer_per_share_4q_avg": 4.23,
            "equity": null,
            "current_ratio": null,
            "debt_ratio": null,
            "inventory_turnover_ratio": null,
            "account_receivable_turnover_ratio": null,
            "reinvestment_rate": null,
            "research_to_sale_ratio": null,
            "price_fair": 0,
            "eps_avg_yearly": 0,
            "eps_latest_yearly": 0,
            "eps_growth_yearly": 0
        },
        "20114": {
            "year_quarter": 20114,
            "year": 2011,
            "quarter": 4,
            "eps": null,
            "eps_growth_year": null,
            "eps_4q": null,
            "eps_4q_growth_year": null,
            "roe": null,
            "roe_4q": 0,
            "gross_profit": null,
            "gross_margin": null,
            "gross_margin_4q_avg": 0,
            "net_income": null,
            "net_income_4q": null,
            "revenue": null,
            "revenue_4q": null,
            "common_shares": 1500000,
            "book_valuer_per_share": 18.97,
            "book_valuer_per_share_4q_avg": 4.74,
            "equity": 2876138,
            "current_ratio": 210.58,
            "debt_ratio": 35.54,
            "inventory_turnover_ratio": null,
            "account_receivable_turnover_ratio": null,
            "reinvestment_rate": null,
            "research_to_sale_ratio": null,
            "price_fair": 0,
            "eps_avg_yearly": 0,
            "eps_latest_yearly": 0,
            "eps_growth_yearly": 0
        },
        "20121": {
            "year_quarter": 20121,
            "year": 2012,
            "quarter": 1,
            "eps": null,
            "eps_growth_year": null,
            "eps_4q": null,
            "eps_4q_growth_year": null,
            "roe": null,
            "roe_4q": 0,
            "gross_profit": null,
            "gross_margin": null,
            "gross_margin_4q_avg": 0,
            "net_income": null,
            "net_income_4q": null,
            "revenue": null,
            "revenue_4q": null,
            "common_shares": null,
            "book_valuer_per_share": null,
            "book_valuer_per_share_4q_avg": 4.74,
            "equity": null,
            "current_ratio": null,
            "debt_ratio": null,
            "inventory_turnover_ratio": null,
            "account_receivable_turnover_ratio": null,
            "reinvestment_rate": null,
            "research_to_sale_ratio": null,
            "price_fair": 0,
            "eps_avg_yearly": 0,
            "eps_latest_yearly": 0,
            "eps_growth_yearly": 0
        },
        "20122": {
            "year_quarter": 20122,
            "year": 2012,
            "quarter": 2,
            "eps": null,
            "eps_growth_year": null,
            "eps_4q": null,
            "eps_4q_growth_year": null,
            "roe": null,
            "roe_4q": 0,
            "gross_profit": 149133,
            "gross_margin": null,
            "gross_margin_4q_avg": 0,
            "net_income": 53289,
            "net_income_4q": null,
            "revenue": 1482364,
            "revenue_4q": null,
            "common_shares": 1500000,
            "book_valuer_per_share": null,
            "book_valuer_per_share_4q_avg": 4.74,
            "equity": 2909673,
            "current_ratio": null,
            "debt_ratio": null,
            "inventory_turnover_ratio": null,
            "account_receivable_turnover_ratio": null,
            "reinvestment_rate": null,
            "research_to_sale_ratio": null,
            "price_fair": 0,
            "eps_avg_yearly": 0,
            "eps_latest_yearly": 0,
            "eps_growth_yearly": 0
        },
        "20123": {
            "year_quarter": 20123,
            "year": 2012,
            "quarter": 3,
            "eps": null,
            "eps_growth_year": null,
            "eps_4q": null,
            "eps_4q_growth_year": null,
            "roe": null,
            "roe_4q": 0,
            "gross_profit": 146627,
            "gross_margin": null,
            "gross_margin_4q_avg": 0,
            "net_income": 33931,
            "net_income_4q": null,
            "revenue": 1506140,
            "revenue_4q": null,
            "common_shares": 1500000,
            "book_valuer_per_share": null,
            "book_valuer_per_share_4q_avg": 4.74,
            "equity": 2917999,
            "current_ratio": null,
            "debt_ratio": null,
            "inventory_turnover_ratio": null,
            "account_receivable_turnover_ratio": null,
            "reinvestment_rate": null,
            "research_to_sale_ratio": null,
            "price_fair": 0,
            "eps_avg_yearly": 0,
            "eps_latest_yearly": 0,
            "eps_growth_yearly": 0
        },
        "20124": {
            "year_quarter": 20124,
            "year": 2012,
            "quarter": 4,
            "eps": null,
            "eps_growth_year": null,
            "eps_4q": null,
            "eps_4q_growth_year": null,
            "roe": null,
            "roe_4q": 0,
            "gross_profit": 118042,
            "gross_margin": null,
            "gross_margin_4q_avg": 0,
            "net_income": 33769,
            "net_income_4q": null,
            "revenue": 1406691,
            "revenue_4q": null,
            "common_shares": 1500000,
            "book_valuer_per_share": 19.46,
            "book_valuer_per_share_4q_avg": 4.87,
            "equity": 2950153,
            "current_ratio": 220.51,
            "debt_ratio": 34.22,
            "inventory_turnover_ratio": null,
            "account_receivable_turnover_ratio": null,
            "reinvestment_rate": null,
            "research_to_sale_ratio": null,
            "price_fair": 0,
            "eps_avg_yearly": 0,
            "eps_latest_yearly": 0,
            "eps_growth_yearly": 0
        },
        "20131": {
            "year_quarter": 20131,
            "year": 2013,
            "quarter": 1,
            "eps": null,
            "eps_growth_year": null,
            "eps_4q": null,
            "eps_4q_growth_year": null,
            "roe": null,
            "roe_4q": 0,
            "gross_profit": 204380,
            "gross_margin": null,
            "gross_margin_4q_avg": 0,
            "net_income": 76342,
            "net_income_4q": null,
            "revenue": 1375542,
            "revenue_4q": null,
            "common_shares": 1500000,
            "book_valuer_per_share": 20.59,
            "book_valuer_per_share_4q_avg": 10.01,
            "equity": 3119892,
            "current_ratio": 203.51,
            "debt_ratio": 38.19,
            "inventory_turnover_ratio": null,
            "account_receivable_turnover_ratio": null,
            "reinvestment_rate": null,
            "research_to_sale_ratio": null,
            "price_fair": 0,
            "eps_avg_yearly": 0,
            "eps_latest_yearly": 0,
            "eps_growth_yearly": 0
        },
        "20132": {
            "year_quarter": 20132,
            "year": 2013,
            "quarter": 2,
            "eps": 0.38,
            "eps_growth_year": null,
            "eps_4q": 0.38,
            "eps_4q_growth_year": null,
            "roe": 1.96,
            "roe_4q": 1.96,
            "gross_profit": 206876,
            "gross_margin": 12.57,
            "gross_margin_4q_avg": 3.14,
            "net_income": 57737,
            "net_income_4q": null,
            "revenue": 1645778,
            "revenue_4q": null,
            "common_shares": 1500000,
            "book_valuer_per_share": 18.29,
            "book_valuer_per_share_4q_avg": 14.59,
            "equity": 2776972,
            "current_ratio": 173.81,
            "debt_ratio": 44.36,
            "inventory_turnover_ratio": 0.8,
            "account_receivable_turnover_ratio": 3.71,
            "reinvestment_rate": null,
            "research_to_sale_ratio": 0.56,
            "price_fair": 0,
            "eps_avg_yearly": 0,
            "eps_latest_yearly": 0,
            "eps_growth_yearly": 0
        },
        "20133": {
            "year_quarter": 20133,
            "year": 2013,
            "quarter": 3,
            "eps": 0.16,
            "eps_growth_year": null,
            "eps_4q": 0.54,
            "eps_4q_growth_year": null,
            "roe": 0.93,
            "roe_4q": 2.89,
            "gross_profit": 146500,
            "gross_margin": 8.89,
            "gross_margin_4q_avg": 5.37,
            "net_income": 25765,
            "net_income_4q": null,
            "revenue": 1647055,
            "revenue_4q": null,
            "common_shares": 1500000,
            "book_valuer_per_share": 18.24,
            "book_valuer_per_share_4q_avg": 19.15,
            "equity": 2771217,
            "current_ratio": 175.34,
            "debt_ratio": 43.84,
            "inventory_turnover_ratio": 0.93,
            "account_receivable_turnover_ratio": 1.83,
            "reinvestment_rate": null,
            "research_to_sale_ratio": 0.53,
            "price_fair": 1.92,
            "eps_avg_yearly": 0.64,
            "eps_latest_yearly": 0.64,
            "eps_growth_yearly": -231.58
        },
        "20134": {
            "year_quarter": 20134,
            "year": 2013,
            "quarter": 4,
            "eps": 0.48,
            "eps_growth_year": null,
            "eps_4q": 0.96,
            "eps_4q_growth_year": null,
            "roe": 2.67,
            "roe_4q": 5.5600000000000005,
            "gross_profit": 235203,
            "gross_margin": 15.12,
            "gross_margin_4q_avg": 9.15,
            "net_income": 80951,
            "net_income_4q": null,
            "revenue": 1555556,
            "revenue_4q": null,
            "common_shares": 1680000,
            "book_valuer_per_share": 19.43,
            "book_valuer_per_share_4q_avg": 19.14,
            "equity": 3299026,
            "current_ratio": 208.92,
            "debt_ratio": 37.92,
            "inventory_turnover_ratio": 0.85,
            "account_receivable_turnover_ratio": 1.68,
            "reinvestment_rate": null,
            "research_to_sale_ratio": 1.34,
            "price_fair": 44.8,
            "eps_avg_yearly": 1.28,
            "eps_latest_yearly": 1.92,
            "eps_growth_yearly": 284.21
        },
        "20141": {
            "year_quarter": 20141,
            "year": 2014,
            "quarter": 1,
            "eps": 0.41,
            "eps_growth_year": null,
            "eps_4q": 1.36,
            "eps_4q_growth_year": null,
            "roe": 2.08,
            "roe_4q": 7.64,
            "gross_profit": 213372,
            "gross_margin": 15.27,
            "gross_margin_4q_avg": 12.96,
            "net_income": 69071,
            "net_income_4q": null,
            "revenue": 1397435,
            "revenue_4q": null,
            "common_shares": 1680000,
            "book_valuer_per_share": 19.76,
            "book_valuer_per_share_4q_avg": 18.93,
            "equity": 3355001,
            "current_ratio": 223.55,
            "debt_ratio": 34.57,
            "inventory_turnover_ratio": 0.72,
            "account_receivable_turnover_ratio": 1.51,
            "reinvestment_rate": null,
            "research_to_sale_ratio": 0.41,
            "price_fair": 49,
            "eps_avg_yearly": 1.4,
            "eps_latest_yearly": 1.64,
            "eps_growth_yearly": 170.03
        },
        "20142": {
            "year_quarter": 20142,
            "year": 2014,
            "quarter": 2,
            "eps": 0.89,
            "eps_growth_year": 134.21,
            "eps_4q": 1.92,
            "eps_4q_growth_year": 410.24,
            "roe": 4.54,
            "roe_4q": 10.219999999999999,
            "gross_profit": 347690,
            "gross_margin": 21.45,
            "gross_margin_4q_avg": 15.18,
            "net_income": 149703,
            "net_income_4q": null,
            "revenue": 1620750,
            "revenue_4q": null,
            "common_shares": 1680000,
            "book_valuer_per_share": 19.04,
            "book_valuer_per_share_4q_avg": 19.12,
            "equity": 3233647,
            "current_ratio": 199.7,
            "debt_ratio": 39.85,
            "inventory_turnover_ratio": 0.7,
            "account_receivable_turnover_ratio": 1.77,
            "reinvestment_rate": null,
            "research_to_sale_ratio": 0.89,
            "price_fair": 67.9,
            "eps_avg_yearly": 1.94,
            "eps_latest_yearly": 3.56,
            "eps_growth_yearly": 244.6
        },
        "20143": {
            "year_quarter": 20143,
            "year": 2014,
            "quarter": 3,
            "eps": 1.17,
            "eps_growth_year": 631.25,
            "eps_4q": 2.95,
            "eps_4q_growth_year": 449.36,
            "roe": 5.9,
            "roe_4q": 15.190000000000001,
            "gross_profit": 385315,
            "gross_margin": 21.47,
            "gross_margin_4q_avg": 18.33,
            "net_income": 199117,
            "net_income_4q": null,
            "revenue": 1794860,
            "revenue_4q": null,
            "common_shares": 1680000,
            "book_valuer_per_share": 20.71,
            "book_valuer_per_share_4q_avg": 19.74,
            "equity": 3517716,
            "current_ratio": 241.45,
            "debt_ratio": 33.39,
            "inventory_turnover_ratio": 0.71,
            "account_receivable_turnover_ratio": 1.86,
            "reinvestment_rate": null,
            "research_to_sale_ratio": 0.88,
            "price_fair": 87.08,
            "eps_avg_yearly": 2.49,
            "eps_latest_yearly": 4.68,
            "eps_growth_yearly": 220.84
        },
        "20144": {
            "year_quarter": 20144,
            "year": 2014,
            "quarter": 4,
            "eps": 0.58,
            "eps_growth_year": 22.49,
            "eps_4q": 3.05,
            "eps_4q_growth_year": 219.37,
            "roe": 2.71,
            "roe_4q": 15.229999999999999,
            "gross_profit": 188826,
            "gross_margin": 11.77,
            "gross_margin_4q_avg": 17.49,
            "net_income": 98231,
            "net_income_4q": null,
            "revenue": 1604454,
            "revenue_4q": null,
            "common_shares": 1680000,
            "book_valuer_per_share": 21.96,
            "book_valuer_per_share_4q_avg": 20.37,
            "equity": 3728841,
            "current_ratio": 284.31,
            "debt_ratio": 28.56,
            "inventory_turnover_ratio": 0.73,
            "account_receivable_turnover_ratio": 1.63,
            "reinvestment_rate": null,
            "research_to_sale_ratio": 0.05,
            "price_fair": 86.1,
            "eps_avg_yearly": 2.46,
            "eps_latest_yearly": 2.32,
            "eps_growth_yearly": 150.42
        },
        "20151": {
            "year_quarter": 20151,
            "year": 2015,
            "quarter": 1,
            "eps": 0.5,
            "eps_growth_year": 21.95,
            "eps_4q": 3.14,
            "eps_4q_growth_year": 130.32,
            "roe": 2.23,
            "roe_4q": 15.379999999999999,
            "gross_profit": 235958,
            "gross_margin": 15.98,
            "gross_margin_4q_avg": 17.67,
            "net_income": 83703,
            "net_income_4q": null,
            "revenue": 1476930,
            "revenue_4q": null,
            "common_shares": 1680000,
            "book_valuer_per_share": 22.25,
            "book_valuer_per_share_4q_avg": 20.99,
            "equity": 3777885,
            "current_ratio": 324.81,
            "debt_ratio": 25.5,
            "inventory_turnover_ratio": 0.71,
            "account_receivable_turnover_ratio": 1.56,
            "reinvestment_rate": null,
            "research_to_sale_ratio": 0.8,
            "price_fair": 83.8,
            "eps_avg_yearly": 2.39,
            "eps_latest_yearly": 2,
            "eps_growth_yearly": 121.05
        },
        "20152": {
            "year_quarter": 20152,
            "year": 2015,
            "quarter": 2,
            "eps": 0.46,
            "eps_growth_year": -48.31,
            "eps_4q": 2.72,
            "eps_4q_growth_year": 41.97,
            "roe": 2.14,
            "roe_4q": 12.98,
            "gross_profit": 226976,
            "gross_margin": 14.21,
            "gross_margin_4q_avg": 15.86,
            "net_income": 77245,
            "net_income_4q": null,
            "revenue": 1597226,
            "revenue_4q": null,
            "common_shares": 1680000,
            "book_valuer_per_share": 20.21,
            "book_valuer_per_share_4q_avg": 21.28,
            "equity": 3432621,
            "current_ratio": 244.86,
            "debt_ratio": 33.8,
            "inventory_turnover_ratio": 0.83,
            "account_receivable_turnover_ratio": 1.71,
            "reinvestment_rate": null,
            "research_to_sale_ratio": 0.97,
            "price_fair": 81.38,
            "eps_avg_yearly": 2.33,
            "eps_latest_yearly": 1.84,
            "eps_growth_yearly": 101.92
        },
        "20153": {
            "year_quarter": 20153,
            "year": 2015,
            "quarter": 3,
            "eps": 0.31,
            "eps_growth_year": -73.5,
            "eps_4q": 1.85,
            "eps_4q_growth_year": -37.15,
            "roe": 1.46,
            "roe_4q": 8.54,
            "gross_profit": 177387,
            "gross_margin": 11.7,
            "gross_margin_4q_avg": 13.42,
            "net_income": 51371,
            "net_income_4q": null,
            "revenue": 1515598,
            "revenue_4q": null,
            "common_shares": 1680000,
            "book_valuer_per_share": 21.36,
            "book_valuer_per_share_4q_avg": 21.45,
            "equity": 3627514,
            "current_ratio": 291.73,
            "debt_ratio": 28.58,
            "inventory_turnover_ratio": 0.8,
            "account_receivable_turnover_ratio": 1.62,
            "reinvestment_rate": null,
            "research_to_sale_ratio": 0.67,
            "price_fair": 77.16,
            "eps_avg_yearly": 2.2,
            "eps_latest_yearly": 1.24,
            "eps_growth_yearly": 76.1
        },
        "20154": {
            "year_quarter": 20154,
            "year": 2015,
            "quarter": 4,
            "eps": 0.15,
            "eps_growth_year": -74.07,
            "eps_4q": 1.42,
            "eps_4q_growth_year": -53.54,
            "roe": 0.7,
            "roe_4q": 6.530000000000001,
            "gross_profit": 173838,
            "gross_margin": 12.17,
            "gross_margin_4q_avg": 13.52,
            "net_income": 24964,
            "net_income_4q": null,
            "revenue": 1428788,
            "revenue_4q": null,
            "common_shares": 1680000,
            "book_valuer_per_share": 20.79,
            "book_valuer_per_share_4q_avg": 21.15,
            "equity": 3528670,
            "current_ratio": 275.45,
            "debt_ratio": 30.52,
            "inventory_turnover_ratio": 0.74,
            "account_receivable_turnover_ratio": 1.49,
            "reinvestment_rate": null,
            "research_to_sale_ratio": 0.33,
            "price_fair": 71.54,
            "eps_avg_yearly": 2.04,
            "eps_latest_yearly": 0.6,
            "eps_growth_yearly": 47.85
        },
        "20161": {
            "year_quarter": 20161,
            "year": 2016,
            "quarter": 1,
            "eps": 0.44,
            "eps_growth_year": -12,
            "eps_4q": 1.36,
            "eps_4q_growth_year": -56.57,
            "roe": 2.09,
            "roe_4q": 6.390000000000001,
            "gross_profit": 211832,
            "gross_margin": 15.34,
            "gross_margin_4q_avg": 13.36,
            "net_income": 74174,
            "net_income_4q": null,
            "revenue": 1381124,
            "revenue_4q": null,
            "common_shares": 1680000,
            "book_valuer_per_share": 21.12,
            "book_valuer_per_share_4q_avg": 20.87,
            "equity": 3585106,
            "current_ratio": 316.98,
            "debt_ratio": 27.01,
            "inventory_turnover_ratio": 0.71,
            "account_receivable_turnover_ratio": 1.43,
            "reinvestment_rate": 85.7,
            "research_to_sale_ratio": 0.77,
            "price_fair": 70.64,
            "eps_avg_yearly": 2.02,
            "eps_latest_yearly": 1.76,
            "eps_growth_yearly": 113.8
        },
        "20162": {
            "year_quarter": 20162,
            "year": 2016,
            "quarter": 2,
            "eps": 0.59,
            "eps_growth_year": 28.26,
            "eps_4q": 1.49,
            "eps_4q_growth_year": -45.07,
            "roe": 2.87,
            "roe_4q": 7.12,
            "gross_profit": 260119,
            "gross_margin": 17.19,
            "gross_margin_4q_avg": 14.1,
            "net_income": 100516,
            "net_income_4q": null,
            "revenue": 1512903,
            "revenue_4q": null,
            "common_shares": 1680000,
            "book_valuer_per_share": 20.2,
            "book_valuer_per_share_4q_avg": 20.87,
            "equity": 3428422,
            "current_ratio": 308.82,
            "debt_ratio": 27.96,
            "inventory_turnover_ratio": 0.78,
            "account_receivable_turnover_ratio": 1.63,
            "reinvestment_rate": -14.22,
            "research_to_sale_ratio": 0.47,
            "price_fair": 71.63,
            "eps_avg_yearly": 2.05,
            "eps_latest_yearly": 2.36,
            "eps_growth_yearly": 115.68
        },
        "20163": {
            "year_quarter": 20163,
            "year": 2016,
            "quarter": 3,
            "eps": 0.59,
            "eps_growth_year": 90.32,
            "eps_4q": 1.78,
            "eps_4q_growth_year": -3.83,
            "roe": 2.92,
            "roe_4q": 8.58,
            "gross_profit": 274839,
            "gross_margin": 17.99,
            "gross_margin_4q_avg": 15.67,
            "net_income": 99534,
            "net_income_4q": null,
            "revenue": 1527610,
            "revenue_4q": null,
            "common_shares": 1680000,
            "book_valuer_per_share": 20.16,
            "book_valuer_per_share_4q_avg": 20.57,
            "equity": 3397561,
            "current_ratio": 272.76,
            "debt_ratio": 31.5,
            "inventory_turnover_ratio": 0.8,
            "account_receivable_turnover_ratio": 1.7,
            "reinvestment_rate": -20.56,
            "research_to_sale_ratio": 0.44,
            "price_fair": 72.48,
            "eps_avg_yearly": 2.07,
            "eps_latest_yearly": 2.36,
            "eps_growth_yearly": 106.78
        },
        "20164": {
            "year_quarter": 20164,
            "year": 2016,
            "quarter": 4,
            "eps": 1.15,
            "eps_growth_year": 656.73,
            "eps_4q": 2.78,
            "eps_4q_growth_year": 95.7,
            "roe": 5.58,
            "roe_4q": 13.46,
            "gross_profit": 348033,
            "gross_margin": 22.07,
            "gross_margin_4q_avg": 18.15,
            "net_income": 193408,
            "net_income_4q": null,
            "revenue": 1577270,
            "revenue_4q": null,
            "common_shares": 1680000,
            "book_valuer_per_share": 21.01,
            "book_valuer_per_share_4q_avg": 20.62,
            "equity": 3540190,
            "current_ratio": 300.07,
            "debt_ratio": 29.35,
            "inventory_turnover_ratio": 0.79,
            "account_receivable_turnover_ratio": 1.66,
            "reinvestment_rate": -23.87,
            "research_to_sale_ratio": 1.04,
            "price_fair": 78.8,
            "eps_avg_yearly": 2.25,
            "eps_latest_yearly": 4.6,
            "eps_growth_yearly": 126.27
        },
        "20171": {
            "year_quarter": 20171,
            "year": 2017,
            "quarter": 1,
            "eps": 0.87,
            "eps_growth_year": 97.73,
            "eps_4q": 3.2,
            "eps_4q_growth_year": 134.77,
            "roe": 4.15,
            "roe_4q": 15.52,
            "gross_profit": 315115,
            "gross_margin": 21.08,
            "gross_margin_4q_avg": 19.58,
            "net_income": 146669,
            "net_income_4q": null,
            "revenue": 1495047,
            "revenue_4q": null,
            "common_shares": 1680000,
            "book_valuer_per_share": 20.91,
            "book_valuer_per_share_4q_avg": 20.57,
            "equity": 3523372,
            "current_ratio": 265.77,
            "debt_ratio": 33.49,
            "inventory_turnover_ratio": 0.71,
            "account_receivable_turnover_ratio": 1.42,
            "reinvestment_rate": -26.48,
            "research_to_sale_ratio": 0.59,
            "price_fair": 81.67,
            "eps_avg_yearly": 2.33,
            "eps_latest_yearly": 3.48,
            "eps_growth_yearly": 111.36
        },
        "20172": {
            "year_quarter": 20172,
            "year": 2017,
            "quarter": 2,
            "eps": 0.52,
            "eps_growth_year": -11.86,
            "eps_4q": 3.13,
            "eps_4q_growth_year": 109.76,
            "roe": 2.57,
            "roe_4q": 15.22,
            "gross_profit": 254235,
            "gross_margin": 13.62,
            "gross_margin_4q_avg": 18.69,
            "net_income": 88292,
            "net_income_4q": null,
            "revenue": 1866698,
            "revenue_4q": null,
            "common_shares": 1680000,
            "book_valuer_per_share": 19.78,
            "book_valuer_per_share_4q_avg": 20.47,
            "equity": 3334777,
            "current_ratio": 205.77,
            "debt_ratio": 42.55,
            "inventory_turnover_ratio": 0.9,
            "account_receivable_turnover_ratio": 1.57,
            "reinvestment_rate": -20.05,
            "research_to_sale_ratio": 0.32,
            "price_fair": 81.11,
            "eps_avg_yearly": 2.32,
            "eps_latest_yearly": 2.08,
            "eps_growth_yearly": 94.34
        },
        "20173": {
            "year_quarter": 20173,
            "year": 2017,
            "quarter": 3,
            "eps": 1.26,
            "eps_growth_year": 113.56,
            "eps_4q": 3.8,
            "eps_4q_growth_year": 113.37,
            "roe": 6.13,
            "roe_4q": 18.43,
            "gross_profit": 446510,
            "gross_margin": 21.5,
            "gross_margin_4q_avg": 19.57,
            "net_income": 212132,
            "net_income_4q": null,
            "revenue": 2076689,
            "revenue_4q": null,
            "common_shares": 1680000,
            "book_valuer_per_share": 21.31,
            "book_valuer_per_share_4q_avg": 20.75,
            "equity": 3591843,
            "current_ratio": 211.67,
            "debt_ratio": 41.28,
            "inventory_turnover_ratio": 0.82,
            "account_receivable_turnover_ratio": 1.56,
            "reinvestment_rate": -15.52,
            "research_to_sale_ratio": 0.38,
            "price_fair": 90.74,
            "eps_avg_yearly": 2.59,
            "eps_latest_yearly": 5.04,
            "eps_growth_yearly": 144.39
        },
        "20174": {
            "year_quarter": 20174,
            "year": 2017,
            "quarter": 4,
            "eps": 1.42,
            "eps_growth_year": 23.46,
            "eps_4q": 4.07,
            "eps_4q_growth_year": 46.55,
            "roe": 6.42,
            "roe_4q": 19.270000000000003,
            "gross_profit": 412657,
            "gross_margin": 19.15,
            "gross_margin_4q_avg": 18.84,
            "net_income": 238732,
            "net_income_4q": null,
            "revenue": 2154716,
            "revenue_4q": null,
            "common_shares": 1680000,
            "book_valuer_per_share": 22.79,
            "book_valuer_per_share_4q_avg": 21.2,
            "equity": 3840461,
            "current_ratio": 206.49,
            "debt_ratio": 42.61,
            "inventory_turnover_ratio": 0.76,
            "account_receivable_turnover_ratio": 1.49,
            "reinvestment_rate": -13.75,
            "research_to_sale_ratio": 0.85,
            "price_fair": 98.96,
            "eps_avg_yearly": 2.83,
            "eps_latest_yearly": 5.68,
            "eps_growth_yearly": 97.57
        },
        "20181": {
            "year_quarter": 20181,
            "year": 2018,
            "quarter": 1,
            "eps": 0.73,
            "eps_growth_year": -16.09,
            "eps_4q": 3.93,
            "eps_4q_growth_year": 22.77,
            "roe": 3.15,
            "roe_4q": 18.27,
            "gross_profit": 334567,
            "gross_margin": 17.81,
            "gross_margin_4q_avg": 18.02,
            "net_income": 123774,
            "net_income_4q": null,
            "revenue": 1878518,
            "revenue_4q": null,
            "common_shares": 1680000,
            "book_valuer_per_share": 23.9,
            "book_valuer_per_share_4q_avg": 21.95,
            "equity": 4028802,
            "current_ratio": 212.83,
            "debt_ratio": 41.28,
            "inventory_turnover_ratio": 0.6,
            "account_receivable_turnover_ratio": 1.28,
            "reinvestment_rate": -9.15,
            "research_to_sale_ratio": 0.56,
            "price_fair": 101.76,
            "eps_avg_yearly": 2.91,
            "eps_latest_yearly": 2.92,
            "eps_growth_yearly": 89.07
        },
        "20182": {
            "year_quarter": 20182,
            "year": 2018,
            "quarter": 2,
            "eps": 1.09,
            "eps_growth_year": 109.62,
            "eps_4q": 4.5,
            "eps_4q_growth_year": 43.53,
            "roe": 4.72,
            "roe_4q": 20.419999999999998,
            "gross_profit": 403845,
            "gross_margin": 16.66,
            "gross_margin_4q_avg": 18.78,
            "net_income": 183566,
            "net_income_4q": null,
            "revenue": 2423384,
            "revenue_4q": null,
            "common_shares": 1680000,
            "book_valuer_per_share": 22.27,
            "book_valuer_per_share_4q_avg": 22.57,
            "equity": 3755270,
            "current_ratio": 178.2,
            "debt_ratio": 49.58,
            "inventory_turnover_ratio": 0.78,
            "account_receivable_turnover_ratio": 1.58,
            "reinvestment_rate": -7.44,
            "research_to_sale_ratio": 0.39,
            "price_fair": 103.51,
            "eps_avg_yearly": 2.96,
            "eps_latest_yearly": 4.36,
            "eps_growth_yearly": 72.13
        },
        "20183": {
            "year_quarter": 20183,
            "year": 2018,
            "quarter": 3,
            "eps": 0.99,
            "eps_growth_year": -21.43,
            "eps_4q": 4.23,
            "eps_4q_growth_year": 11.27,
            "roe": 4.41,
            "roe_4q": 18.7,
            "gross_profit": 348923,
            "gross_margin": 15,
            "gross_margin_4q_avg": 17.16,
            "net_income": 166533,
            "net_income_4q": null,
            "revenue": 2325779,
            "revenue_4q": null,
            "common_shares": 1680000,
            "book_valuer_per_share": 22.53,
            "book_valuer_per_share_4q_avg": 22.87,
            "equity": 3797808,
            "current_ratio": 203.91,
            "debt_ratio": 49.03,
            "inventory_turnover_ratio": 0.76,
            "account_receivable_turnover_ratio": 1.46,
            "reinvestment_rate": -9.72,
            "research_to_sale_ratio": 0.38,
            "price_fair": 101.94,
            "eps_avg_yearly": 2.91,
            "eps_latest_yearly": 3.96,
            "eps_growth_yearly": 61.97
        },
        "20184": {
            "year_quarter": 20184,
            "year": 2018,
            "quarter": 4,
            "eps": 0.38,
            "eps_growth_year": -73.34,
            "eps_4q": 3.19,
            "eps_4q_growth_year": -21.62,
            "roe": 1.65,
            "roe_4q": 13.930000000000001,
            "gross_profit": 240663,
            "gross_margin": 10.65,
            "gross_margin_4q_avg": 15.03,
            "net_income": 63569,
            "net_income_4q": null,
            "revenue": 2258868,
            "revenue_4q": null,
            "common_shares": 1680000,
            "book_valuer_per_share": 23.08,
            "book_valuer_per_share_4q_avg": 22.95,
            "equity": 3891378,
            "current_ratio": 202.06,
            "debt_ratio": 49.21,
            "inventory_turnover_ratio": 0.73,
            "account_receivable_turnover_ratio": 1.42,
            "reinvestment_rate": -11.8,
            "research_to_sale_ratio": 0.36,
            "price_fair": 100.19,
            "eps_avg_yearly": 2.86,
            "eps_latest_yearly": 1.52,
            "eps_growth_yearly": 59.17
        },
        "20191": {
            "year_quarter": 20191,
            "year": 2019,
            "quarter": 1,
            "eps": 0.35,
            "eps_growth_year": -52.05,
            "eps_4q": 2.81,
            "eps_4q_growth_year": -28.6,
            "roe": 1.5,
            "roe_4q": 12.280000000000001,
            "gross_profit": 212053,
            "gross_margin": 10.93,
            "gross_margin_4q_avg": 13.31,
            "net_income": 59582,
            "net_income_4q": null,
            "revenue": 1939635,
            "revenue_4q": null,
            "common_shares": 1680000,
            "book_valuer_per_share": 23.96,
            "book_valuer_per_share_4q_avg": 22.96,
            "equity": 4039285,
            "current_ratio": 212.7,
            "debt_ratio": 47.56,
            "inventory_turnover_ratio": 0.61,
            "account_receivable_turnover_ratio": 1.24,
            "reinvestment_rate": -9.14,
            "research_to_sale_ratio": 0.59,
            "price_fair": 98.88,
            "eps_avg_yearly": 2.83,
            "eps_latest_yearly": 1.4,
            "eps_growth_yearly": 60.65
        },
        "20192": {
            "year_quarter": 20192,
            "year": 2019,
            "quarter": 2,
            "eps": 0.65,
            "eps_growth_year": -40.37,
            "eps_4q": 2.37,
            "eps_4q_growth_year": -47.3,
            "roe": 2.81,
            "roe_4q": 10.370000000000001,
            "gross_profit": 298197,
            "gross_margin": 12.95,
            "gross_margin_4q_avg": 12.38,
            "net_income": 109653,
            "net_income_4q": null,
            "revenue": 2302550,
            "revenue_4q": null,
            "common_shares": 1680000,
            "book_valuer_per_share": 22.34,
            "book_valuer_per_share_4q_avg": 22.98,
            "equity": 3766912,
            "current_ratio": 172.9,
            "debt_ratio": 52.13,
            "inventory_turnover_ratio": 0.71,
            "account_receivable_turnover_ratio": 1.47,
            "reinvestment_rate": -1.28,
            "research_to_sale_ratio": 0.33,
            "price_fair": 100.54,
            "eps_avg_yearly": 2.87,
            "eps_latest_yearly": 2.6,
            "eps_growth_yearly": 84.07
        },
        "20193": {
            "year_quarter": 20193,
            "year": 2019,
            "quarter": 3,
            "eps": 0.84,
            "eps_growth_year": -15.15,
            "eps_4q": 2.22,
            "eps_4q_growth_year": -47.42,
            "roe": 3.76,
            "roe_4q": 9.72,
            "gross_profit": 340314,
            "gross_margin": 14.81,
            "gross_margin_4q_avg": 12.34,
            "net_income": 141781,
            "net_income_4q": null,
            "revenue": 2297495,
            "revenue_4q": null,
            "common_shares": 1680000,
            "book_valuer_per_share": 22.37,
            "book_valuer_per_share_4q_avg": 22.94,
            "equity": 3771092,
            "current_ratio": 199.95,
            "debt_ratio": 51.58,
            "inventory_turnover_ratio": 0.7,
            "account_receivable_turnover_ratio": 1.44,
            "reinvestment_rate": -3.06,
            "research_to_sale_ratio": 0.17,
            "price_fair": 105.18,
            "eps_avg_yearly": 3.01,
            "eps_latest_yearly": 3.36,
            "eps_growth_yearly": 99.53
        },
        "20194": {
            "year_quarter": 20194,
            "year": 2019,
            "quarter": 4,
            "eps": 0.93,
            "eps_growth_year": 145.87,
            "eps_4q": 2.77,
            "eps_4q_growth_year": -13.02,
            "roe": 4.09,
            "roe_4q": 12.16,
            "gross_profit": 371356,
            "gross_margin": 16.38,
            "gross_margin_4q_avg": 13.77,
            "net_income": 156488,
            "net_income_4q": null,
            "revenue": 2267379,
            "revenue_4q": null,
            "common_shares": 1680000,
            "book_valuer_per_share": 23.05,
            "book_valuer_per_share_4q_avg": 22.93,
            "equity": 3885976,
            "current_ratio": 235.91,
            "debt_ratio": 46.98,
            "inventory_turnover_ratio": 0.7,
            "account_receivable_turnover_ratio": 1.35,
            "reinvestment_rate": -0.35,
            "research_to_sale_ratio": 0.39,
            "price_fair": 112,
            "eps_avg_yearly": 3.2,
            "eps_latest_yearly": 3.72,
            "eps_growth_yearly": 115.12
        },
        "20201": {
            "year_quarter": 20201,
            "year": 2020,
            "quarter": 1,
            "eps": 0.09,
            "eps_growth_year": -74.29,
            "eps_4q": 2.51,
            "eps_4q_growth_year": -10.76,
            "roe": 0.37,
            "roe_4q": 11.03,
            "gross_profit": 164401,
            "gross_margin": 10.29,
            "gross_margin_4q_avg": 13.61,
            "net_income": 14495,
            "net_income_4q": null,
            "revenue": 1598438,
            "revenue_4q": null,
            "common_shares": 1680000,
            "book_valuer_per_share": 22.9,
            "book_valuer_per_share_4q_avg": 22.67,
            "equity": 3859692,
            "current_ratio": 244,
            "debt_ratio": 46.15,
            "inventory_turnover_ratio": 0.56,
            "account_receivable_turnover_ratio": 1,
            "reinvestment_rate": 0.15,
            "research_to_sale_ratio": 0.44,
            "price_fair": 108.94,
            "eps_avg_yearly": 3.11,
            "eps_latest_yearly": 0.36,
            "eps_growth_yearly": 44.2
        },
        "20202": {
            "year_quarter": 20202,
            "year": 2020,
            "quarter": 2,
            "eps": 0.75,
            "eps_growth_year": 15.38,
            "eps_4q": 2.6,
            "eps_4q_growth_year": 9.82,
            "roe": 3.34,
            "roe_4q": 11.559999999999999,
            "gross_profit": 299572,
            "gross_margin": 12.64,
            "gross_margin_4q_avg": 13.53,
            "net_income": 125979,
            "net_income_4q": null,
            "revenue": 2369476,
            "revenue_4q": null,
            "common_shares": 1680000,
            "book_valuer_per_share": 21.8,
            "book_valuer_per_share_4q_avg": 22.53,
            "equity": 3675982,
            "current_ratio": 212.28,
            "debt_ratio": 50.43,
            "inventory_turnover_ratio": 0.8,
            "account_receivable_turnover_ratio": 1.58,
            "reinvestment_rate": 0.88,
            "research_to_sale_ratio": 0.27,
            "price_fair": 110.34,
            "eps_avg_yearly": 3.15,
            "eps_latest_yearly": 3,
            "eps_growth_yearly": 219.01
        },
        "20203": {
            "year_quarter": 20203,
            "year": 2020,
            "quarter": 3,
            "eps": 0.96,
            "eps_growth_year": 14.29,
            "eps_4q": 2.72,
            "eps_4q_growth_year": 22.39,
            "roe": 4.27,
            "roe_4q": 12.07,
            "gross_profit": 386477,
            "gross_margin": 15.73,
            "gross_margin_4q_avg": 13.76,
            "net_income": 161554,
            "net_income_4q": null,
            "revenue": 2456357,
            "revenue_4q": null,
            "common_shares": 1680000,
            "book_valuer_per_share": 23.11,
            "book_valuer_per_share_4q_avg": 22.72,
            "equity": 3895282,
            "current_ratio": 214.71,
            "debt_ratio": 47.98,
            "inventory_turnover_ratio": 0.75,
            "account_receivable_turnover_ratio": 1.48,
            "reinvestment_rate": 6.27,
            "research_to_sale_ratio": 0.25,
            "price_fair": 113.58,
            "eps_avg_yearly": 3.25,
            "eps_latest_yearly": 3.84,
            "eps_growth_yearly": 226.01
        },
        "20204": {
            "year_quarter": 20204,
            "year": 2020,
            "quarter": 4,
            "eps": 1.14,
            "eps_growth_year": 23.31,
            "eps_4q": 2.94,
            "eps_4q_growth_year": 5.89,
            "roe": 4.78,
            "roe_4q": 12.76,
            "gross_profit": 422591,
            "gross_margin": 15.38,
            "gross_margin_4q_avg": 13.51,
            "net_income": 192796,
            "net_income_4q": null,
            "revenue": 2747067,
            "revenue_4q": null,
            "common_shares": 1680000,
            "book_valuer_per_share": 24.77,
            "book_valuer_per_share_4q_avg": 23.15,
            "equity": 4177111,
            "current_ratio": 224.3,
            "debt_ratio": 52.83,
            "inventory_turnover_ratio": 0.8,
            "account_receivable_turnover_ratio": 1.47,
            "reinvestment_rate": 9.97,
            "research_to_sale_ratio": 0.28,
            "price_fair": 113.49,
            "eps_avg_yearly": 3.24,
            "eps_latest_yearly": 4.56,
            "eps_growth_yearly": 206.97
        },
        "20211": {
            "year_quarter": 20211,
            "year": 2021,
            "quarter": 1,
            "eps": 1.2,
            "eps_growth_year": 1233.33,
            "eps_4q": 4.05,
            "eps_4q_growth_year": 61.7,
            "roe": 4.75,
            "roe_4q": 17.14,
            "gross_profit": 470859,
            "gross_margin": 19.09,
            "gross_margin_4q_avg": 15.71,
            "net_income": 202589,
            "net_income_4q": null,
            "revenue": 2466853,
            "revenue_4q": null,
            "common_shares": 1680000,
            "book_valuer_per_share": 25.79,
            "book_valuer_per_share_4q_avg": 23.87,
            "equity": 4349040,
            "current_ratio": 246.19,
            "debt_ratio": 49.53,
            "inventory_turnover_ratio": 0.64,
            "account_receivable_turnover_ratio": 1.27,
            "reinvestment_rate": 11.14,
            "research_to_sale_ratio": 0.27,
            "price_fair": 116.38,
            "eps_avg_yearly": 3.33,
            "eps_latest_yearly": 4.8,
            "eps_growth_yearly": 214.37
        },
        "20212": {
            "year_quarter": 20212,
            "year": 2021,
            "quarter": 2,
            "eps": 1.7,
            "eps_growth_year": 126.67,
            "eps_4q": 5,
            "eps_4q_growth_year": 92.05,
            "roe": 6.63,
            "roe_4q": 20.43,
            "gross_profit": 632628,
            "gross_margin": 19.54,
            "gross_margin_4q_avg": 17.44,
            "net_income": 287135,
            "net_income_4q": null,
            "revenue": 3237265,
            "revenue_4q": null,
            "common_shares": 1682679,
            "book_valuer_per_share": 25.51,
            "book_valuer_per_share_4q_avg": 24.8,
            "equity": 4309016,
            "current_ratio": 198.03,
            "debt_ratio": 54.3,
            "inventory_turnover_ratio": 0.75,
            "account_receivable_turnover_ratio": 1.56,
            "reinvestment_rate": 11.9,
            "research_to_sale_ratio": 0.23,
            "price_fair": 126.7,
            "eps_avg_yearly": 3.62,
            "eps_latest_yearly": 6.8,
            "eps_growth_yearly": 234.85
        },
        "20213": {
            "year_quarter": 20213,
            "year": 2021,
            "quarter": 3,
            "eps": 2.86,
            "eps_growth_year": 197.92,
            "eps_4q": 6,
            "eps_4q_growth_year": 120.36,
            "roe": 10.18,
            "roe_4q": 26.34,
            "gross_profit": 823843,
            "gross_margin": 22.74,
            "gross_margin_4q_avg": 19.19,
            "net_income": 527926,
            "net_income_4q": null,
            "revenue": 3623665,
            "revenue_4q": null,
            "common_shares": 2012033,
            "book_valuer_per_share": 30.04,
            "book_valuer_per_share_4q_avg": 26.53,
            "equity": 6061805,
            "current_ratio": 253.66,
            "debt_ratio": 45.48,
            "inventory_turnover_ratio": 0.71,
            "account_receivable_turnover_ratio": 1.51,
            "reinvestment_rate": 11.68,
            "research_to_sale_ratio": 0.09,
            "price_fair": 140.7,
            "eps_avg_yearly": 4.02,
            "eps_latest_yearly": 11.44,
            "eps_growth_yearly": 216.33
        },
        "20214": {
            "year_quarter": 20214,
            "year": 2021,
            "quarter": 4,
            "eps": 2.13,
            "eps_growth_year": 86.2,
            "eps_4q": 7.17,
            "eps_4q_growth_year": 144.15,
            "roe": 6.83,
            "roe_4q": 28.389999999999997,
            "gross_profit": 773660,
            "gross_margin": 19.8,
            "gross_margin_4q_avg": 20.29,
            "net_income": 430262,
            "net_income_4q": null,
            "revenue": 3907733,
            "revenue_4q": null,
            "common_shares": 2012033,
            "book_valuer_per_share": 32.41,
            "book_valuer_per_share_4q_avg": 28.44,
            "equity": 6540388,
            "current_ratio": 248.66,
            "debt_ratio": 44.98,
            "inventory_turnover_ratio": 0.71,
            "account_receivable_turnover_ratio": 1.46,
            "reinvestment_rate": 19.3,
            "research_to_sale_ratio": 0.14,
            "price_fair": 146.91,
            "eps_avg_yearly": 4.2,
            "eps_latest_yearly": 8.52,
            "eps_growth_yearly": 206.77
        },
        "20221": {
            "year_quarter": 20221,
            "year": 2022,
            "quarter": 1,
            "eps": 1.47,
            "eps_growth_year": 22.5,
            "eps_4q": 7.64,
            "eps_4q_growth_year": 88.4,
            "roe": 4.35,
            "roe_4q": 27.99,
            "gross_profit": 579595,
            "gross_margin": 15.36,
            "gross_margin_4q_avg": 19.36,
            "net_income": 296160,
            "net_income_4q": null,
            "revenue": 3773820,
            "revenue_4q": null,
            "common_shares": 2012033,
            "book_valuer_per_share": 35.08,
            "book_valuer_per_share_4q_avg": 30.76,
            "equity": 7080175,
            "current_ratio": 254.16,
            "debt_ratio": 44.15,
            "inventory_turnover_ratio": 0.68,
            "account_receivable_turnover_ratio": 1.41,
            "reinvestment_rate": 21.02,
            "research_to_sale_ratio": 0.11,
            "price_fair": 153.39,
            "eps_avg_yearly": 4.38,
            "eps_latest_yearly": 5.88,
            "eps_growth_yearly": 211.18
        },
        "20222": {
            "year_quarter": 20222,
            "year": 2022,
            "quarter": 2,
            "eps": 2.2,
            "eps_growth_year": 29.41,
            "eps_4q": 8.41,
            "eps_4q_growth_year": 68.24,
            "roe": 6.4,
            "roe_4q": 27.759999999999998,
            "gross_profit": 760774,
            "gross_margin": 18.9,
            "gross_margin_4q_avg": 19.2,
            "net_income": 443960,
            "net_income_4q": null,
            "revenue": 4025564,
            "revenue_4q": null,
            "common_shares": 2012033,
            "book_valuer_per_share": 33.63,
            "book_valuer_per_share_4q_avg": 32.79,
            "equity": 6788752,
            "current_ratio": 209.6,
            "debt_ratio": 50.27,
            "inventory_turnover_ratio": 0.64,
            "account_receivable_turnover_ratio": 1.54,
            "reinvestment_rate": 29.87,
            "research_to_sale_ratio": 0.16,
            "price_fair": 163.1,
            "eps_avg_yearly": 4.66,
            "eps_latest_yearly": 8.8,
            "eps_growth_yearly": 211.26
        },
        "20223": {
            "year_quarter": 20223,
            "year": 2022,
            "quarter": 3,
            "eps": -0.07,
            "eps_growth_year": -102.45,
            "eps_4q": 5.73,
            "eps_4q_growth_year": -4.45,
            "roe": -0.19,
            "roe_4q": 17.39,
            "gross_profit": 198729,
            "gross_margin": 5.09,
            "gross_margin_4q_avg": 14.79,
            "net_income": -13167,
            "net_income_4q": null,
            "revenue": 3905940,
            "revenue_4q": null,
            "common_shares": 2012033,
            "book_valuer_per_share": 33.92,
            "book_valuer_per_share_4q_avg": 33.76,
            "equity": 6847024,
            "current_ratio": 201.94,
            "debt_ratio": 48.66,
            "inventory_turnover_ratio": 0.69,
            "account_receivable_turnover_ratio": 1.48,
            "reinvestment_rate": 35.82,
            "research_to_sale_ratio": 0.16,
            "price_fair": 164.73,
            "eps_avg_yearly": 4.71,
            "eps_latest_yearly": 8.8,
            "eps_growth_yearly": 227.79
        },
        "20224": {
            "year_quarter": 20224,
            "year": 2022,
            "quarter": 4,
            "eps": 0.93,
            "eps_growth_year": -56.35,
            "eps_4q": 4.53,
            "eps_4q_growth_year": -36.86,
            "roe": 2.72,
            "roe_4q": 13.28,
            "gross_profit": 472752,
            "gross_margin": 12.7,
            "gross_margin_4q_avg": 13.01,
            "net_income": 187477,
            "net_income_4q": null,
            "revenue": 3723085,
            "revenue_4q": null,
            "common_shares": 2012033,
            "book_valuer_per_share": 34.36,
            "book_valuer_per_share_4q_avg": 34.25,
            "equity": 6934632,
            "current_ratio": 186.43,
            "debt_ratio": 48.76,
            "inventory_turnover_ratio": 0.6,
            "account_receivable_turnover_ratio": 1.45,
            "reinvestment_rate": 38.21,
            "research_to_sale_ratio": 0.16,
            "price_fair": 172.7,
            "eps_avg_yearly": 4.93,
            "eps_latest_yearly": 8.8,
            "eps_growth_yearly": 261.67
        },
        "20231": {
            "year_quarter": 20231,
            "year": 2023,
            "quarter": 1,
            "eps": 0.1,
            "eps_growth_year": -93.2,
            "eps_4q": 3.17,
            "eps_4q_growth_year": -58.55,
            "roe": 0.3,
            "roe_4q": 9.23,
            "gross_profit": 216919,
            "gross_margin": 6.33,
            "gross_margin_4q_avg": 10.76,
            "net_income": 20850,
            "net_income_4q": null,
            "revenue": 3424435,
            "revenue_4q": null,
            "common_shares": 2012033,
            "book_valuer_per_share": 34.62,
            "book_valuer_per_share_4q_avg": 34.13,
            "equity": 6987647,
            "current_ratio": 198.18,
            "debt_ratio": 50.92,
            "inventory_turnover_ratio": 0.57,
            "account_receivable_turnover_ratio": 1.33,
            "reinvestment_rate": 45.74,
            "research_to_sale_ratio": 0.24,
            "price_fair": 170.2,
            "eps_avg_yearly": 4.86,
            "eps_latest_yearly": 0.4,
            "eps_growth_yearly": 238.42
        },
        "20232": {
            "year_quarter": 20232,
            "year": 2023,
            "quarter": 2,
            "eps": 0.36,
            "eps_growth_year": -83.64,
            "eps_4q": 1.33,
            "eps_4q_growth_year": -84.2,
            "roe": 1.09,
            "roe_4q": 3.9200000000000004,
            "gross_profit": 257365,
            "gross_margin": 7.08,
            "gross_margin_4q_avg": 7.8,
            "net_income": 73321,
            "net_income_4q": null,
            "revenue": 3633228,
            "revenue_4q": null,
            "common_shares": 2012033,
            "book_valuer_per_share": 31.89,
            "book_valuer_per_share_4q_avg": 33.7,
            "equity": 6437706,
            "current_ratio": 187.73,
            "debt_ratio": 52.17,
            "inventory_turnover_ratio": 0.65,
            "account_receivable_turnover_ratio": 1.4,
            "reinvestment_rate": 44.17,
            "research_to_sale_ratio": 0.16,
            "price_fair": 167.3,
            "eps_avg_yearly": 4.78,
            "eps_latest_yearly": 1.44,
            "eps_growth_yearly": 288.22
        },
        "20233": {
            "year_quarter": 20233,
            "year": 2023,
            "quarter": 3,
            "eps": 0.81,
            "eps_growth_year": null,
            "eps_4q": 2.21,
            "eps_4q_growth_year": -61.5,
            "roe": 2.48,
            "roe_4q": 6.59,
            "gross_profit": 419700,
            "gross_margin": 13.79,
            "gross_margin_4q_avg": 9.98,
            "net_income": 163842,
            "net_income_4q": null,
            "revenue": 3042793,
            "revenue_4q": null,
            "common_shares": 2012033,
            "book_valuer_per_share": 33.66,
            "book_valuer_per_share_4q_avg": 33.63,
            "equity": 6794847,
            "current_ratio": 217.95,
            "debt_ratio": 47.68,
            "inventory_turnover_ratio": 0.54,
            "account_receivable_turnover_ratio": 1.19,
            "reinvestment_rate": 51.25,
            "research_to_sale_ratio": 0.25,
            "price_fair": 167,
            "eps_avg_yearly": 4.77,
            "eps_latest_yearly": 3.24,
            "eps_growth_yearly": 315.58
        }
    },
    "months": {
        "2013-12": {
            "month": "2013-12",
            "price": "25.75",
            "revenue": 508523
        },
        "2014-01": {
            "month": "2014-01",
            "price": "25.63",
            "revenue": 467547
        },
        "2014-02": {
            "month": "2014-02",
            "price": "24.55",
            "revenue": 393263
        },
        "2014-03": {
            "month": "2014-03",
            "price": "25.59",
            "revenue": 536625
        },
        "2014-04": {
            "month": "2014-04",
            "price": "27.66",
            "revenue": 545391
        },
        "2014-05": {
            "month": "2014-05",
            "price": "27.93",
            "revenue": 582714
        },
        "2014-06": {
            "month": "2014-06",
            "price": "27.24",
            "revenue": 500641
        },
        "2014-07": {
            "month": "2014-07",
            "price": "27.25",
            "revenue": 638071
        },
        "2014-08": {
            "month": "2014-08",
            "price": "30.22",
            "revenue": 550164
        },
        "2014-09": {
            "month": "2014-09",
            "price": "31.18",
            "revenue": 591006
        },
        "2014-10": {
            "month": "2014-10",
            "price": "30.93",
            "revenue": 526834
        },
        "2014-11": {
            "month": "2014-11",
            "price": "31.64",
            "revenue": 512232
        },
        "2014-12": {
            "month": "2014-12",
            "price": "30.90",
            "revenue": 589596
        },
        "2015-01": {
            "month": "2015-01",
            "price": "31.68",
            "revenue": 594673
        },
        "2015-02": {
            "month": "2015-02",
            "price": "31.67",
            "revenue": 326001
        },
        "2015-03": {
            "month": "2015-03",
            "price": "33.17",
            "revenue": 557515
        },
        "2015-04": {
            "month": "2015-04",
            "price": "32.72",
            "revenue": 544816
        },
        "2015-05": {
            "month": "2015-05",
            "price": "32.00",
            "revenue": 543099
        },
        "2015-06": {
            "month": "2015-06",
            "price": "29.56",
            "revenue": 508545
        },
        "2015-07": {
            "month": "2015-07",
            "price": "27.66",
            "revenue": 521130
        },
        "2015-08": {
            "month": "2015-08",
            "price": "24.75",
            "revenue": 474449
        },
        "2015-09": {
            "month": "2015-09",
            "price": "25.11",
            "revenue": 519526
        },
        "2015-10": {
            "month": "2015-10",
            "price": "26.98",
            "revenue": 444087
        },
        "2015-11": {
            "month": "2015-11",
            "price": "26.82",
            "revenue": 486762
        },
        "2015-12": {
            "month": "2015-12",
            "price": "25.11",
            "revenue": 527441
        },
        "2016-01": {
            "month": "2016-01",
            "price": "24.56",
            "revenue": 510686
        },
        "2016-02": {
            "month": "2016-02",
            "price": "25.48",
            "revenue": 278586
        },
        "2016-03": {
            "month": "2016-03",
            "price": "25.64",
            "revenue": 587795
        },
        "2016-04": {
            "month": "2016-04",
            "price": "25.36",
            "revenue": 533939
        },
        "2016-05": {
            "month": "2016-05",
            "price": "25.15",
            "revenue": 517319
        },
        "2016-06": {
            "month": "2016-06",
            "price": "25.39",
            "revenue": 474098
        },
        "2016-07": {
            "month": "2016-07",
            "price": "25.77",
            "revenue": 523277
        },
        "2016-08": {
            "month": "2016-08",
            "price": "25.57",
            "revenue": 510336
        },
        "2016-09": {
            "month": "2016-09",
            "price": "25.41",
            "revenue": 494080
        },
        "2016-10": {
            "month": "2016-10",
            "price": "25.46",
            "revenue": 470923
        },
        "2016-11": {
            "month": "2016-11",
            "price": "25.04",
            "revenue": 586346
        },
        "2016-12": {
            "month": "2016-12",
            "price": "27.74",
            "revenue": 580444
        },
        "2017-01": {
            "month": "2017-01",
            "price": "28.85",
            "revenue": 383147
        },
        "2017-02": {
            "month": "2017-02",
            "price": "28.75",
            "revenue": 444123
        },
        "2017-03": {
            "month": "2017-03",
            "price": "29.17",
            "revenue": 655208
        },
        "2017-04": {
            "month": "2017-04",
            "price": "29.38",
            "revenue": 591589
        },
        "2017-05": {
            "month": "2017-05",
            "price": "28.80",
            "revenue": 617410
        },
        "2017-06": {
            "month": "2017-06",
            "price": "30.64",
            "revenue": 642164
        },
        "2017-07": {
            "month": "2017-07",
            "price": "31.37",
            "revenue": 649360
        },
        "2017-08": {
            "month": "2017-08",
            "price": "31.46",
            "revenue": 704846
        },
        "2017-09": {
            "month": "2017-09",
            "price": "31.74",
            "revenue": 748703
        },
        "2017-10": {
            "month": "2017-10",
            "price": "34.20",
            "revenue": 656458
        },
        "2017-11": {
            "month": "2017-11",
            "price": "34.73",
            "revenue": 717588
        },
        "2017-12": {
            "month": "2017-12",
            "price": "35.60",
            "revenue": 739416
        },
        "2018-01": {
            "month": "2018-01",
            "price": "40.07",
            "revenue": 736418
        },
        "2018-02": {
            "month": "2018-02",
            "price": "42.37",
            "revenue": 371401
        },
        "2018-03": {
            "month": "2018-03",
            "price": "41.47",
            "revenue": 770711
        },
        "2018-04": {
            "month": "2018-04",
            "price": "42.82",
            "revenue": 761413
        },
        "2018-05": {
            "month": "2018-05",
            "price": "42.53",
            "revenue": 901348
        },
        "2018-06": {
            "month": "2018-06",
            "price": "42.00",
            "revenue": 733818
        },
        "2018-07": {
            "month": "2018-07",
            "price": "40.72",
            "revenue": 769215
        },
        "2018-08": {
            "month": "2018-08",
            "price": "42.28",
            "revenue": 809336
        },
        "2018-09": {
            "month": "2018-09",
            "price": "41.99",
            "revenue": 739765
        },
        "2018-10": {
            "month": "2018-10",
            "price": "39.73",
            "revenue": 696825
        },
        "2018-11": {
            "month": "2018-11",
            "price": "38.10",
            "revenue": 753303
        },
        "2018-12": {
            "month": "2018-12",
            "price": "36.84",
            "revenue": 735385
        },
        "2019-01": {
            "month": "2019-01",
            "price": "35.20",
            "revenue": 712960
        },
        "2019-02": {
            "month": "2019-02",
            "price": "36.38",
            "revenue": 490336
        },
        "2019-03": {
            "month": "2019-03",
            "price": "36.87",
            "revenue": 815148
        },
        "2019-04": {
            "month": "2019-04",
            "price": "36.69",
            "revenue": 754046
        },
        "2019-05": {
            "month": "2019-05",
            "price": "35.97",
            "revenue": 777500
        },
        "2019-06": {
            "month": "2019-06",
            "price": "35.40",
            "revenue": 696614
        },
        "2019-07": {
            "month": "2019-07",
            "price": "34.41",
            "revenue": 776553
        },
        "2019-08": {
            "month": "2019-08",
            "price": "32.77",
            "revenue": 757123
        },
        "2019-09": {
            "month": "2019-09",
            "price": "33.46",
            "revenue": 763903
        },
        "2019-10": {
            "month": "2019-10",
            "price": "33.35",
            "revenue": 725936
        },
        "2019-11": {
            "month": "2019-11",
            "price": "32.56",
            "revenue": 721629
        },
        "2019-12": {
            "month": "2019-12",
            "price": "31.90",
            "revenue": 829198
        },
        "2020-01": {
            "month": "2020-01",
            "price": "33.00",
            "revenue": 446767
        },
        "2020-02": {
            "month": "2020-02",
            "price": "32.64",
            "revenue": 325337
        },
        "2020-03": {
            "month": "2020-03",
            "price": "28.60",
            "revenue": 843289
        },
        "2020-04": {
            "month": "2020-04",
            "price": "27.75",
            "revenue": 779247
        },
        "2020-05": {
            "month": "2020-05",
            "price": "29.24",
            "revenue": 792623
        },
        "2020-06": {
            "month": "2020-06",
            "price": "29.11",
            "revenue": 778283
        },
        "2020-07": {
            "month": "2020-07",
            "price": "30.02",
            "revenue": 810642
        },
        "2020-08": {
            "month": "2020-08",
            "price": "30.18",
            "revenue": 773838
        },
        "2020-09": {
            "month": "2020-09",
            "price": "31.54",
            "revenue": 875862
        },
        "2020-10": {
            "month": "2020-10",
            "price": "32.02",
            "revenue": 812846
        },
        "2020-11": {
            "month": "2020-11",
            "price": "32.40",
            "revenue": 895496
        },
        "2020-12": {
            "month": "2020-12",
            "price": "36.25",
            "revenue": 1051577
        },
        "2021-01": {
            "month": "2021-01",
            "price": "38.20",
            "revenue": 929031
        },
        "2021-02": {
            "month": "2021-02",
            "price": "36.40",
            "revenue": 530591
        },
        "2021-03": {
            "month": "2021-03",
            "price": "37.40",
            "revenue": 1014045
        },
        "2021-04": {
            "month": "2021-04",
            "price": "41.91",
            "revenue": 1064577
        },
        "2021-05": {
            "month": "2021-05",
            "price": "42.53",
            "revenue": 1084626
        },
        "2021-06": {
            "month": "2021-06",
            "price": "44.50",
            "revenue": 1072800
        },
        "2021-07": {
            "month": "2021-07",
            "price": "46.91",
            "revenue": 1163956
        },
        "2021-08": {
            "month": "2021-08",
            "price": "42.15",
            "revenue": 1145760
        },
        "2021-09": {
            "month": "2021-09",
            "price": "41.68",
            "revenue": 1324663
        },
        "2021-10": {
            "month": "2021-10",
            "price": "41.40",
            "revenue": 1208636
        },
        "2021-11": {
            "month": "2021-11",
            "price": "48.77",
            "revenue": 1301618
        },
        "2021-12": {
            "month": "2021-12",
            "price": "52.58",
            "revenue": 1432405
        },
        "2022-01": {
            "month": "2022-01",
            "price": "54.97",
            "revenue": 1162643
        },
        "2022-02": {
            "month": "2022-02",
            "price": "58.77",
            "revenue": 1047697
        },
        "2022-03": {
            "month": "2022-03",
            "price": "59.48",
            "revenue": 1579704
        },
        "2022-04": {
            "month": "2022-04",
            "price": "54.67",
            "revenue": 1266279
        },
        "2022-05": {
            "month": "2022-05",
            "price": "50.01",
            "revenue": 1394547
        },
        "2022-06": {
            "month": "2022-06",
            "price": "48.45",
            "revenue": 1346276
        },
        "2022-07": {
            "month": "2022-07",
            "price": "43.90",
            "revenue": 1247474
        },
        "2022-08": {
            "month": "2022-08",
            "price": "44.00",
            "revenue": 1289253
        },
        "2022-09": {
            "month": "2022-09",
            "price": "44.60",
            "revenue": 1403194
        },
        "2022-10": {
            "month": "2022-10",
            "price": "44.15",
            "revenue": 1270719
        },
        "2022-11": {
            "month": "2022-11",
            "price": "42.18",
            "revenue": 1359851
        },
        "2022-12": {
            "month": "2022-12",
            "price": "42.05",
            "revenue": 1181643
        },
        "2023-01": {
            "month": "2023-01",
            "price": "42.70",
            "revenue": 786343
        },
        "2023-02": {
            "month": "2023-02",
            "price": "43.33",
            "revenue": 1184536
        },
        "2023-03": {
            "month": "2023-03",
            "price": "41.70",
            "revenue": 1418583
        },
        "2023-04": {
            "month": "2023-04",
            "price": "41.88",
            "revenue": 1235082
        },
        "2023-05": {
            "month": "2023-05",
            "price": "41.20",
            "revenue": 1277502
        },
        "2023-06": {
            "month": "2023-06",
            "price": "39.93",
            "revenue": 1080639
        },
        "2023-07": {
            "month": "2023-07",
            "price": "36.52",
            "revenue": 1010409
        },
        "2023-08": {
            "month": "2023-08",
            "price": "34.17",
            "revenue": 1080490
        },
        "2023-09": {
            "month": "2023-09",
            "price": "33.86",
            "revenue": 958709
        },
        "2023-10": {
            "month": "2023-10",
            "price": "32.44",
            "revenue": 835912
        },
        "2023-11": {
            "month": "2023-11",
            "price": "32.88",
            "revenue": 960204
        },
        "2023-12": {
            "month": "2023-12",
            "price": "34.35",
            "revenue": 902803
        }
    }
}
