{
    "summary": {
        "stock_name": "桓鼎-KY",
        "stock_id": "5543",
        "category": "建材營造",
        "main_business": "金屬建築材料製造與銷售<br>模組化建材及配套材料之開發、設計、製造與銷售",
        "website_url": "http://www.buima.com.tw",
        "ceo": "莊宏偉",
        "pe_ratio": -13,
        "report_year_from": 2013,
        "report_year_to": 2023,
        "age": 11,
        "eps_negative_percentage": 38,
        "eps_growth_avg": {
            "last_all": -12.93,
            "last_2y": 0,
            "last_4y": 8.84,
            "last_8y": null,
            "last_12y": null,
            "last_16y": null,
            "last_20y": null,
            "at_2006_last_3y": null,
            "at_2007_last_3y": null,
            "at_2008_last_3y": null,
            "at_2009_last_3y": null,
            "at_2010_last_3y": null,
            "at_2011_last_3y": null,
            "at_2012_last_3y": null,
            "at_2013_last_3y": null,
            "at_2014_last_3y": null,
            "at_2015_last_3y": null,
            "at_2016_last_3y": null,
            "at_2017_last_3y": null,
            "at_2018_last_3y": null,
            "at_2019_last_3y": null,
            "at_2020_last_3y": -21.55,
            "at_2021_last_3y": 45.12,
            "at_2022_last_3y": 8.84,
            "at_2023_last_3y": 9.52,
            "at_2024_last_3y": 9.52,
            "at_2006_last_all": null,
            "at_2007_last_all": null,
            "at_2008_last_all": null,
            "at_2009_last_all": null,
            "at_2010_last_all": null,
            "at_2011_last_all": null,
            "at_2012_last_all": null,
            "at_2013_last_all": null,
            "at_2014_last_all": null,
            "at_2015_last_all": null,
            "at_2016_last_all": null,
            "at_2017_last_all": null,
            "at_2018_last_all": -100,
            "at_2019_last_all": -46.61,
            "at_2020_last_all": -21.55,
            "at_2021_last_all": 8.84,
            "at_2022_last_all": -12.93,
            "at_2023_last_all": -12.93,
            "at_2024_last_all": -12.93
        },
        "latest_eps": -3.08,
        "latest_price": 39.55,
        "latest_roe": -9.81,
        "latest_gross_margin": 13.81,
        "latest_equity": 1258889,
        "latest_revenue": 761598,
        "latest_gross_profit": 105207,
        "latest_net_income": 6406,
        "latest_debt_ratio": 69.06,
        "latest_current_ratio": 110.6,
        "latest_account_receivable_turnover_ratio": 1.05,
        "latest_inventory_turnover_ratio": 0.7,
        "latest_reinvestment_rate": 1840.31,
        "latest_research_to_sale_ratio": 3.58
    },
    "eps_dividends": {
        "2001": {
            "cash": 0,
            "stock": 0,
            "eps": 0
        },
        "2002": {
            "cash": 0,
            "stock": 0,
            "eps": 0
        },
        "2003": {
            "cash": 0,
            "stock": 0,
            "eps": 0
        },
        "2004": {
            "cash": 0,
            "stock": 0,
            "eps": 0
        },
        "2005": {
            "cash": 0,
            "stock": 0,
            "eps": 0
        },
        "2006": {
            "cash": 0,
            "stock": 0,
            "eps": 0
        },
        "2007": {
            "cash": 0,
            "stock": 0,
            "eps": 0
        },
        "2008": {
            "cash": 0,
            "stock": 0,
            "eps": 0
        },
        "2009": {
            "cash": 0,
            "stock": 0,
            "eps": 0
        },
        "2010": {
            "cash": 0,
            "stock": 0,
            "eps": 0
        },
        "2011": {
            "cash": 0,
            "stock": 0,
            "eps": 0
        },
        "2012": {
            "cash": 0,
            "stock": 0,
            "eps": 0
        },
        "2013": {
            "cash": 0,
            "stock": 0,
            "eps": 0
        },
        "2014": {
            "cash": 1,
            "stock": 0,
            "eps": 0
        },
        "2015": {
            "cash": 1.02,
            "stock": 0,
            "eps": 0
        },
        "2016": {
            "cash": 0.97,
            "stock": 0,
            "eps": 0.44
        },
        "2017": {
            "cash": 0.9,
            "stock": 0,
            "eps": -2.2
        },
        "2018": {
            "cash": 0.8,
            "stock": 0,
            "eps": 0.59
        },
        "2019": {
            "cash": 0.5,
            "stock": 0,
            "eps": 0.63
        },
        "2020": {
            "cash": 0.8,
            "stock": 0,
            "eps": 0.81
        },
        "2021": {
            "cash": 1,
            "stock": 0,
            "eps": 3.27
        },
        "2022": {
            "cash": 2,
            "stock": 0,
            "eps": -1.63
        },
        "2023": {
            "cash": 0.8,
            "stock": 0,
            "eps": -1.81
        }
    },
    "dividends": {
        "2014-06-02": {
            "cash": 1,
            "stock": 0
        },
        "2015-05-29": {
            "cash": 1.02,
            "stock": 0
        },
        "2016-03-10": {
            "cash": 0.97,
            "stock": 0
        },
        "2017-08-09": {
            "cash": 0.9,
            "stock": 0
        },
        "2018-09-25": {
            "cash": 0.8,
            "stock": 0
        },
        "2019-09-20": {
            "cash": 0.5,
            "stock": 0
        },
        "2020-07-03": {
            "cash": 0.8,
            "stock": 0
        },
        "2021-12-10": {
            "cash": 1,
            "stock": 0
        },
        "2022-08-26": {
            "cash": 2,
            "stock": 0
        },
        "2023-09-22": {
            "cash": 0.8,
            "stock": 0
        }
    },
    "prices": {
        "200101": "無",
        "200102": "無",
        "200103": "無",
        "200104": "無",
        "200105": "無",
        "200106": "無",
        "200107": "無",
        "200108": "無",
        "200109": "無",
        "200110": "無",
        "200111": "無",
        "200112": "無",
        "200201": "無",
        "200202": "無",
        "200203": "無",
        "200204": "無",
        "200205": "無",
        "200206": "無",
        "200207": "無",
        "200208": "無",
        "200209": "無",
        "200210": "無",
        "200211": "無",
        "200212": "無",
        "200301": "無",
        "200302": "無",
        "200303": "無",
        "200304": "無",
        "200305": "無",
        "200306": "無",
        "200307": "無",
        "200308": "無",
        "200309": "無",
        "200310": "無",
        "200311": "無",
        "200312": "無",
        "200401": "無",
        "200402": "無",
        "200403": "無",
        "200404": "無",
        "200405": "無",
        "200406": "無",
        "200407": "無",
        "200408": "無",
        "200409": "無",
        "200410": "無",
        "200411": "無",
        "200412": "無",
        "200501": "無",
        "200502": "無",
        "200503": "無",
        "200504": "無",
        "200505": "無",
        "200506": "無",
        "200507": "無",
        "200508": "無",
        "200509": "無",
        "200510": "無",
        "200511": "無",
        "200512": "無",
        "200601": "無",
        "200602": "無",
        "200603": "無",
        "200604": "無",
        "200605": "無",
        "200606": "無",
        "200607": "無",
        "200608": "無",
        "200609": "無",
        "200610": "無",
        "200611": "無",
        "200612": "無",
        "200701": "無",
        "200702": "無",
        "200703": "無",
        "200704": "無",
        "200705": "無",
        "200706": "無",
        "200707": "無",
        "200708": "無",
        "200709": "無",
        "200710": "無",
        "200711": "無",
        "200712": "無",
        "200801": "無",
        "200802": "無",
        "200803": "無",
        "200804": "無",
        "200805": "無",
        "200806": "無",
        "200807": "無",
        "200808": "無",
        "200809": "無",
        "200810": "無",
        "200811": "無",
        "200812": "無",
        "200901": "無",
        "200902": "無",
        "200903": "無",
        "200904": "無",
        "200905": "無",
        "200906": "無",
        "200907": "無",
        "200908": "無",
        "200909": "無",
        "200910": "無",
        "200911": "無",
        "200912": "無",
        "201001": "無",
        "201002": "無",
        "201003": "無",
        "201004": "無",
        "201005": "無",
        "201006": "無",
        "201007": "無",
        "201008": "無",
        "201009": "無",
        "201010": "無",
        "201011": "無",
        "201012": "無",
        "201101": "無",
        "201102": "無",
        "201103": "無",
        "201104": "無",
        "201105": "無",
        "201106": "無",
        "201107": "無",
        "201108": "無",
        "201109": "無",
        "201110": "無",
        "201111": "無",
        "201112": "無",
        "201201": "無",
        "201202": "無",
        "201203": "無",
        "201204": "無",
        "201205": "無",
        "201206": "無",
        "201207": "無",
        "201208": "無",
        "201209": "無",
        "201210": "無",
        "201211": "無",
        "201212": "無",
        "201301": "無",
        "201302": "無",
        "201303": "無",
        "201304": "無",
        "201305": "無",
        "201306": "無",
        "201307": "無",
        "201308": "無",
        "201309": "無",
        "201310": "無",
        "201311": "無",
        "201312": "無",
        "201401": "無",
        "201402": "無",
        "201403": "無",
        "201404": "無",
        "201405": "無",
        "201406": "無",
        "201407": "無",
        "201408": "無",
        "201409": "無",
        "201410": "無",
        "201411": "無",
        "201412": "無",
        "201501": "無",
        "201502": "無",
        "201503": "無",
        "201504": "無",
        "201505": "無",
        "201506": "無",
        "201507": "無",
        "201508": "無",
        "201509": "無",
        "201510": "無",
        "201511": "無",
        "201512": "無",
        "201601": "無",
        "201602": "無",
        "201603": "無",
        "201604": "無",
        "201605": "26.09",
        "201606": "27.31",
        "201607": "26.82",
        "201608": "30.47",
        "201609": "31.10",
        "201610": "27.95",
        "201611": "25.55",
        "201612": "24.75",
        "201701": "24.14",
        "201702": "24.61",
        "201703": "24.83",
        "201704": "24.76",
        "201705": "24.58",
        "201706": "24.70",
        "201707": "23.42",
        "201708": "20.88",
        "201709": "20.73",
        "201710": "20.75",
        "201711": "20.81",
        "201712": "18.50",
        "201801": "19.53",
        "201802": "19.76",
        "201803": "22.96",
        "201804": "21.13",
        "201805": "21.52",
        "201806": "21.42",
        "201807": "21.36",
        "201808": "21.31",
        "201809": "21.82",
        "201810": "19.73",
        "201811": "19.79",
        "201812": "19.26",
        "201901": "18.11",
        "201902": "18.59",
        "201903": "20.34",
        "201904": "20.59",
        "201905": "20.32",
        "201906": "20.88",
        "201907": "20.53",
        "201908": "20.55",
        "201909": "20.38",
        "201910": "20.38",
        "201911": "20.30",
        "201912": "20.45",
        "202001": "20.73",
        "202002": "20.12",
        "202003": "20.46",
        "202004": "21.36",
        "202005": "20.54",
        "202006": "24.08",
        "202007": "37.24",
        "202008": "48.54",
        "202009": "50.82",
        "202010": "51.84",
        "202011": "58.78",
        "202012": "63.94",
        "202101": "59.87",
        "202102": "54.18",
        "202103": "62.55",
        "202104": "63.57",
        "202105": "60.33",
        "202106": "58.77",
        "202107": "60.47",
        "202108": "63.41",
        "202109": "62.70",
        "202110": "68.40",
        "202111": "68.15",
        "202112": "66.36",
        "202201": "62.69",
        "202202": "59.81",
        "202203": "59.84",
        "202204": "58.20",
        "202205": "58.22",
        "202206": "58.04",
        "202207": "58.82",
        "202208": "59.72",
        "202209": "57.52",
        "202210": "56.20",
        "202211": "54.12",
        "202212": "53.41",
        "202301": "52.17",
        "202302": "54.65",
        "202303": "52.68",
        "202304": "49.65",
        "202305": "46.77",
        "202306": "48.62",
        "202307": "49.49",
        "202308": "46.55",
        "202309": "46.50",
        "202310": "45.61",
        "202311": "42.11",
        "202312": "40.28"
    },
    "quarters": {
        "20011": {
            "year_quarter": 20011,
            "year": 2001,
            "quarter": 1,
            "eps": null,
            "eps_growth_year": null,
            "eps_4q": null,
            "eps_4q_growth_year": null,
            "roe": null,
            "roe_4q": 0,
            "gross_profit": null,
            "gross_margin": null,
            "gross_margin_4q_avg": 0,
            "net_income": null,
            "net_income_4q": null,
            "revenue": null,
            "revenue_4q": null,
            "common_shares": null,
            "book_valuer_per_share": null,
            "book_valuer_per_share_4q_avg": 0,
            "equity": null,
            "current_ratio": null,
            "debt_ratio": null,
            "inventory_turnover_ratio": null,
            "account_receivable_turnover_ratio": null,
            "reinvestment_rate": null,
            "research_to_sale_ratio": null,
            "price_fair": 0,
            "eps_avg_yearly": 0,
            "eps_latest_yearly": 0,
            "eps_growth_yearly": 0
        },
        "20012": {
            "year_quarter": 20012,
            "year": 2001,
            "quarter": 2,
            "eps": null,
            "eps_growth_year": null,
            "eps_4q": null,
            "eps_4q_growth_year": null,
            "roe": null,
            "roe_4q": 0,
            "gross_profit": null,
            "gross_margin": null,
            "gross_margin_4q_avg": 0,
            "net_income": null,
            "net_income_4q": null,
            "revenue": null,
            "revenue_4q": null,
            "common_shares": null,
            "book_valuer_per_share": null,
            "book_valuer_per_share_4q_avg": 0,
            "equity": null,
            "current_ratio": null,
            "debt_ratio": null,
            "inventory_turnover_ratio": null,
            "account_receivable_turnover_ratio": null,
            "reinvestment_rate": null,
            "research_to_sale_ratio": null,
            "price_fair": 0,
            "eps_avg_yearly": 0,
            "eps_latest_yearly": 0,
            "eps_growth_yearly": 0
        },
        "20013": {
            "year_quarter": 20013,
            "year": 2001,
            "quarter": 3,
            "eps": null,
            "eps_growth_year": null,
            "eps_4q": null,
            "eps_4q_growth_year": null,
            "roe": null,
            "roe_4q": 0,
            "gross_profit": null,
            "gross_margin": null,
            "gross_margin_4q_avg": 0,
            "net_income": null,
            "net_income_4q": null,
            "revenue": null,
            "revenue_4q": null,
            "common_shares": null,
            "book_valuer_per_share": null,
            "book_valuer_per_share_4q_avg": 0,
            "equity": null,
            "current_ratio": null,
            "debt_ratio": null,
            "inventory_turnover_ratio": null,
            "account_receivable_turnover_ratio": null,
            "reinvestment_rate": null,
            "research_to_sale_ratio": null,
            "price_fair": 0,
            "eps_avg_yearly": 0,
            "eps_latest_yearly": 0,
            "eps_growth_yearly": 0
        },
        "20014": {
            "year_quarter": 20014,
            "year": 2001,
            "quarter": 4,
            "eps": null,
            "eps_growth_year": null,
            "eps_4q": null,
            "eps_4q_growth_year": null,
            "roe": null,
            "roe_4q": 0,
            "gross_profit": null,
            "gross_margin": null,
            "gross_margin_4q_avg": 0,
            "net_income": null,
            "net_income_4q": null,
            "revenue": null,
            "revenue_4q": null,
            "common_shares": null,
            "book_valuer_per_share": null,
            "book_valuer_per_share_4q_avg": 0,
            "equity": null,
            "current_ratio": null,
            "debt_ratio": null,
            "inventory_turnover_ratio": null,
            "account_receivable_turnover_ratio": null,
            "reinvestment_rate": null,
            "research_to_sale_ratio": null,
            "price_fair": 0,
            "eps_avg_yearly": 0,
            "eps_latest_yearly": 0,
            "eps_growth_yearly": 0
        },
        "20021": {
            "year_quarter": 20021,
            "year": 2002,
            "quarter": 1,
            "eps": null,
            "eps_growth_year": null,
            "eps_4q": null,
            "eps_4q_growth_year": null,
            "roe": null,
            "roe_4q": 0,
            "gross_profit": null,
            "gross_margin": null,
            "gross_margin_4q_avg": 0,
            "net_income": null,
            "net_income_4q": null,
            "revenue": null,
            "revenue_4q": null,
            "common_shares": null,
            "book_valuer_per_share": null,
            "book_valuer_per_share_4q_avg": 0,
            "equity": null,
            "current_ratio": null,
            "debt_ratio": null,
            "inventory_turnover_ratio": null,
            "account_receivable_turnover_ratio": null,
            "reinvestment_rate": null,
            "research_to_sale_ratio": null,
            "price_fair": 0,
            "eps_avg_yearly": 0,
            "eps_latest_yearly": 0,
            "eps_growth_yearly": 0
        },
        "20022": {
            "year_quarter": 20022,
            "year": 2002,
            "quarter": 2,
            "eps": null,
            "eps_growth_year": null,
            "eps_4q": null,
            "eps_4q_growth_year": null,
            "roe": null,
            "roe_4q": 0,
            "gross_profit": null,
            "gross_margin": null,
            "gross_margin_4q_avg": 0,
            "net_income": null,
            "net_income_4q": null,
            "revenue": null,
            "revenue_4q": null,
            "common_shares": null,
            "book_valuer_per_share": null,
            "book_valuer_per_share_4q_avg": 0,
            "equity": null,
            "current_ratio": null,
            "debt_ratio": null,
            "inventory_turnover_ratio": null,
            "account_receivable_turnover_ratio": null,
            "reinvestment_rate": null,
            "research_to_sale_ratio": null,
            "price_fair": 0,
            "eps_avg_yearly": 0,
            "eps_latest_yearly": 0,
            "eps_growth_yearly": 0
        },
        "20023": {
            "year_quarter": 20023,
            "year": 2002,
            "quarter": 3,
            "eps": null,
            "eps_growth_year": null,
            "eps_4q": null,
            "eps_4q_growth_year": null,
            "roe": null,
            "roe_4q": 0,
            "gross_profit": null,
            "gross_margin": null,
            "gross_margin_4q_avg": 0,
            "net_income": null,
            "net_income_4q": null,
            "revenue": null,
            "revenue_4q": null,
            "common_shares": null,
            "book_valuer_per_share": null,
            "book_valuer_per_share_4q_avg": 0,
            "equity": null,
            "current_ratio": null,
            "debt_ratio": null,
            "inventory_turnover_ratio": null,
            "account_receivable_turnover_ratio": null,
            "reinvestment_rate": null,
            "research_to_sale_ratio": null,
            "price_fair": 0,
            "eps_avg_yearly": 0,
            "eps_latest_yearly": 0,
            "eps_growth_yearly": 0
        },
        "20024": {
            "year_quarter": 20024,
            "year": 2002,
            "quarter": 4,
            "eps": null,
            "eps_growth_year": null,
            "eps_4q": null,
            "eps_4q_growth_year": null,
            "roe": null,
            "roe_4q": 0,
            "gross_profit": null,
            "gross_margin": null,
            "gross_margin_4q_avg": 0,
            "net_income": null,
            "net_income_4q": null,
            "revenue": null,
            "revenue_4q": null,
            "common_shares": null,
            "book_valuer_per_share": null,
            "book_valuer_per_share_4q_avg": 0,
            "equity": null,
            "current_ratio": null,
            "debt_ratio": null,
            "inventory_turnover_ratio": null,
            "account_receivable_turnover_ratio": null,
            "reinvestment_rate": null,
            "research_to_sale_ratio": null,
            "price_fair": 0,
            "eps_avg_yearly": 0,
            "eps_latest_yearly": 0,
            "eps_growth_yearly": 0
        },
        "20031": {
            "year_quarter": 20031,
            "year": 2003,
            "quarter": 1,
            "eps": null,
            "eps_growth_year": null,
            "eps_4q": null,
            "eps_4q_growth_year": null,
            "roe": null,
            "roe_4q": 0,
            "gross_profit": null,
            "gross_margin": null,
            "gross_margin_4q_avg": 0,
            "net_income": null,
            "net_income_4q": null,
            "revenue": null,
            "revenue_4q": null,
            "common_shares": null,
            "book_valuer_per_share": null,
            "book_valuer_per_share_4q_avg": 0,
            "equity": null,
            "current_ratio": null,
            "debt_ratio": null,
            "inventory_turnover_ratio": null,
            "account_receivable_turnover_ratio": null,
            "reinvestment_rate": null,
            "research_to_sale_ratio": null,
            "price_fair": 0,
            "eps_avg_yearly": 0,
            "eps_latest_yearly": 0,
            "eps_growth_yearly": 0
        },
        "20032": {
            "year_quarter": 20032,
            "year": 2003,
            "quarter": 2,
            "eps": null,
            "eps_growth_year": null,
            "eps_4q": null,
            "eps_4q_growth_year": null,
            "roe": null,
            "roe_4q": 0,
            "gross_profit": null,
            "gross_margin": null,
            "gross_margin_4q_avg": 0,
            "net_income": null,
            "net_income_4q": null,
            "revenue": null,
            "revenue_4q": null,
            "common_shares": null,
            "book_valuer_per_share": null,
            "book_valuer_per_share_4q_avg": 0,
            "equity": null,
            "current_ratio": null,
            "debt_ratio": null,
            "inventory_turnover_ratio": null,
            "account_receivable_turnover_ratio": null,
            "reinvestment_rate": null,
            "research_to_sale_ratio": null,
            "price_fair": 0,
            "eps_avg_yearly": 0,
            "eps_latest_yearly": 0,
            "eps_growth_yearly": 0
        },
        "20033": {
            "year_quarter": 20033,
            "year": 2003,
            "quarter": 3,
            "eps": null,
            "eps_growth_year": null,
            "eps_4q": null,
            "eps_4q_growth_year": null,
            "roe": null,
            "roe_4q": 0,
            "gross_profit": null,
            "gross_margin": null,
            "gross_margin_4q_avg": 0,
            "net_income": null,
            "net_income_4q": null,
            "revenue": null,
            "revenue_4q": null,
            "common_shares": null,
            "book_valuer_per_share": null,
            "book_valuer_per_share_4q_avg": 0,
            "equity": null,
            "current_ratio": null,
            "debt_ratio": null,
            "inventory_turnover_ratio": null,
            "account_receivable_turnover_ratio": null,
            "reinvestment_rate": null,
            "research_to_sale_ratio": null,
            "price_fair": 0,
            "eps_avg_yearly": 0,
            "eps_latest_yearly": 0,
            "eps_growth_yearly": 0
        },
        "20034": {
            "year_quarter": 20034,
            "year": 2003,
            "quarter": 4,
            "eps": null,
            "eps_growth_year": null,
            "eps_4q": null,
            "eps_4q_growth_year": null,
            "roe": null,
            "roe_4q": 0,
            "gross_profit": null,
            "gross_margin": null,
            "gross_margin_4q_avg": 0,
            "net_income": null,
            "net_income_4q": null,
            "revenue": null,
            "revenue_4q": null,
            "common_shares": null,
            "book_valuer_per_share": null,
            "book_valuer_per_share_4q_avg": 0,
            "equity": null,
            "current_ratio": null,
            "debt_ratio": null,
            "inventory_turnover_ratio": null,
            "account_receivable_turnover_ratio": null,
            "reinvestment_rate": null,
            "research_to_sale_ratio": null,
            "price_fair": 0,
            "eps_avg_yearly": 0,
            "eps_latest_yearly": 0,
            "eps_growth_yearly": 0
        },
        "20041": {
            "year_quarter": 20041,
            "year": 2004,
            "quarter": 1,
            "eps": null,
            "eps_growth_year": null,
            "eps_4q": null,
            "eps_4q_growth_year": null,
            "roe": null,
            "roe_4q": 0,
            "gross_profit": null,
            "gross_margin": null,
            "gross_margin_4q_avg": 0,
            "net_income": null,
            "net_income_4q": null,
            "revenue": null,
            "revenue_4q": null,
            "common_shares": null,
            "book_valuer_per_share": null,
            "book_valuer_per_share_4q_avg": 0,
            "equity": null,
            "current_ratio": null,
            "debt_ratio": null,
            "inventory_turnover_ratio": null,
            "account_receivable_turnover_ratio": null,
            "reinvestment_rate": null,
            "research_to_sale_ratio": null,
            "price_fair": 0,
            "eps_avg_yearly": 0,
            "eps_latest_yearly": 0,
            "eps_growth_yearly": 0
        },
        "20042": {
            "year_quarter": 20042,
            "year": 2004,
            "quarter": 2,
            "eps": null,
            "eps_growth_year": null,
            "eps_4q": null,
            "eps_4q_growth_year": null,
            "roe": null,
            "roe_4q": 0,
            "gross_profit": null,
            "gross_margin": null,
            "gross_margin_4q_avg": 0,
            "net_income": null,
            "net_income_4q": null,
            "revenue": null,
            "revenue_4q": null,
            "common_shares": null,
            "book_valuer_per_share": null,
            "book_valuer_per_share_4q_avg": 0,
            "equity": null,
            "current_ratio": null,
            "debt_ratio": null,
            "inventory_turnover_ratio": null,
            "account_receivable_turnover_ratio": null,
            "reinvestment_rate": null,
            "research_to_sale_ratio": null,
            "price_fair": 0,
            "eps_avg_yearly": 0,
            "eps_latest_yearly": 0,
            "eps_growth_yearly": 0
        },
        "20043": {
            "year_quarter": 20043,
            "year": 2004,
            "quarter": 3,
            "eps": null,
            "eps_growth_year": null,
            "eps_4q": null,
            "eps_4q_growth_year": null,
            "roe": null,
            "roe_4q": 0,
            "gross_profit": null,
            "gross_margin": null,
            "gross_margin_4q_avg": 0,
            "net_income": null,
            "net_income_4q": null,
            "revenue": null,
            "revenue_4q": null,
            "common_shares": null,
            "book_valuer_per_share": null,
            "book_valuer_per_share_4q_avg": 0,
            "equity": null,
            "current_ratio": null,
            "debt_ratio": null,
            "inventory_turnover_ratio": null,
            "account_receivable_turnover_ratio": null,
            "reinvestment_rate": null,
            "research_to_sale_ratio": null,
            "price_fair": 0,
            "eps_avg_yearly": 0,
            "eps_latest_yearly": 0,
            "eps_growth_yearly": 0
        },
        "20044": {
            "year_quarter": 20044,
            "year": 2004,
            "quarter": 4,
            "eps": null,
            "eps_growth_year": null,
            "eps_4q": null,
            "eps_4q_growth_year": null,
            "roe": null,
            "roe_4q": 0,
            "gross_profit": null,
            "gross_margin": null,
            "gross_margin_4q_avg": 0,
            "net_income": null,
            "net_income_4q": null,
            "revenue": null,
            "revenue_4q": null,
            "common_shares": null,
            "book_valuer_per_share": null,
            "book_valuer_per_share_4q_avg": 0,
            "equity": null,
            "current_ratio": null,
            "debt_ratio": null,
            "inventory_turnover_ratio": null,
            "account_receivable_turnover_ratio": null,
            "reinvestment_rate": null,
            "research_to_sale_ratio": null,
            "price_fair": 0,
            "eps_avg_yearly": 0,
            "eps_latest_yearly": 0,
            "eps_growth_yearly": 0
        },
        "20051": {
            "year_quarter": 20051,
            "year": 2005,
            "quarter": 1,
            "eps": null,
            "eps_growth_year": null,
            "eps_4q": null,
            "eps_4q_growth_year": null,
            "roe": null,
            "roe_4q": 0,
            "gross_profit": null,
            "gross_margin": null,
            "gross_margin_4q_avg": 0,
            "net_income": null,
            "net_income_4q": null,
            "revenue": null,
            "revenue_4q": null,
            "common_shares": null,
            "book_valuer_per_share": null,
            "book_valuer_per_share_4q_avg": 0,
            "equity": null,
            "current_ratio": null,
            "debt_ratio": null,
            "inventory_turnover_ratio": null,
            "account_receivable_turnover_ratio": null,
            "reinvestment_rate": null,
            "research_to_sale_ratio": null,
            "price_fair": 0,
            "eps_avg_yearly": 0,
            "eps_latest_yearly": 0,
            "eps_growth_yearly": 0
        },
        "20052": {
            "year_quarter": 20052,
            "year": 2005,
            "quarter": 2,
            "eps": null,
            "eps_growth_year": null,
            "eps_4q": null,
            "eps_4q_growth_year": null,
            "roe": null,
            "roe_4q": 0,
            "gross_profit": null,
            "gross_margin": null,
            "gross_margin_4q_avg": 0,
            "net_income": null,
            "net_income_4q": null,
            "revenue": null,
            "revenue_4q": null,
            "common_shares": null,
            "book_valuer_per_share": null,
            "book_valuer_per_share_4q_avg": 0,
            "equity": null,
            "current_ratio": null,
            "debt_ratio": null,
            "inventory_turnover_ratio": null,
            "account_receivable_turnover_ratio": null,
            "reinvestment_rate": null,
            "research_to_sale_ratio": null,
            "price_fair": 0,
            "eps_avg_yearly": 0,
            "eps_latest_yearly": 0,
            "eps_growth_yearly": 0
        },
        "20053": {
            "year_quarter": 20053,
            "year": 2005,
            "quarter": 3,
            "eps": null,
            "eps_growth_year": null,
            "eps_4q": null,
            "eps_4q_growth_year": null,
            "roe": null,
            "roe_4q": 0,
            "gross_profit": null,
            "gross_margin": null,
            "gross_margin_4q_avg": 0,
            "net_income": null,
            "net_income_4q": null,
            "revenue": null,
            "revenue_4q": null,
            "common_shares": null,
            "book_valuer_per_share": null,
            "book_valuer_per_share_4q_avg": 0,
            "equity": null,
            "current_ratio": null,
            "debt_ratio": null,
            "inventory_turnover_ratio": null,
            "account_receivable_turnover_ratio": null,
            "reinvestment_rate": null,
            "research_to_sale_ratio": null,
            "price_fair": 0,
            "eps_avg_yearly": 0,
            "eps_latest_yearly": 0,
            "eps_growth_yearly": 0
        },
        "20054": {
            "year_quarter": 20054,
            "year": 2005,
            "quarter": 4,
            "eps": null,
            "eps_growth_year": null,
            "eps_4q": null,
            "eps_4q_growth_year": null,
            "roe": null,
            "roe_4q": 0,
            "gross_profit": null,
            "gross_margin": null,
            "gross_margin_4q_avg": 0,
            "net_income": null,
            "net_income_4q": null,
            "revenue": null,
            "revenue_4q": null,
            "common_shares": null,
            "book_valuer_per_share": null,
            "book_valuer_per_share_4q_avg": 0,
            "equity": null,
            "current_ratio": null,
            "debt_ratio": null,
            "inventory_turnover_ratio": null,
            "account_receivable_turnover_ratio": null,
            "reinvestment_rate": null,
            "research_to_sale_ratio": null,
            "price_fair": 0,
            "eps_avg_yearly": 0,
            "eps_latest_yearly": 0,
            "eps_growth_yearly": 0
        },
        "20061": {
            "year_quarter": 20061,
            "year": 2006,
            "quarter": 1,
            "eps": null,
            "eps_growth_year": null,
            "eps_4q": null,
            "eps_4q_growth_year": null,
            "roe": null,
            "roe_4q": 0,
            "gross_profit": null,
            "gross_margin": null,
            "gross_margin_4q_avg": 0,
            "net_income": null,
            "net_income_4q": null,
            "revenue": null,
            "revenue_4q": null,
            "common_shares": null,
            "book_valuer_per_share": null,
            "book_valuer_per_share_4q_avg": 0,
            "equity": null,
            "current_ratio": null,
            "debt_ratio": null,
            "inventory_turnover_ratio": null,
            "account_receivable_turnover_ratio": null,
            "reinvestment_rate": null,
            "research_to_sale_ratio": null,
            "price_fair": 0,
            "eps_avg_yearly": 0,
            "eps_latest_yearly": 0,
            "eps_growth_yearly": 0
        },
        "20062": {
            "year_quarter": 20062,
            "year": 2006,
            "quarter": 2,
            "eps": null,
            "eps_growth_year": null,
            "eps_4q": null,
            "eps_4q_growth_year": null,
            "roe": null,
            "roe_4q": 0,
            "gross_profit": null,
            "gross_margin": null,
            "gross_margin_4q_avg": 0,
            "net_income": null,
            "net_income_4q": null,
            "revenue": null,
            "revenue_4q": null,
            "common_shares": null,
            "book_valuer_per_share": null,
            "book_valuer_per_share_4q_avg": 0,
            "equity": null,
            "current_ratio": null,
            "debt_ratio": null,
            "inventory_turnover_ratio": null,
            "account_receivable_turnover_ratio": null,
            "reinvestment_rate": null,
            "research_to_sale_ratio": null,
            "price_fair": 0,
            "eps_avg_yearly": 0,
            "eps_latest_yearly": 0,
            "eps_growth_yearly": 0
        },
        "20063": {
            "year_quarter": 20063,
            "year": 2006,
            "quarter": 3,
            "eps": null,
            "eps_growth_year": null,
            "eps_4q": null,
            "eps_4q_growth_year": null,
            "roe": null,
            "roe_4q": 0,
            "gross_profit": null,
            "gross_margin": null,
            "gross_margin_4q_avg": 0,
            "net_income": null,
            "net_income_4q": null,
            "revenue": null,
            "revenue_4q": null,
            "common_shares": null,
            "book_valuer_per_share": null,
            "book_valuer_per_share_4q_avg": 0,
            "equity": null,
            "current_ratio": null,
            "debt_ratio": null,
            "inventory_turnover_ratio": null,
            "account_receivable_turnover_ratio": null,
            "reinvestment_rate": null,
            "research_to_sale_ratio": null,
            "price_fair": 0,
            "eps_avg_yearly": 0,
            "eps_latest_yearly": 0,
            "eps_growth_yearly": 0
        },
        "20064": {
            "year_quarter": 20064,
            "year": 2006,
            "quarter": 4,
            "eps": null,
            "eps_growth_year": null,
            "eps_4q": null,
            "eps_4q_growth_year": null,
            "roe": null,
            "roe_4q": 0,
            "gross_profit": null,
            "gross_margin": null,
            "gross_margin_4q_avg": 0,
            "net_income": null,
            "net_income_4q": null,
            "revenue": null,
            "revenue_4q": null,
            "common_shares": null,
            "book_valuer_per_share": null,
            "book_valuer_per_share_4q_avg": 0,
            "equity": null,
            "current_ratio": null,
            "debt_ratio": null,
            "inventory_turnover_ratio": null,
            "account_receivable_turnover_ratio": null,
            "reinvestment_rate": null,
            "research_to_sale_ratio": null,
            "price_fair": 0,
            "eps_avg_yearly": 0,
            "eps_latest_yearly": 0,
            "eps_growth_yearly": 0
        },
        "20071": {
            "year_quarter": 20071,
            "year": 2007,
            "quarter": 1,
            "eps": null,
            "eps_growth_year": null,
            "eps_4q": null,
            "eps_4q_growth_year": null,
            "roe": null,
            "roe_4q": 0,
            "gross_profit": null,
            "gross_margin": null,
            "gross_margin_4q_avg": 0,
            "net_income": null,
            "net_income_4q": null,
            "revenue": null,
            "revenue_4q": null,
            "common_shares": null,
            "book_valuer_per_share": null,
            "book_valuer_per_share_4q_avg": 0,
            "equity": null,
            "current_ratio": null,
            "debt_ratio": null,
            "inventory_turnover_ratio": null,
            "account_receivable_turnover_ratio": null,
            "reinvestment_rate": null,
            "research_to_sale_ratio": null,
            "price_fair": 0,
            "eps_avg_yearly": 0,
            "eps_latest_yearly": 0,
            "eps_growth_yearly": 0
        },
        "20072": {
            "year_quarter": 20072,
            "year": 2007,
            "quarter": 2,
            "eps": null,
            "eps_growth_year": null,
            "eps_4q": null,
            "eps_4q_growth_year": null,
            "roe": null,
            "roe_4q": 0,
            "gross_profit": null,
            "gross_margin": null,
            "gross_margin_4q_avg": 0,
            "net_income": null,
            "net_income_4q": null,
            "revenue": null,
            "revenue_4q": null,
            "common_shares": null,
            "book_valuer_per_share": null,
            "book_valuer_per_share_4q_avg": 0,
            "equity": null,
            "current_ratio": null,
            "debt_ratio": null,
            "inventory_turnover_ratio": null,
            "account_receivable_turnover_ratio": null,
            "reinvestment_rate": null,
            "research_to_sale_ratio": null,
            "price_fair": 0,
            "eps_avg_yearly": 0,
            "eps_latest_yearly": 0,
            "eps_growth_yearly": 0
        },
        "20073": {
            "year_quarter": 20073,
            "year": 2007,
            "quarter": 3,
            "eps": null,
            "eps_growth_year": null,
            "eps_4q": null,
            "eps_4q_growth_year": null,
            "roe": null,
            "roe_4q": 0,
            "gross_profit": null,
            "gross_margin": null,
            "gross_margin_4q_avg": 0,
            "net_income": null,
            "net_income_4q": null,
            "revenue": null,
            "revenue_4q": null,
            "common_shares": null,
            "book_valuer_per_share": null,
            "book_valuer_per_share_4q_avg": 0,
            "equity": null,
            "current_ratio": null,
            "debt_ratio": null,
            "inventory_turnover_ratio": null,
            "account_receivable_turnover_ratio": null,
            "reinvestment_rate": null,
            "research_to_sale_ratio": null,
            "price_fair": 0,
            "eps_avg_yearly": 0,
            "eps_latest_yearly": 0,
            "eps_growth_yearly": 0
        },
        "20074": {
            "year_quarter": 20074,
            "year": 2007,
            "quarter": 4,
            "eps": null,
            "eps_growth_year": null,
            "eps_4q": null,
            "eps_4q_growth_year": null,
            "roe": null,
            "roe_4q": 0,
            "gross_profit": null,
            "gross_margin": null,
            "gross_margin_4q_avg": 0,
            "net_income": null,
            "net_income_4q": null,
            "revenue": null,
            "revenue_4q": null,
            "common_shares": null,
            "book_valuer_per_share": null,
            "book_valuer_per_share_4q_avg": 0,
            "equity": null,
            "current_ratio": null,
            "debt_ratio": null,
            "inventory_turnover_ratio": null,
            "account_receivable_turnover_ratio": null,
            "reinvestment_rate": null,
            "research_to_sale_ratio": null,
            "price_fair": 0,
            "eps_avg_yearly": 0,
            "eps_latest_yearly": 0,
            "eps_growth_yearly": 0
        },
        "20081": {
            "year_quarter": 20081,
            "year": 2008,
            "quarter": 1,
            "eps": null,
            "eps_growth_year": null,
            "eps_4q": null,
            "eps_4q_growth_year": null,
            "roe": null,
            "roe_4q": 0,
            "gross_profit": null,
            "gross_margin": null,
            "gross_margin_4q_avg": 0,
            "net_income": null,
            "net_income_4q": null,
            "revenue": null,
            "revenue_4q": null,
            "common_shares": null,
            "book_valuer_per_share": null,
            "book_valuer_per_share_4q_avg": 0,
            "equity": null,
            "current_ratio": null,
            "debt_ratio": null,
            "inventory_turnover_ratio": null,
            "account_receivable_turnover_ratio": null,
            "reinvestment_rate": null,
            "research_to_sale_ratio": null,
            "price_fair": 0,
            "eps_avg_yearly": 0,
            "eps_latest_yearly": 0,
            "eps_growth_yearly": 0
        },
        "20082": {
            "year_quarter": 20082,
            "year": 2008,
            "quarter": 2,
            "eps": null,
            "eps_growth_year": null,
            "eps_4q": null,
            "eps_4q_growth_year": null,
            "roe": null,
            "roe_4q": 0,
            "gross_profit": null,
            "gross_margin": null,
            "gross_margin_4q_avg": 0,
            "net_income": null,
            "net_income_4q": null,
            "revenue": null,
            "revenue_4q": null,
            "common_shares": null,
            "book_valuer_per_share": null,
            "book_valuer_per_share_4q_avg": 0,
            "equity": null,
            "current_ratio": null,
            "debt_ratio": null,
            "inventory_turnover_ratio": null,
            "account_receivable_turnover_ratio": null,
            "reinvestment_rate": null,
            "research_to_sale_ratio": null,
            "price_fair": 0,
            "eps_avg_yearly": 0,
            "eps_latest_yearly": 0,
            "eps_growth_yearly": 0
        },
        "20083": {
            "year_quarter": 20083,
            "year": 2008,
            "quarter": 3,
            "eps": null,
            "eps_growth_year": null,
            "eps_4q": null,
            "eps_4q_growth_year": null,
            "roe": null,
            "roe_4q": 0,
            "gross_profit": null,
            "gross_margin": null,
            "gross_margin_4q_avg": 0,
            "net_income": null,
            "net_income_4q": null,
            "revenue": null,
            "revenue_4q": null,
            "common_shares": null,
            "book_valuer_per_share": null,
            "book_valuer_per_share_4q_avg": 0,
            "equity": null,
            "current_ratio": null,
            "debt_ratio": null,
            "inventory_turnover_ratio": null,
            "account_receivable_turnover_ratio": null,
            "reinvestment_rate": null,
            "research_to_sale_ratio": null,
            "price_fair": 0,
            "eps_avg_yearly": 0,
            "eps_latest_yearly": 0,
            "eps_growth_yearly": 0
        },
        "20084": {
            "year_quarter": 20084,
            "year": 2008,
            "quarter": 4,
            "eps": null,
            "eps_growth_year": null,
            "eps_4q": null,
            "eps_4q_growth_year": null,
            "roe": null,
            "roe_4q": 0,
            "gross_profit": null,
            "gross_margin": null,
            "gross_margin_4q_avg": 0,
            "net_income": null,
            "net_income_4q": null,
            "revenue": null,
            "revenue_4q": null,
            "common_shares": null,
            "book_valuer_per_share": null,
            "book_valuer_per_share_4q_avg": 0,
            "equity": null,
            "current_ratio": null,
            "debt_ratio": null,
            "inventory_turnover_ratio": null,
            "account_receivable_turnover_ratio": null,
            "reinvestment_rate": null,
            "research_to_sale_ratio": null,
            "price_fair": 0,
            "eps_avg_yearly": 0,
            "eps_latest_yearly": 0,
            "eps_growth_yearly": 0
        },
        "20091": {
            "year_quarter": 20091,
            "year": 2009,
            "quarter": 1,
            "eps": null,
            "eps_growth_year": null,
            "eps_4q": null,
            "eps_4q_growth_year": null,
            "roe": null,
            "roe_4q": 0,
            "gross_profit": null,
            "gross_margin": null,
            "gross_margin_4q_avg": 0,
            "net_income": null,
            "net_income_4q": null,
            "revenue": null,
            "revenue_4q": null,
            "common_shares": null,
            "book_valuer_per_share": null,
            "book_valuer_per_share_4q_avg": 0,
            "equity": null,
            "current_ratio": null,
            "debt_ratio": null,
            "inventory_turnover_ratio": null,
            "account_receivable_turnover_ratio": null,
            "reinvestment_rate": null,
            "research_to_sale_ratio": null,
            "price_fair": 0,
            "eps_avg_yearly": 0,
            "eps_latest_yearly": 0,
            "eps_growth_yearly": 0
        },
        "20092": {
            "year_quarter": 20092,
            "year": 2009,
            "quarter": 2,
            "eps": null,
            "eps_growth_year": null,
            "eps_4q": null,
            "eps_4q_growth_year": null,
            "roe": null,
            "roe_4q": 0,
            "gross_profit": null,
            "gross_margin": null,
            "gross_margin_4q_avg": 0,
            "net_income": null,
            "net_income_4q": null,
            "revenue": null,
            "revenue_4q": null,
            "common_shares": null,
            "book_valuer_per_share": null,
            "book_valuer_per_share_4q_avg": 0,
            "equity": null,
            "current_ratio": null,
            "debt_ratio": null,
            "inventory_turnover_ratio": null,
            "account_receivable_turnover_ratio": null,
            "reinvestment_rate": null,
            "research_to_sale_ratio": null,
            "price_fair": 0,
            "eps_avg_yearly": 0,
            "eps_latest_yearly": 0,
            "eps_growth_yearly": 0
        },
        "20093": {
            "year_quarter": 20093,
            "year": 2009,
            "quarter": 3,
            "eps": null,
            "eps_growth_year": null,
            "eps_4q": null,
            "eps_4q_growth_year": null,
            "roe": null,
            "roe_4q": 0,
            "gross_profit": null,
            "gross_margin": null,
            "gross_margin_4q_avg": 0,
            "net_income": null,
            "net_income_4q": null,
            "revenue": null,
            "revenue_4q": null,
            "common_shares": null,
            "book_valuer_per_share": null,
            "book_valuer_per_share_4q_avg": 0,
            "equity": null,
            "current_ratio": null,
            "debt_ratio": null,
            "inventory_turnover_ratio": null,
            "account_receivable_turnover_ratio": null,
            "reinvestment_rate": null,
            "research_to_sale_ratio": null,
            "price_fair": 0,
            "eps_avg_yearly": 0,
            "eps_latest_yearly": 0,
            "eps_growth_yearly": 0
        },
        "20094": {
            "year_quarter": 20094,
            "year": 2009,
            "quarter": 4,
            "eps": null,
            "eps_growth_year": null,
            "eps_4q": null,
            "eps_4q_growth_year": null,
            "roe": null,
            "roe_4q": 0,
            "gross_profit": null,
            "gross_margin": null,
            "gross_margin_4q_avg": 0,
            "net_income": null,
            "net_income_4q": null,
            "revenue": null,
            "revenue_4q": null,
            "common_shares": null,
            "book_valuer_per_share": null,
            "book_valuer_per_share_4q_avg": 0,
            "equity": null,
            "current_ratio": null,
            "debt_ratio": null,
            "inventory_turnover_ratio": null,
            "account_receivable_turnover_ratio": null,
            "reinvestment_rate": null,
            "research_to_sale_ratio": null,
            "price_fair": 0,
            "eps_avg_yearly": 0,
            "eps_latest_yearly": 0,
            "eps_growth_yearly": 0
        },
        "20101": {
            "year_quarter": 20101,
            "year": 2010,
            "quarter": 1,
            "eps": null,
            "eps_growth_year": null,
            "eps_4q": null,
            "eps_4q_growth_year": null,
            "roe": null,
            "roe_4q": 0,
            "gross_profit": null,
            "gross_margin": null,
            "gross_margin_4q_avg": 0,
            "net_income": null,
            "net_income_4q": null,
            "revenue": null,
            "revenue_4q": null,
            "common_shares": null,
            "book_valuer_per_share": null,
            "book_valuer_per_share_4q_avg": 0,
            "equity": null,
            "current_ratio": null,
            "debt_ratio": null,
            "inventory_turnover_ratio": null,
            "account_receivable_turnover_ratio": null,
            "reinvestment_rate": null,
            "research_to_sale_ratio": null,
            "price_fair": 0,
            "eps_avg_yearly": 0,
            "eps_latest_yearly": 0,
            "eps_growth_yearly": 0
        },
        "20102": {
            "year_quarter": 20102,
            "year": 2010,
            "quarter": 2,
            "eps": null,
            "eps_growth_year": null,
            "eps_4q": null,
            "eps_4q_growth_year": null,
            "roe": null,
            "roe_4q": 0,
            "gross_profit": null,
            "gross_margin": null,
            "gross_margin_4q_avg": 0,
            "net_income": null,
            "net_income_4q": null,
            "revenue": null,
            "revenue_4q": null,
            "common_shares": null,
            "book_valuer_per_share": null,
            "book_valuer_per_share_4q_avg": 0,
            "equity": null,
            "current_ratio": null,
            "debt_ratio": null,
            "inventory_turnover_ratio": null,
            "account_receivable_turnover_ratio": null,
            "reinvestment_rate": null,
            "research_to_sale_ratio": null,
            "price_fair": 0,
            "eps_avg_yearly": 0,
            "eps_latest_yearly": 0,
            "eps_growth_yearly": 0
        },
        "20103": {
            "year_quarter": 20103,
            "year": 2010,
            "quarter": 3,
            "eps": null,
            "eps_growth_year": null,
            "eps_4q": null,
            "eps_4q_growth_year": null,
            "roe": null,
            "roe_4q": 0,
            "gross_profit": null,
            "gross_margin": null,
            "gross_margin_4q_avg": 0,
            "net_income": null,
            "net_income_4q": null,
            "revenue": null,
            "revenue_4q": null,
            "common_shares": null,
            "book_valuer_per_share": null,
            "book_valuer_per_share_4q_avg": 0,
            "equity": null,
            "current_ratio": null,
            "debt_ratio": null,
            "inventory_turnover_ratio": null,
            "account_receivable_turnover_ratio": null,
            "reinvestment_rate": null,
            "research_to_sale_ratio": null,
            "price_fair": 0,
            "eps_avg_yearly": 0,
            "eps_latest_yearly": 0,
            "eps_growth_yearly": 0
        },
        "20104": {
            "year_quarter": 20104,
            "year": 2010,
            "quarter": 4,
            "eps": null,
            "eps_growth_year": null,
            "eps_4q": null,
            "eps_4q_growth_year": null,
            "roe": null,
            "roe_4q": 0,
            "gross_profit": null,
            "gross_margin": null,
            "gross_margin_4q_avg": 0,
            "net_income": null,
            "net_income_4q": null,
            "revenue": null,
            "revenue_4q": null,
            "common_shares": null,
            "book_valuer_per_share": null,
            "book_valuer_per_share_4q_avg": 0,
            "equity": null,
            "current_ratio": null,
            "debt_ratio": null,
            "inventory_turnover_ratio": null,
            "account_receivable_turnover_ratio": null,
            "reinvestment_rate": null,
            "research_to_sale_ratio": null,
            "price_fair": 0,
            "eps_avg_yearly": 0,
            "eps_latest_yearly": 0,
            "eps_growth_yearly": 0
        },
        "20111": {
            "year_quarter": 20111,
            "year": 2011,
            "quarter": 1,
            "eps": null,
            "eps_growth_year": null,
            "eps_4q": null,
            "eps_4q_growth_year": null,
            "roe": null,
            "roe_4q": 0,
            "gross_profit": null,
            "gross_margin": null,
            "gross_margin_4q_avg": 0,
            "net_income": null,
            "net_income_4q": null,
            "revenue": null,
            "revenue_4q": null,
            "common_shares": null,
            "book_valuer_per_share": null,
            "book_valuer_per_share_4q_avg": 0,
            "equity": null,
            "current_ratio": null,
            "debt_ratio": null,
            "inventory_turnover_ratio": null,
            "account_receivable_turnover_ratio": null,
            "reinvestment_rate": null,
            "research_to_sale_ratio": null,
            "price_fair": 0,
            "eps_avg_yearly": 0,
            "eps_latest_yearly": 0,
            "eps_growth_yearly": 0
        },
        "20112": {
            "year_quarter": 20112,
            "year": 2011,
            "quarter": 2,
            "eps": null,
            "eps_growth_year": null,
            "eps_4q": null,
            "eps_4q_growth_year": null,
            "roe": null,
            "roe_4q": 0,
            "gross_profit": null,
            "gross_margin": null,
            "gross_margin_4q_avg": 0,
            "net_income": null,
            "net_income_4q": null,
            "revenue": null,
            "revenue_4q": null,
            "common_shares": null,
            "book_valuer_per_share": null,
            "book_valuer_per_share_4q_avg": 0,
            "equity": null,
            "current_ratio": null,
            "debt_ratio": null,
            "inventory_turnover_ratio": null,
            "account_receivable_turnover_ratio": null,
            "reinvestment_rate": null,
            "research_to_sale_ratio": null,
            "price_fair": 0,
            "eps_avg_yearly": 0,
            "eps_latest_yearly": 0,
            "eps_growth_yearly": 0
        },
        "20113": {
            "year_quarter": 20113,
            "year": 2011,
            "quarter": 3,
            "eps": null,
            "eps_growth_year": null,
            "eps_4q": null,
            "eps_4q_growth_year": null,
            "roe": null,
            "roe_4q": 0,
            "gross_profit": null,
            "gross_margin": null,
            "gross_margin_4q_avg": 0,
            "net_income": null,
            "net_income_4q": null,
            "revenue": null,
            "revenue_4q": null,
            "common_shares": null,
            "book_valuer_per_share": null,
            "book_valuer_per_share_4q_avg": 0,
            "equity": null,
            "current_ratio": null,
            "debt_ratio": null,
            "inventory_turnover_ratio": null,
            "account_receivable_turnover_ratio": null,
            "reinvestment_rate": null,
            "research_to_sale_ratio": null,
            "price_fair": 0,
            "eps_avg_yearly": 0,
            "eps_latest_yearly": 0,
            "eps_growth_yearly": 0
        },
        "20114": {
            "year_quarter": 20114,
            "year": 2011,
            "quarter": 4,
            "eps": null,
            "eps_growth_year": null,
            "eps_4q": null,
            "eps_4q_growth_year": null,
            "roe": null,
            "roe_4q": 0,
            "gross_profit": null,
            "gross_margin": null,
            "gross_margin_4q_avg": 0,
            "net_income": null,
            "net_income_4q": null,
            "revenue": null,
            "revenue_4q": null,
            "common_shares": null,
            "book_valuer_per_share": null,
            "book_valuer_per_share_4q_avg": 0,
            "equity": null,
            "current_ratio": null,
            "debt_ratio": null,
            "inventory_turnover_ratio": null,
            "account_receivable_turnover_ratio": null,
            "reinvestment_rate": null,
            "research_to_sale_ratio": null,
            "price_fair": 0,
            "eps_avg_yearly": 0,
            "eps_latest_yearly": 0,
            "eps_growth_yearly": 0
        },
        "20121": {
            "year_quarter": 20121,
            "year": 2012,
            "quarter": 1,
            "eps": null,
            "eps_growth_year": null,
            "eps_4q": null,
            "eps_4q_growth_year": null,
            "roe": null,
            "roe_4q": 0,
            "gross_profit": null,
            "gross_margin": null,
            "gross_margin_4q_avg": 0,
            "net_income": null,
            "net_income_4q": null,
            "revenue": null,
            "revenue_4q": null,
            "common_shares": null,
            "book_valuer_per_share": null,
            "book_valuer_per_share_4q_avg": 0,
            "equity": null,
            "current_ratio": null,
            "debt_ratio": null,
            "inventory_turnover_ratio": null,
            "account_receivable_turnover_ratio": null,
            "reinvestment_rate": null,
            "research_to_sale_ratio": null,
            "price_fair": 0,
            "eps_avg_yearly": 0,
            "eps_latest_yearly": 0,
            "eps_growth_yearly": 0
        },
        "20122": {
            "year_quarter": 20122,
            "year": 2012,
            "quarter": 2,
            "eps": null,
            "eps_growth_year": null,
            "eps_4q": null,
            "eps_4q_growth_year": null,
            "roe": null,
            "roe_4q": 0,
            "gross_profit": null,
            "gross_margin": null,
            "gross_margin_4q_avg": 0,
            "net_income": null,
            "net_income_4q": null,
            "revenue": null,
            "revenue_4q": null,
            "common_shares": null,
            "book_valuer_per_share": null,
            "book_valuer_per_share_4q_avg": 0,
            "equity": null,
            "current_ratio": null,
            "debt_ratio": null,
            "inventory_turnover_ratio": null,
            "account_receivable_turnover_ratio": null,
            "reinvestment_rate": null,
            "research_to_sale_ratio": null,
            "price_fair": 0,
            "eps_avg_yearly": 0,
            "eps_latest_yearly": 0,
            "eps_growth_yearly": 0
        },
        "20123": {
            "year_quarter": 20123,
            "year": 2012,
            "quarter": 3,
            "eps": null,
            "eps_growth_year": null,
            "eps_4q": null,
            "eps_4q_growth_year": null,
            "roe": null,
            "roe_4q": 0,
            "gross_profit": null,
            "gross_margin": null,
            "gross_margin_4q_avg": 0,
            "net_income": null,
            "net_income_4q": null,
            "revenue": null,
            "revenue_4q": null,
            "common_shares": null,
            "book_valuer_per_share": null,
            "book_valuer_per_share_4q_avg": 0,
            "equity": null,
            "current_ratio": null,
            "debt_ratio": null,
            "inventory_turnover_ratio": null,
            "account_receivable_turnover_ratio": null,
            "reinvestment_rate": null,
            "research_to_sale_ratio": null,
            "price_fair": 0,
            "eps_avg_yearly": 0,
            "eps_latest_yearly": 0,
            "eps_growth_yearly": 0
        },
        "20124": {
            "year_quarter": 20124,
            "year": 2012,
            "quarter": 4,
            "eps": null,
            "eps_growth_year": null,
            "eps_4q": null,
            "eps_4q_growth_year": null,
            "roe": null,
            "roe_4q": 0,
            "gross_profit": null,
            "gross_margin": null,
            "gross_margin_4q_avg": 0,
            "net_income": null,
            "net_income_4q": null,
            "revenue": null,
            "revenue_4q": null,
            "common_shares": null,
            "book_valuer_per_share": null,
            "book_valuer_per_share_4q_avg": 0,
            "equity": null,
            "current_ratio": null,
            "debt_ratio": null,
            "inventory_turnover_ratio": null,
            "account_receivable_turnover_ratio": null,
            "reinvestment_rate": null,
            "research_to_sale_ratio": null,
            "price_fair": 0,
            "eps_avg_yearly": 0,
            "eps_latest_yearly": 0,
            "eps_growth_yearly": 0
        },
        "20131": {
            "year_quarter": 20131,
            "year": 2013,
            "quarter": 1,
            "eps": null,
            "eps_growth_year": null,
            "eps_4q": null,
            "eps_4q_growth_year": null,
            "roe": null,
            "roe_4q": 0,
            "gross_profit": null,
            "gross_margin": null,
            "gross_margin_4q_avg": 0,
            "net_income": null,
            "net_income_4q": null,
            "revenue": null,
            "revenue_4q": null,
            "common_shares": null,
            "book_valuer_per_share": null,
            "book_valuer_per_share_4q_avg": 0,
            "equity": null,
            "current_ratio": null,
            "debt_ratio": null,
            "inventory_turnover_ratio": null,
            "account_receivable_turnover_ratio": null,
            "reinvestment_rate": null,
            "research_to_sale_ratio": null,
            "price_fair": 0,
            "eps_avg_yearly": 0,
            "eps_latest_yearly": 0,
            "eps_growth_yearly": 0
        },
        "20132": {
            "year_quarter": 20132,
            "year": 2013,
            "quarter": 2,
            "eps": null,
            "eps_growth_year": null,
            "eps_4q": null,
            "eps_4q_growth_year": null,
            "roe": null,
            "roe_4q": 0,
            "gross_profit": null,
            "gross_margin": null,
            "gross_margin_4q_avg": 0,
            "net_income": null,
            "net_income_4q": null,
            "revenue": null,
            "revenue_4q": null,
            "common_shares": null,
            "book_valuer_per_share": null,
            "book_valuer_per_share_4q_avg": 0,
            "equity": null,
            "current_ratio": null,
            "debt_ratio": null,
            "inventory_turnover_ratio": null,
            "account_receivable_turnover_ratio": null,
            "reinvestment_rate": null,
            "research_to_sale_ratio": null,
            "price_fair": 0,
            "eps_avg_yearly": 0,
            "eps_latest_yearly": 0,
            "eps_growth_yearly": 0
        },
        "20133": {
            "year_quarter": 20133,
            "year": 2013,
            "quarter": 3,
            "eps": null,
            "eps_growth_year": null,
            "eps_4q": null,
            "eps_4q_growth_year": null,
            "roe": null,
            "roe_4q": 0,
            "gross_profit": null,
            "gross_margin": null,
            "gross_margin_4q_avg": 0,
            "net_income": null,
            "net_income_4q": null,
            "revenue": null,
            "revenue_4q": null,
            "common_shares": null,
            "book_valuer_per_share": null,
            "book_valuer_per_share_4q_avg": 0,
            "equity": null,
            "current_ratio": null,
            "debt_ratio": null,
            "inventory_turnover_ratio": null,
            "account_receivable_turnover_ratio": null,
            "reinvestment_rate": null,
            "research_to_sale_ratio": null,
            "price_fair": 0,
            "eps_avg_yearly": 0,
            "eps_latest_yearly": 0,
            "eps_growth_yearly": 0
        },
        "20134": {
            "year_quarter": 20134,
            "year": 2013,
            "quarter": 4,
            "eps": null,
            "eps_growth_year": null,
            "eps_4q": null,
            "eps_4q_growth_year": null,
            "roe": null,
            "roe_4q": 0,
            "gross_profit": null,
            "gross_margin": null,
            "gross_margin_4q_avg": 0,
            "net_income": null,
            "net_income_4q": null,
            "revenue": null,
            "revenue_4q": null,
            "common_shares": null,
            "book_valuer_per_share": null,
            "book_valuer_per_share_4q_avg": 0,
            "equity": null,
            "current_ratio": null,
            "debt_ratio": null,
            "inventory_turnover_ratio": null,
            "account_receivable_turnover_ratio": null,
            "reinvestment_rate": null,
            "research_to_sale_ratio": null,
            "price_fair": 0,
            "eps_avg_yearly": 0,
            "eps_latest_yearly": 0,
            "eps_growth_yearly": 0
        },
        "20141": {
            "year_quarter": 20141,
            "year": 2014,
            "quarter": 1,
            "eps": null,
            "eps_growth_year": null,
            "eps_4q": null,
            "eps_4q_growth_year": null,
            "roe": null,
            "roe_4q": 0,
            "gross_profit": null,
            "gross_margin": null,
            "gross_margin_4q_avg": 0,
            "net_income": null,
            "net_income_4q": null,
            "revenue": null,
            "revenue_4q": null,
            "common_shares": null,
            "book_valuer_per_share": null,
            "book_valuer_per_share_4q_avg": 0,
            "equity": null,
            "current_ratio": null,
            "debt_ratio": null,
            "inventory_turnover_ratio": null,
            "account_receivable_turnover_ratio": null,
            "reinvestment_rate": null,
            "research_to_sale_ratio": null,
            "price_fair": 0,
            "eps_avg_yearly": 0,
            "eps_latest_yearly": 0,
            "eps_growth_yearly": 0
        },
        "20142": {
            "year_quarter": 20142,
            "year": 2014,
            "quarter": 2,
            "eps": null,
            "eps_growth_year": null,
            "eps_4q": null,
            "eps_4q_growth_year": null,
            "roe": null,
            "roe_4q": 0,
            "gross_profit": null,
            "gross_margin": null,
            "gross_margin_4q_avg": 0,
            "net_income": null,
            "net_income_4q": null,
            "revenue": null,
            "revenue_4q": null,
            "common_shares": null,
            "book_valuer_per_share": null,
            "book_valuer_per_share_4q_avg": 0,
            "equity": null,
            "current_ratio": null,
            "debt_ratio": null,
            "inventory_turnover_ratio": null,
            "account_receivable_turnover_ratio": null,
            "reinvestment_rate": null,
            "research_to_sale_ratio": null,
            "price_fair": 0,
            "eps_avg_yearly": 0,
            "eps_latest_yearly": 0,
            "eps_growth_yearly": 0
        },
        "20143": {
            "year_quarter": 20143,
            "year": 2014,
            "quarter": 3,
            "eps": null,
            "eps_growth_year": null,
            "eps_4q": null,
            "eps_4q_growth_year": null,
            "roe": null,
            "roe_4q": 0,
            "gross_profit": null,
            "gross_margin": null,
            "gross_margin_4q_avg": 0,
            "net_income": null,
            "net_income_4q": null,
            "revenue": null,
            "revenue_4q": null,
            "common_shares": null,
            "book_valuer_per_share": null,
            "book_valuer_per_share_4q_avg": 0,
            "equity": null,
            "current_ratio": null,
            "debt_ratio": null,
            "inventory_turnover_ratio": null,
            "account_receivable_turnover_ratio": null,
            "reinvestment_rate": null,
            "research_to_sale_ratio": null,
            "price_fair": 0,
            "eps_avg_yearly": 0,
            "eps_latest_yearly": 0,
            "eps_growth_yearly": 0
        },
        "20144": {
            "year_quarter": 20144,
            "year": 2014,
            "quarter": 4,
            "eps": null,
            "eps_growth_year": null,
            "eps_4q": null,
            "eps_4q_growth_year": null,
            "roe": null,
            "roe_4q": 0,
            "gross_profit": null,
            "gross_margin": null,
            "gross_margin_4q_avg": 0,
            "net_income": null,
            "net_income_4q": null,
            "revenue": null,
            "revenue_4q": null,
            "common_shares": 240000,
            "book_valuer_per_share": null,
            "book_valuer_per_share_4q_avg": 0,
            "equity": 749417,
            "current_ratio": null,
            "debt_ratio": null,
            "inventory_turnover_ratio": null,
            "account_receivable_turnover_ratio": null,
            "reinvestment_rate": null,
            "research_to_sale_ratio": null,
            "price_fair": 0,
            "eps_avg_yearly": 0,
            "eps_latest_yearly": 0,
            "eps_growth_yearly": 0
        },
        "20151": {
            "year_quarter": 20151,
            "year": 2015,
            "quarter": 1,
            "eps": null,
            "eps_growth_year": null,
            "eps_4q": null,
            "eps_4q_growth_year": null,
            "roe": null,
            "roe_4q": 0,
            "gross_profit": 67491,
            "gross_margin": null,
            "gross_margin_4q_avg": 0,
            "net_income": 2129,
            "net_income_4q": null,
            "revenue": 270102,
            "revenue_4q": null,
            "common_shares": 240000,
            "book_valuer_per_share": 24.78,
            "book_valuer_per_share_4q_avg": 6.2,
            "equity": 743691,
            "current_ratio": 134.39,
            "debt_ratio": 46.16,
            "inventory_turnover_ratio": null,
            "account_receivable_turnover_ratio": null,
            "reinvestment_rate": null,
            "research_to_sale_ratio": null,
            "price_fair": 0,
            "eps_avg_yearly": 0,
            "eps_latest_yearly": 0,
            "eps_growth_yearly": 0
        },
        "20152": {
            "year_quarter": 20152,
            "year": 2015,
            "quarter": 2,
            "eps": null,
            "eps_growth_year": null,
            "eps_4q": null,
            "eps_4q_growth_year": null,
            "roe": null,
            "roe_4q": 0,
            "gross_profit": 79314,
            "gross_margin": null,
            "gross_margin_4q_avg": 0,
            "net_income": 23288,
            "net_income_4q": null,
            "revenue": 260193,
            "revenue_4q": null,
            "common_shares": 240000,
            "book_valuer_per_share": 24.32,
            "book_valuer_per_share_4q_avg": 12.28,
            "equity": 724804,
            "current_ratio": 137.87,
            "debt_ratio": 45.03,
            "inventory_turnover_ratio": null,
            "account_receivable_turnover_ratio": null,
            "reinvestment_rate": null,
            "research_to_sale_ratio": null,
            "price_fair": 0,
            "eps_avg_yearly": 0,
            "eps_latest_yearly": 0,
            "eps_growth_yearly": 0
        },
        "20153": {
            "year_quarter": 20153,
            "year": 2015,
            "quarter": 3,
            "eps": null,
            "eps_growth_year": null,
            "eps_4q": null,
            "eps_4q_growth_year": null,
            "roe": null,
            "roe_4q": 0,
            "gross_profit": 85035,
            "gross_margin": null,
            "gross_margin_4q_avg": 0,
            "net_income": -4305,
            "net_income_4q": null,
            "revenue": 276676,
            "revenue_4q": null,
            "common_shares": 240000,
            "book_valuer_per_share": 24.92,
            "book_valuer_per_share_4q_avg": 18.51,
            "equity": 747681,
            "current_ratio": 142.91,
            "debt_ratio": 42.1,
            "inventory_turnover_ratio": null,
            "account_receivable_turnover_ratio": null,
            "reinvestment_rate": null,
            "research_to_sale_ratio": null,
            "price_fair": 0,
            "eps_avg_yearly": 0,
            "eps_latest_yearly": 0,
            "eps_growth_yearly": 0
        },
        "20154": {
            "year_quarter": 20154,
            "year": 2015,
            "quarter": 4,
            "eps": null,
            "eps_growth_year": null,
            "eps_4q": null,
            "eps_4q_growth_year": null,
            "roe": null,
            "roe_4q": 0,
            "gross_profit": 136048,
            "gross_margin": null,
            "gross_margin_4q_avg": 0,
            "net_income": 29717,
            "net_income_4q": null,
            "revenue": 359308,
            "revenue_4q": null,
            "common_shares": 240000,
            "book_valuer_per_share": 24.96,
            "book_valuer_per_share_4q_avg": 24.75,
            "equity": 746766,
            "current_ratio": 140.34,
            "debt_ratio": 45.32,
            "inventory_turnover_ratio": null,
            "account_receivable_turnover_ratio": null,
            "reinvestment_rate": null,
            "research_to_sale_ratio": null,
            "price_fair": 0,
            "eps_avg_yearly": 0,
            "eps_latest_yearly": 0,
            "eps_growth_yearly": 0
        },
        "20161": {
            "year_quarter": 20161,
            "year": 2016,
            "quarter": 1,
            "eps": 0.27,
            "eps_growth_year": null,
            "eps_4q": 0.27,
            "eps_4q_growth_year": null,
            "roe": 1.54,
            "roe_4q": 1.54,
            "gross_profit": 79396,
            "gross_margin": 34.93,
            "gross_margin_4q_avg": 8.73,
            "net_income": 11461,
            "net_income_4q": null,
            "revenue": 227288,
            "revenue_4q": null,
            "common_shares": 240000,
            "book_valuer_per_share": 24.8,
            "book_valuer_per_share_4q_avg": 24.75,
            "equity": 745352,
            "current_ratio": 147.94,
            "debt_ratio": 43.41,
            "inventory_turnover_ratio": 1.11,
            "account_receivable_turnover_ratio": 0.82,
            "reinvestment_rate": null,
            "research_to_sale_ratio": 4.2,
            "price_fair": 0,
            "eps_avg_yearly": 0,
            "eps_latest_yearly": 0,
            "eps_growth_yearly": 0
        },
        "20162": {
            "year_quarter": 20162,
            "year": 2016,
            "quarter": 2,
            "eps": 0.71,
            "eps_growth_year": null,
            "eps_4q": 0.92,
            "eps_4q_growth_year": null,
            "roe": 4.39,
            "roe_4q": 5.93,
            "gross_profit": 100962,
            "gross_margin": 32.61,
            "gross_margin_4q_avg": 16.89,
            "net_income": 33791,
            "net_income_4q": null,
            "revenue": 309618,
            "revenue_4q": null,
            "common_shares": 272000,
            "book_valuer_per_share": 23.22,
            "book_valuer_per_share_4q_avg": 24.48,
            "equity": 792494,
            "current_ratio": 165.98,
            "debt_ratio": 40.32,
            "inventory_turnover_ratio": 1.64,
            "account_receivable_turnover_ratio": 1.06,
            "reinvestment_rate": null,
            "research_to_sale_ratio": 3.13,
            "price_fair": 99.4,
            "eps_avg_yearly": 2.84,
            "eps_latest_yearly": 2.84,
            "eps_growth_yearly": 651.85
        },
        "20163": {
            "year_quarter": 20163,
            "year": 2016,
            "quarter": 3,
            "eps": -0.38,
            "eps_growth_year": null,
            "eps_4q": 0.54,
            "eps_4q_growth_year": null,
            "roe": -0.48,
            "roe_4q": 5.449999999999999,
            "gross_profit": 86744,
            "gross_margin": 33.31,
            "gross_margin_4q_avg": 25.21,
            "net_income": -3716,
            "net_income_4q": null,
            "revenue": 260385,
            "revenue_4q": null,
            "common_shares": 272000,
            "book_valuer_per_share": 22.11,
            "book_valuer_per_share_4q_avg": 23.77,
            "equity": 758522,
            "current_ratio": 188.29,
            "debt_ratio": 33.57,
            "inventory_turnover_ratio": 1.39,
            "account_receivable_turnover_ratio": 0.84,
            "reinvestment_rate": null,
            "research_to_sale_ratio": 3.46,
            "price_fair": 99.4,
            "eps_avg_yearly": 2.84,
            "eps_latest_yearly": 2.84,
            "eps_growth_yearly": 651.85
        },
        "20164": {
            "year_quarter": 20164,
            "year": 2016,
            "quarter": 4,
            "eps": -0.16,
            "eps_growth_year": null,
            "eps_4q": 0.39,
            "eps_4q_growth_year": null,
            "roe": 0.02,
            "roe_4q": 5.47,
            "gross_profit": 84001,
            "gross_margin": 38.05,
            "gross_margin_4q_avg": 34.73,
            "net_income": 119,
            "net_income_4q": null,
            "revenue": 220757,
            "revenue_4q": null,
            "common_shares": 272000,
            "book_valuer_per_share": 21.83,
            "book_valuer_per_share_4q_avg": 22.99,
            "equity": 748081,
            "current_ratio": 179.33,
            "debt_ratio": 36.46,
            "inventory_turnover_ratio": 0.98,
            "account_receivable_turnover_ratio": 0.78,
            "reinvestment_rate": null,
            "research_to_sale_ratio": 11.08,
            "price_fair": 99.4,
            "eps_avg_yearly": 2.84,
            "eps_latest_yearly": 2.84,
            "eps_growth_yearly": 651.85
        },
        "20171": {
            "year_quarter": 20171,
            "year": 2017,
            "quarter": 1,
            "eps": -0.74,
            "eps_growth_year": -374.07,
            "eps_4q": -0.6,
            "eps_4q_growth_year": -318.22,
            "roe": -2.52,
            "roe_4q": 1.4099999999999997,
            "gross_profit": 56518,
            "gross_margin": 28.62,
            "gross_margin_4q_avg": 33.15,
            "net_income": -18100,
            "net_income_4q": null,
            "revenue": 197470,
            "revenue_4q": null,
            "common_shares": 272000,
            "book_valuer_per_share": 19.9,
            "book_valuer_per_share_4q_avg": 21.77,
            "equity": 689647,
            "current_ratio": 176.79,
            "debt_ratio": 36.53,
            "inventory_turnover_ratio": 0.99,
            "account_receivable_turnover_ratio": 0.82,
            "reinvestment_rate": null,
            "research_to_sale_ratio": 5.43,
            "price_fair": 99.4,
            "eps_avg_yearly": 2.84,
            "eps_latest_yearly": 2.84,
            "eps_growth_yearly": 651.85
        },
        "20172": {
            "year_quarter": 20172,
            "year": 2017,
            "quarter": 2,
            "eps": -0.22,
            "eps_growth_year": -130.99,
            "eps_4q": -1.49,
            "eps_4q_growth_year": -261.95,
            "roe": -0.26,
            "roe_4q": -3.24,
            "gross_profit": 68172,
            "gross_margin": 27.17,
            "gross_margin_4q_avg": 31.79,
            "net_income": -1750,
            "net_income_4q": null,
            "revenue": 250921,
            "revenue_4q": null,
            "common_shares": 272000,
            "book_valuer_per_share": 19.13,
            "book_valuer_per_share_4q_avg": 20.74,
            "equity": 675735,
            "current_ratio": 175.85,
            "debt_ratio": 36.97,
            "inventory_turnover_ratio": 1.33,
            "account_receivable_turnover_ratio": 1.09,
            "reinvestment_rate": null,
            "research_to_sale_ratio": 5.07,
            "price_fair": 99.4,
            "eps_avg_yearly": 2.84,
            "eps_latest_yearly": 2.84,
            "eps_growth_yearly": 651.85
        },
        "20173": {
            "year_quarter": 20173,
            "year": 2017,
            "quarter": 3,
            "eps": -0.37,
            "eps_growth_year": null,
            "eps_4q": -1.49,
            "eps_4q_growth_year": -373.77,
            "roe": -1.28,
            "roe_4q": -4.040000000000001,
            "gross_profit": 71773,
            "gross_margin": 29.24,
            "gross_margin_4q_avg": 30.77,
            "net_income": -8470,
            "net_income_4q": null,
            "revenue": 245489,
            "revenue_4q": null,
            "common_shares": 272000,
            "book_valuer_per_share": 19,
            "book_valuer_per_share_4q_avg": 19.97,
            "equity": 652121,
            "current_ratio": 159.66,
            "debt_ratio": 40.94,
            "inventory_turnover_ratio": 1.05,
            "account_receivable_turnover_ratio": 1.03,
            "reinvestment_rate": null,
            "research_to_sale_ratio": 6.67,
            "price_fair": 99.4,
            "eps_avg_yearly": 2.84,
            "eps_latest_yearly": 2.84,
            "eps_growth_yearly": 651.85
        },
        "20174": {
            "year_quarter": 20174,
            "year": 2017,
            "quarter": 4,
            "eps": -0.87,
            "eps_growth_year": null,
            "eps_4q": -2.05,
            "eps_4q_growth_year": -629.82,
            "roe": -4.89,
            "roe_4q": -8.95,
            "gross_profit": 70286,
            "gross_margin": 25.89,
            "gross_margin_4q_avg": 27.73,
            "net_income": -32944,
            "net_income_4q": null,
            "revenue": 271445,
            "revenue_4q": null,
            "common_shares": 307000,
            "book_valuer_per_share": 18.4,
            "book_valuer_per_share_4q_avg": 19.11,
            "equity": 695357,
            "current_ratio": 185.9,
            "debt_ratio": 35.78,
            "inventory_turnover_ratio": 1.05,
            "account_receivable_turnover_ratio": 1.2,
            "reinvestment_rate": null,
            "research_to_sale_ratio": 5.14,
            "price_fair": 99.4,
            "eps_avg_yearly": 2.84,
            "eps_latest_yearly": 2.84,
            "eps_growth_yearly": 651.85
        },
        "20181": {
            "year_quarter": 20181,
            "year": 2018,
            "quarter": 1,
            "eps": 0.03,
            "eps_growth_year": null,
            "eps_4q": -1.37,
            "eps_4q_growth_year": null,
            "roe": 0.08,
            "roe_4q": -6.35,
            "gross_profit": 52535,
            "gross_margin": 22.72,
            "gross_margin_4q_avg": 26.26,
            "net_income": 586,
            "net_income_4q": null,
            "revenue": 231179,
            "revenue_4q": null,
            "common_shares": 307000,
            "book_valuer_per_share": 18.52,
            "book_valuer_per_share_4q_avg": 18.76,
            "equity": 699679,
            "current_ratio": 200.33,
            "debt_ratio": 32.96,
            "inventory_turnover_ratio": 0.98,
            "account_receivable_turnover_ratio": 1.09,
            "reinvestment_rate": null,
            "research_to_sale_ratio": 5.23,
            "price_fair": 99.4,
            "eps_avg_yearly": 2.84,
            "eps_latest_yearly": 2.84,
            "eps_growth_yearly": 651.85
        },
        "20182": {
            "year_quarter": 20182,
            "year": 2018,
            "quarter": 2,
            "eps": 0.08,
            "eps_growth_year": null,
            "eps_4q": -1.09,
            "eps_4q_growth_year": null,
            "roe": 0.96,
            "roe_4q": -5.13,
            "gross_profit": 60568,
            "gross_margin": 22.54,
            "gross_margin_4q_avg": 25.1,
            "net_income": 6599,
            "net_income_4q": null,
            "revenue": 268720,
            "revenue_4q": null,
            "common_shares": 307000,
            "book_valuer_per_share": 17.71,
            "book_valuer_per_share_4q_avg": 18.41,
            "equity": 677535,
            "current_ratio": 175.7,
            "debt_ratio": 39.16,
            "inventory_turnover_ratio": 1.1,
            "account_receivable_turnover_ratio": 1.27,
            "reinvestment_rate": null,
            "research_to_sale_ratio": 5.38,
            "price_fair": 55.3,
            "eps_avg_yearly": 1.58,
            "eps_latest_yearly": 0.32,
            "eps_growth_yearly": 659.26
        },
        "20183": {
            "year_quarter": 20183,
            "year": 2018,
            "quarter": 3,
            "eps": 0.29,
            "eps_growth_year": null,
            "eps_4q": -0.47,
            "eps_4q_growth_year": null,
            "roe": 1.84,
            "roe_4q": -2.01,
            "gross_profit": 72729,
            "gross_margin": 26.28,
            "gross_margin_4q_avg": 24.36,
            "net_income": 12366,
            "net_income_4q": null,
            "revenue": 276774,
            "revenue_4q": null,
            "common_shares": 307000,
            "book_valuer_per_share": 17.47,
            "book_valuer_per_share_4q_avg": 18.03,
            "equity": 668845,
            "current_ratio": 201.15,
            "debt_ratio": 32.85,
            "inventory_turnover_ratio": 0.96,
            "account_receivable_turnover_ratio": 1.41,
            "reinvestment_rate": null,
            "research_to_sale_ratio": 4.91,
            "price_fair": 50.4,
            "eps_avg_yearly": 1.44,
            "eps_latest_yearly": 1.16,
            "eps_growth_yearly": 789.51
        },
        "20184": {
            "year_quarter": 20184,
            "year": 2018,
            "quarter": 4,
            "eps": 0.19,
            "eps_growth_year": null,
            "eps_4q": 0.53,
            "eps_4q_growth_year": null,
            "roe": 0.98,
            "roe_4q": 3.8600000000000003,
            "gross_profit": 80447,
            "gross_margin": 29.92,
            "gross_margin_4q_avg": 25.37,
            "net_income": 7057,
            "net_income_4q": null,
            "revenue": 268891,
            "revenue_4q": null,
            "common_shares": 357000,
            "book_valuer_per_share": 17.89,
            "book_valuer_per_share_4q_avg": 17.9,
            "equity": 766867,
            "current_ratio": 218.3,
            "debt_ratio": 30.78,
            "inventory_turnover_ratio": 0.88,
            "account_receivable_turnover_ratio": 1.42,
            "reinvestment_rate": -6622.48,
            "research_to_sale_ratio": 5.6,
            "price_fair": 44.45,
            "eps_avg_yearly": 1.27,
            "eps_latest_yearly": 0.76,
            "eps_growth_yearly": 557.65
        },
        "20191": {
            "year_quarter": 20191,
            "year": 2019,
            "quarter": 1,
            "eps": 0.1,
            "eps_growth_year": 233.33,
            "eps_4q": 0.61,
            "eps_4q_growth_year": null,
            "roe": 0.97,
            "roe_4q": 4.75,
            "gross_profit": 66298,
            "gross_margin": 27.46,
            "gross_margin_4q_avg": 26.55,
            "net_income": 7515,
            "net_income_4q": null,
            "revenue": 241418,
            "revenue_4q": null,
            "common_shares": 357000,
            "book_valuer_per_share": 18.31,
            "book_valuer_per_share_4q_avg": 17.85,
            "equity": 788966,
            "current_ratio": 238.99,
            "debt_ratio": 29.54,
            "inventory_turnover_ratio": 0.88,
            "account_receivable_turnover_ratio": 1.23,
            "reinvestment_rate": -2343.16,
            "research_to_sale_ratio": 4.41,
            "price_fair": 38.36,
            "eps_avg_yearly": 1.1,
            "eps_latest_yearly": 0.4,
            "eps_growth_yearly": 408.22
        },
        "20192": {
            "year_quarter": 20192,
            "year": 2019,
            "quarter": 2,
            "eps": 0.21,
            "eps_growth_year": 162.5,
            "eps_4q": 0.75,
            "eps_4q_growth_year": null,
            "roe": 1.58,
            "roe_4q": 5.37,
            "gross_profit": 79300,
            "gross_margin": 28.92,
            "gross_margin_4q_avg": 28.15,
            "net_income": 12345,
            "net_income_4q": null,
            "revenue": 274244,
            "revenue_4q": null,
            "common_shares": 357000,
            "book_valuer_per_share": 17.82,
            "book_valuer_per_share_4q_avg": 17.87,
            "equity": 770248,
            "current_ratio": 226.08,
            "debt_ratio": 31.65,
            "inventory_turnover_ratio": 1.05,
            "account_receivable_turnover_ratio": 1.31,
            "reinvestment_rate": null,
            "research_to_sale_ratio": 5.04,
            "price_fair": 36.87,
            "eps_avg_yearly": 1.05,
            "eps_latest_yearly": 0.84,
            "eps_growth_yearly": 413.52
        },
        "20193": {
            "year_quarter": 20193,
            "year": 2019,
            "quarter": 3,
            "eps": 0.12,
            "eps_growth_year": -58.62,
            "eps_4q": 0.62,
            "eps_4q_growth_year": null,
            "roe": 0.81,
            "roe_4q": 4.34,
            "gross_profit": 73826,
            "gross_margin": 31.05,
            "gross_margin_4q_avg": 29.34,
            "net_income": 6189,
            "net_income_4q": null,
            "revenue": 237787,
            "revenue_4q": null,
            "common_shares": 357000,
            "book_valuer_per_share": 17.21,
            "book_valuer_per_share_4q_avg": 17.81,
            "equity": 758059,
            "current_ratio": 203.33,
            "debt_ratio": 36.42,
            "inventory_turnover_ratio": 0.97,
            "account_receivable_turnover_ratio": 1.09,
            "reinvestment_rate": -5806.62,
            "research_to_sale_ratio": 5.59,
            "price_fair": 34,
            "eps_avg_yearly": 0.97,
            "eps_latest_yearly": 0.48,
            "eps_growth_yearly": 329.96
        },
        "20194": {
            "year_quarter": 20194,
            "year": 2019,
            "quarter": 4,
            "eps": 0.2,
            "eps_growth_year": 7.16,
            "eps_4q": 0.63,
            "eps_4q_growth_year": 19.16,
            "roe": 0.6,
            "roe_4q": 3.96,
            "gross_profit": 63134,
            "gross_margin": 26.14,
            "gross_margin_4q_avg": 28.39,
            "net_income": 4512,
            "net_income_4q": null,
            "revenue": 241553,
            "revenue_4q": null,
            "common_shares": 357000,
            "book_valuer_per_share": 17.25,
            "book_valuer_per_share_4q_avg": 17.65,
            "equity": 753175,
            "current_ratio": 237.96,
            "debt_ratio": 30.7,
            "inventory_turnover_ratio": 1.16,
            "account_receivable_turnover_ratio": 1.19,
            "reinvestment_rate": null,
            "research_to_sale_ratio": 3.71,
            "price_fair": 33.25,
            "eps_avg_yearly": 0.95,
            "eps_latest_yearly": 0.8,
            "eps_growth_yearly": 322.04
        },
        "20201": {
            "year_quarter": 20201,
            "year": 2020,
            "quarter": 1,
            "eps": -0.42,
            "eps_growth_year": -520,
            "eps_4q": 0.11,
            "eps_4q_growth_year": -81.81,
            "roe": -2.23,
            "roe_4q": 0.7600000000000002,
            "gross_profit": 34570,
            "gross_margin": 23.22,
            "gross_margin_4q_avg": 27.33,
            "net_income": -16567,
            "net_income_4q": null,
            "revenue": 148848,
            "revenue_4q": null,
            "common_shares": 357000,
            "book_valuer_per_share": 16.75,
            "book_valuer_per_share_4q_avg": 17.26,
            "equity": 732822,
            "current_ratio": 209.73,
            "debt_ratio": 34.94,
            "inventory_turnover_ratio": 0.73,
            "account_receivable_turnover_ratio": 0.77,
            "reinvestment_rate": null,
            "research_to_sale_ratio": 6.45,
            "price_fair": 33.25,
            "eps_avg_yearly": 0.95,
            "eps_latest_yearly": 0.8,
            "eps_growth_yearly": 322.04
        },
        "20202": {
            "year_quarter": 20202,
            "year": 2020,
            "quarter": 2,
            "eps": 0.03,
            "eps_growth_year": -85.71,
            "eps_4q": -0.07,
            "eps_4q_growth_year": -109.95,
            "roe": 0.06,
            "roe_4q": -0.7599999999999998,
            "gross_profit": 54841,
            "gross_margin": 23.9,
            "gross_margin_4q_avg": 26.08,
            "net_income": 389,
            "net_income_4q": null,
            "revenue": 229507,
            "revenue_4q": null,
            "common_shares": 357000,
            "book_valuer_per_share": 15.65,
            "book_valuer_per_share_4q_avg": 16.72,
            "equity": 678084,
            "current_ratio": 179.94,
            "debt_ratio": 40.08,
            "inventory_turnover_ratio": 1.24,
            "account_receivable_turnover_ratio": 1.11,
            "reinvestment_rate": null,
            "research_to_sale_ratio": 5.14,
            "price_fair": 23.8,
            "eps_avg_yearly": 0.68,
            "eps_latest_yearly": 0.8,
            "eps_growth_yearly": 274.93
        },
        "20203": {
            "year_quarter": 20203,
            "year": 2020,
            "quarter": 3,
            "eps": 1.01,
            "eps_growth_year": 741.67,
            "eps_4q": 0.81,
            "eps_4q_growth_year": 31.84,
            "roe": 5.17,
            "roe_4q": 3.5999999999999996,
            "gross_profit": 95511,
            "gross_margin": 31.98,
            "gross_margin_4q_avg": 26.31,
            "net_income": 36291,
            "net_income_4q": null,
            "revenue": 298612,
            "revenue_4q": null,
            "common_shares": 357000,
            "book_valuer_per_share": 16.93,
            "book_valuer_per_share_4q_avg": 16.65,
            "equity": 726272,
            "current_ratio": 136.25,
            "debt_ratio": 52.05,
            "inventory_turnover_ratio": 1.7,
            "account_receivable_turnover_ratio": 1.14,
            "reinvestment_rate": null,
            "research_to_sale_ratio": 4.88,
            "price_fair": 38.5,
            "eps_avg_yearly": 1.1,
            "eps_latest_yearly": 4.04,
            "eps_growth_yearly": 1873.9
        },
        "20204": {
            "year_quarter": 20204,
            "year": 2020,
            "quarter": 4,
            "eps": 0.19,
            "eps_growth_year": -5.47,
            "eps_4q": 0.8,
            "eps_4q_growth_year": 27.32,
            "roe": 0.89,
            "roe_4q": 3.8899999999999992,
            "gross_profit": 95185,
            "gross_margin": 28.54,
            "gross_margin_4q_avg": 26.91,
            "net_income": 6557,
            "net_income_4q": null,
            "revenue": 333475,
            "revenue_4q": null,
            "common_shares": 357000,
            "book_valuer_per_share": 17.51,
            "book_valuer_per_share_4q_avg": 16.71,
            "equity": 749002,
            "current_ratio": 127.04,
            "debt_ratio": 58.13,
            "inventory_turnover_ratio": 1.81,
            "account_receivable_turnover_ratio": 1.07,
            "reinvestment_rate": -1473.14,
            "research_to_sale_ratio": 5.03,
            "price_fair": 37.18,
            "eps_avg_yearly": 1.06,
            "eps_latest_yearly": 0.76,
            "eps_growth_yearly": 1629.6
        },
        "20211": {
            "year_quarter": 20211,
            "year": 2021,
            "quarter": 1,
            "eps": 0.16,
            "eps_growth_year": null,
            "eps_4q": 1.38,
            "eps_4q_growth_year": 1148.09,
            "roe": 0.77,
            "roe_4q": 6.89,
            "gross_profit": 79191,
            "gross_margin": 19.55,
            "gross_margin_4q_avg": 25.99,
            "net_income": 5801,
            "net_income_4q": null,
            "revenue": 405112,
            "revenue_4q": null,
            "common_shares": 357000,
            "book_valuer_per_share": 17.6,
            "book_valuer_per_share_4q_avg": 16.92,
            "equity": 752174,
            "current_ratio": 120.35,
            "debt_ratio": 61.25,
            "inventory_turnover_ratio": 1.97,
            "account_receivable_turnover_ratio": 1.25,
            "reinvestment_rate": -145.4,
            "research_to_sale_ratio": 3.12,
            "price_fair": 35.7,
            "eps_avg_yearly": 1.02,
            "eps_latest_yearly": 0.64,
            "eps_growth_yearly": 1460.33
        },
        "20212": {
            "year_quarter": 20212,
            "year": 2021,
            "quarter": 2,
            "eps": 1.6,
            "eps_growth_year": 5233.33,
            "eps_4q": 2.95,
            "eps_4q_growth_year": null,
            "roe": 8.15,
            "roe_4q": 14.98,
            "gross_profit": 144221,
            "gross_margin": 24.96,
            "gross_margin_4q_avg": 26.26,
            "net_income": 63811,
            "net_income_4q": null,
            "revenue": 577855,
            "revenue_4q": null,
            "common_shares": 357000,
            "book_valuer_per_share": 19.2,
            "book_valuer_per_share_4q_avg": 17.81,
            "equity": 814676,
            "current_ratio": 124.11,
            "debt_ratio": 59.29,
            "inventory_turnover_ratio": 2.26,
            "account_receivable_turnover_ratio": 1.69,
            "reinvestment_rate": -41.55,
            "research_to_sale_ratio": 1.85,
            "price_fair": 52.82,
            "eps_avg_yearly": 1.51,
            "eps_latest_yearly": 6.4,
            "eps_growth_yearly": 1654.84
        },
        "20213": {
            "year_quarter": 20213,
            "year": 2021,
            "quarter": 3,
            "eps": 0.68,
            "eps_growth_year": -32.67,
            "eps_4q": 2.53,
            "eps_4q_growth_year": 210.85,
            "roe": 2.47,
            "roe_4q": 12.280000000000001,
            "gross_profit": 116659,
            "gross_margin": 17.73,
            "gross_margin_4q_avg": 22.7,
            "net_income": 25715,
            "net_income_4q": null,
            "revenue": 657888,
            "revenue_4q": null,
            "common_shares": 372000,
            "book_valuer_per_share": 20.65,
            "book_valuer_per_share_4q_avg": 18.74,
            "equity": 1267961,
            "current_ratio": 137.17,
            "debt_ratio": 62.93,
            "inventory_turnover_ratio": 1.27,
            "account_receivable_turnover_ratio": 1.14,
            "reinvestment_rate": 118.74,
            "research_to_sale_ratio": 1.82,
            "price_fair": 56.35,
            "eps_avg_yearly": 1.61,
            "eps_latest_yearly": 2.72,
            "eps_growth_yearly": 1497.77
        },
        "20214": {
            "year_quarter": 20214,
            "year": 2021,
            "quarter": 4,
            "eps": 0.83,
            "eps_growth_year": 338.55,
            "eps_4q": 3.17,
            "eps_4q_growth_year": 294.77,
            "roe": 4.13,
            "roe_4q": 15.52,
            "gross_profit": 227031,
            "gross_margin": 21.06,
            "gross_margin_4q_avg": 20.83,
            "net_income": 53836,
            "net_income_4q": null,
            "revenue": 1077932,
            "revenue_4q": null,
            "common_shares": 373045,
            "book_valuer_per_share": 21.72,
            "book_valuer_per_share_4q_avg": 19.79,
            "equity": 1338597,
            "current_ratio": 133.75,
            "debt_ratio": 63.92,
            "inventory_turnover_ratio": 1.18,
            "account_receivable_turnover_ratio": 1.37,
            "reinvestment_rate": 93.64,
            "research_to_sale_ratio": 1.89,
            "price_fair": 60.95,
            "eps_avg_yearly": 1.74,
            "eps_latest_yearly": 3.32,
            "eps_growth_yearly": 1389.35
        },
        "20221": {
            "year_quarter": 20221,
            "year": 2022,
            "quarter": 1,
            "eps": -0.55,
            "eps_growth_year": -443.75,
            "eps_4q": 2.47,
            "eps_4q_growth_year": 78.87,
            "roe": 0.16,
            "roe_4q": 14.91,
            "gross_profit": 101762,
            "gross_margin": 11.76,
            "gross_margin_4q_avg": 18.88,
            "net_income": 2203,
            "net_income_4q": null,
            "revenue": 865155,
            "revenue_4q": null,
            "common_shares": 373045,
            "book_valuer_per_share": 21.8,
            "book_valuer_per_share_4q_avg": 20.84,
            "equity": 1369224,
            "current_ratio": 137.53,
            "debt_ratio": 61.31,
            "inventory_turnover_ratio": 0.94,
            "account_receivable_turnover_ratio": 1.17,
            "reinvestment_rate": 134.2,
            "research_to_sale_ratio": 2.11,
            "price_fair": 60.95,
            "eps_avg_yearly": 1.74,
            "eps_latest_yearly": 3.32,
            "eps_growth_yearly": 1389.35
        },
        "20222": {
            "year_quarter": 20222,
            "year": 2022,
            "quarter": 2,
            "eps": 0.31,
            "eps_growth_year": -80.62,
            "eps_4q": 1.25,
            "eps_4q_growth_year": -57.56,
            "roe": 2.3,
            "roe_4q": 9.06,
            "gross_profit": 125998,
            "gross_margin": 15.29,
            "gross_margin_4q_avg": 16.46,
            "net_income": 30712,
            "net_income_4q": null,
            "revenue": 823936,
            "revenue_4q": null,
            "common_shares": 373045,
            "book_valuer_per_share": 20.47,
            "book_valuer_per_share_4q_avg": 21.16,
            "equity": 1296963,
            "current_ratio": 129.27,
            "debt_ratio": 64.68,
            "inventory_turnover_ratio": 0.79,
            "account_receivable_turnover_ratio": 1.21,
            "reinvestment_rate": 136.21,
            "research_to_sale_ratio": 2.37,
            "price_fair": 65.1,
            "eps_avg_yearly": 1.86,
            "eps_latest_yearly": 3.32,
            "eps_growth_yearly": 1449.57
        },
        "20223": {
            "year_quarter": 20223,
            "year": 2022,
            "quarter": 3,
            "eps": 0.02,
            "eps_growth_year": -97.06,
            "eps_4q": 0.61,
            "eps_4q_growth_year": -75.97,
            "roe": 2.86,
            "roe_4q": 9.45,
            "gross_profit": 139066,
            "gross_margin": 13.4,
            "gross_margin_4q_avg": 15.38,
            "net_income": 38278,
            "net_income_4q": null,
            "revenue": 1037481,
            "revenue_4q": null,
            "common_shares": 373045,
            "book_valuer_per_share": 19.83,
            "book_valuer_per_share_4q_avg": 20.96,
            "equity": 1383132,
            "current_ratio": 112.68,
            "debt_ratio": 66.24,
            "inventory_turnover_ratio": 0.91,
            "account_receivable_turnover_ratio": 1.4,
            "reinvestment_rate": 185.15,
            "research_to_sale_ratio": 2.03,
            "price_fair": 61.95,
            "eps_avg_yearly": 1.77,
            "eps_latest_yearly": 0.08,
            "eps_growth_yearly": 1330.89
        },
        "20224": {
            "year_quarter": 20224,
            "year": 2022,
            "quarter": 4,
            "eps": -1.41,
            "eps_growth_year": -270.98,
            "eps_4q": -1.63,
            "eps_4q_growth_year": -151.56,
            "roe": -3.65,
            "roe_4q": 1.6699999999999997,
            "gross_profit": 96856,
            "gross_margin": 10.34,
            "gross_margin_4q_avg": 12.7,
            "net_income": -49769,
            "net_income_4q": null,
            "revenue": 936643,
            "revenue_4q": null,
            "common_shares": 373045,
            "book_valuer_per_share": 18.66,
            "book_valuer_per_share_4q_avg": 20.19,
            "equity": 1343063,
            "current_ratio": 118.58,
            "debt_ratio": 67.27,
            "inventory_turnover_ratio": 0.86,
            "account_receivable_turnover_ratio": 1.18,
            "reinvestment_rate": 276.6,
            "research_to_sale_ratio": 2.43,
            "price_fair": 65.16,
            "eps_avg_yearly": 1.86,
            "eps_latest_yearly": 0.08,
            "eps_growth_yearly": 1464.41
        },
        "20231": {
            "year_quarter": 20231,
            "year": 2023,
            "quarter": 1,
            "eps": -1.18,
            "eps_growth_year": null,
            "eps_4q": -2.26,
            "eps_4q_growth_year": -191.48,
            "roe": -4.21,
            "roe_4q": -2.7,
            "gross_profit": 82586,
            "gross_margin": 10.45,
            "gross_margin_4q_avg": 12.37,
            "net_income": -55357,
            "net_income_4q": null,
            "revenue": 790346,
            "revenue_4q": null,
            "common_shares": 373045,
            "book_valuer_per_share": 17.41,
            "book_valuer_per_share_4q_avg": 19.09,
            "equity": 1287764,
            "current_ratio": 118.68,
            "debt_ratio": 69.73,
            "inventory_turnover_ratio": 0.75,
            "account_receivable_turnover_ratio": 1.14,
            "reinvestment_rate": 562.78,
            "research_to_sale_ratio": 2.82,
            "price_fair": 70.28,
            "eps_avg_yearly": 2.01,
            "eps_latest_yearly": 0.08,
            "eps_growth_yearly": 1629.8
        },
        "20232": {
            "year_quarter": 20232,
            "year": 2023,
            "quarter": 2,
            "eps": -0.51,
            "eps_growth_year": -264.52,
            "eps_4q": -2.94,
            "eps_4q_growth_year": -334.95,
            "roe": -2.45,
            "roe_4q": -7.450000000000001,
            "gross_profit": 68428,
            "gross_margin": 7.88,
            "gross_margin_4q_avg": 10.52,
            "net_income": -30822,
            "net_income_4q": null,
            "revenue": 868726,
            "revenue_4q": null,
            "common_shares": 393045,
            "book_valuer_per_share": 16.56,
            "book_valuer_per_share_4q_avg": 18.12,
            "equity": 1233113,
            "current_ratio": 109.43,
            "debt_ratio": 72,
            "inventory_turnover_ratio": 0.8,
            "account_receivable_turnover_ratio": 1.37,
            "reinvestment_rate": 1003.72,
            "research_to_sale_ratio": 2.9,
            "price_fair": 74.82,
            "eps_avg_yearly": 2.14,
            "eps_latest_yearly": 0.08,
            "eps_growth_yearly": 1762
        },
        "20233": {
            "year_quarter": 20233,
            "year": 2023,
            "quarter": 3,
            "eps": -0.12,
            "eps_growth_year": -700,
            "eps_4q": -3.08,
            "eps_4q_growth_year": -606.71,
            "roe": 0.51,
            "roe_4q": -9.8,
            "gross_profit": 105207,
            "gross_margin": 13.81,
            "gross_margin_4q_avg": 10.62,
            "net_income": 6406,
            "net_income_4q": null,
            "revenue": 761598,
            "revenue_4q": null,
            "common_shares": 393045,
            "book_valuer_per_share": 16.83,
            "book_valuer_per_share_4q_avg": 17.37,
            "equity": 1258889,
            "current_ratio": 110.6,
            "debt_ratio": 69.06,
            "inventory_turnover_ratio": 0.7,
            "account_receivable_turnover_ratio": 1.05,
            "reinvestment_rate": 1840.31,
            "research_to_sale_ratio": 3.58,
            "price_fair": 82.08,
            "eps_avg_yearly": 2.35,
            "eps_latest_yearly": 0.08,
            "eps_growth_yearly": 2003.68
        }
    },
    "months": {
        "2016-05": {
            "month": "2016-05",
            "price": "26.09",
            "revenue": 110750
        },
        "2016-06": {
            "month": "2016-06",
            "price": "27.31",
            "revenue": 106027
        },
        "2016-07": {
            "month": "2016-07",
            "price": "26.82",
            "revenue": 87020
        },
        "2016-08": {
            "month": "2016-08",
            "price": "30.47",
            "revenue": 115011
        },
        "2016-09": {
            "month": "2016-09",
            "price": "31.10",
            "revenue": 65404
        },
        "2016-10": {
            "month": "2016-10",
            "price": "27.95",
            "revenue": 64646
        },
        "2016-11": {
            "month": "2016-11",
            "price": "25.55",
            "revenue": 69034
        },
        "2016-12": {
            "month": "2016-12",
            "price": "24.75",
            "revenue": 89927
        },
        "2017-01": {
            "month": "2017-01",
            "price": "24.14",
            "revenue": 69821
        },
        "2017-02": {
            "month": "2017-02",
            "price": "24.61",
            "revenue": 43589
        },
        "2017-03": {
            "month": "2017-03",
            "price": "24.83",
            "revenue": 85046
        },
        "2017-04": {
            "month": "2017-04",
            "price": "24.76",
            "revenue": 81482
        },
        "2017-05": {
            "month": "2017-05",
            "price": "24.58",
            "revenue": 73728
        },
        "2017-06": {
            "month": "2017-06",
            "price": "24.70",
            "revenue": 86109
        },
        "2017-07": {
            "month": "2017-07",
            "price": "23.42",
            "revenue": 69599
        },
        "2017-08": {
            "month": "2017-08",
            "price": "20.88",
            "revenue": 80681
        },
        "2017-09": {
            "month": "2017-09",
            "price": "20.73",
            "revenue": 92743
        },
        "2017-10": {
            "month": "2017-10",
            "price": "20.75",
            "revenue": 88966
        },
        "2017-11": {
            "month": "2017-11",
            "price": "20.81",
            "revenue": 83277
        },
        "2017-12": {
            "month": "2017-12",
            "price": "18.50",
            "revenue": 99965
        },
        "2018-01": {
            "month": "2018-01",
            "price": "19.53",
            "revenue": 86168
        },
        "2018-02": {
            "month": "2018-02",
            "price": "19.76",
            "revenue": 47257
        },
        "2018-03": {
            "month": "2018-03",
            "price": "22.96",
            "revenue": 90983
        },
        "2018-04": {
            "month": "2018-04",
            "price": "21.13",
            "revenue": 86087
        },
        "2018-05": {
            "month": "2018-05",
            "price": "21.52",
            "revenue": 86809
        },
        "2018-06": {
            "month": "2018-06",
            "price": "21.42",
            "revenue": 91544
        },
        "2018-07": {
            "month": "2018-07",
            "price": "21.36",
            "revenue": 91828
        },
        "2018-08": {
            "month": "2018-08",
            "price": "21.31",
            "revenue": 93324
        },
        "2018-09": {
            "month": "2018-09",
            "price": "21.82",
            "revenue": 92934
        },
        "2018-10": {
            "month": "2018-10",
            "price": "19.73",
            "revenue": 82659
        },
        "2018-11": {
            "month": "2018-11",
            "price": "19.79",
            "revenue": 91138
        },
        "2018-12": {
            "month": "2018-12",
            "price": "19.26",
            "revenue": 93092
        },
        "2019-01": {
            "month": "2019-01",
            "price": "18.11",
            "revenue": 90233
        },
        "2019-02": {
            "month": "2019-02",
            "price": "18.59",
            "revenue": 47930
        },
        "2019-03": {
            "month": "2019-03",
            "price": "20.34",
            "revenue": 103284
        },
        "2019-04": {
            "month": "2019-04",
            "price": "20.59",
            "revenue": 95358
        },
        "2019-05": {
            "month": "2019-05",
            "price": "20.32",
            "revenue": 86958
        },
        "2019-06": {
            "month": "2019-06",
            "price": "20.88",
            "revenue": 93021
        },
        "2019-07": {
            "month": "2019-07",
            "price": "20.53",
            "revenue": 92012
        },
        "2019-08": {
            "month": "2019-08",
            "price": "20.55",
            "revenue": 80109
        },
        "2019-09": {
            "month": "2019-09",
            "price": "20.38",
            "revenue": 70003
        },
        "2019-10": {
            "month": "2019-10",
            "price": "20.38",
            "revenue": 63182
        },
        "2019-11": {
            "month": "2019-11",
            "price": "20.30",
            "revenue": 85008
        },
        "2019-12": {
            "month": "2019-12",
            "price": "20.45",
            "revenue": 100608
        },
        "2020-01": {
            "month": "2020-01",
            "price": "20.73",
            "revenue": 60142
        },
        "2020-02": {
            "month": "2020-02",
            "price": "20.12",
            "revenue": 21585
        },
        "2020-03": {
            "month": "2020-03",
            "price": "20.46",
            "revenue": 66344
        },
        "2020-04": {
            "month": "2020-04",
            "price": "21.36",
            "revenue": 80107
        },
        "2020-05": {
            "month": "2020-05",
            "price": "20.54",
            "revenue": 65012
        },
        "2020-06": {
            "month": "2020-06",
            "price": "24.08",
            "revenue": 83274
        },
        "2020-07": {
            "month": "2020-07",
            "price": "37.24",
            "revenue": 100020
        },
        "2020-08": {
            "month": "2020-08",
            "price": "48.54",
            "revenue": 100008
        },
        "2020-09": {
            "month": "2020-09",
            "price": "50.82",
            "revenue": 104336
        },
        "2020-10": {
            "month": "2020-10",
            "price": "51.84",
            "revenue": 82748
        },
        "2020-11": {
            "month": "2020-11",
            "price": "58.78",
            "revenue": 100215
        },
        "2020-12": {
            "month": "2020-12",
            "price": "63.94",
            "revenue": 138051
        },
        "2021-01": {
            "month": "2021-01",
            "price": "59.87",
            "revenue": 140031
        },
        "2021-02": {
            "month": "2021-02",
            "price": "54.18",
            "revenue": 140158
        },
        "2021-03": {
            "month": "2021-03",
            "price": "62.55",
            "revenue": 143010
        },
        "2021-04": {
            "month": "2021-04",
            "price": "63.57",
            "revenue": 204695
        },
        "2021-05": {
            "month": "2021-05",
            "price": "60.33",
            "revenue": 208012
        },
        "2021-06": {
            "month": "2021-06",
            "price": "58.77",
            "revenue": 162465
        },
        "2021-07": {
            "month": "2021-07",
            "price": "60.47",
            "revenue": 200028
        },
        "2021-08": {
            "month": "2021-08",
            "price": "63.41",
            "revenue": 186006
        },
        "2021-09": {
            "month": "2021-09",
            "price": "62.70",
            "revenue": 280541
        },
        "2021-10": {
            "month": "2021-10",
            "price": "68.40",
            "revenue": 330410
        },
        "2021-11": {
            "month": "2021-11",
            "price": "68.15",
            "revenue": 350028
        },
        "2021-12": {
            "month": "2021-12",
            "price": "66.36",
            "revenue": 477875
        },
        "2022-01": {
            "month": "2022-01",
            "price": "62.69",
            "revenue": 332323
        },
        "2022-02": {
            "month": "2022-02",
            "price": "59.81",
            "revenue": 250053
        },
        "2022-03": {
            "month": "2022-03",
            "price": "59.84",
            "revenue": 280031
        },
        "2022-04": {
            "month": "2022-04",
            "price": "58.20",
            "revenue": 240068
        },
        "2022-05": {
            "month": "2022-05",
            "price": "58.22",
            "revenue": 280005
        },
        "2022-06": {
            "month": "2022-06",
            "price": "58.04",
            "revenue": 330012
        },
        "2022-07": {
            "month": "2022-07",
            "price": "58.82",
            "revenue": 305272
        },
        "2022-08": {
            "month": "2022-08",
            "price": "59.72",
            "revenue": 343503
        },
        "2022-09": {
            "month": "2022-09",
            "price": "57.52",
            "revenue": 422705
        },
        "2022-10": {
            "month": "2022-10",
            "price": "56.20",
            "revenue": 302952
        },
        "2022-11": {
            "month": "2022-11",
            "price": "54.12",
            "revenue": 314284
        },
        "2022-12": {
            "month": "2022-12",
            "price": "53.41",
            "revenue": 334526
        },
        "2023-01": {
            "month": "2023-01",
            "price": "52.17",
            "revenue": 246897
        },
        "2023-02": {
            "month": "2023-02",
            "price": "54.65",
            "revenue": 204672
        },
        "2023-03": {
            "month": "2023-03",
            "price": "52.68",
            "revenue": 310153
        },
        "2023-04": {
            "month": "2023-04",
            "price": "49.65",
            "revenue": 310412
        },
        "2023-05": {
            "month": "2023-05",
            "price": "46.77",
            "revenue": 355014
        },
        "2023-06": {
            "month": "2023-06",
            "price": "48.62",
            "revenue": 280006
        },
        "2023-07": {
            "month": "2023-07",
            "price": "49.49",
            "revenue": 250152
        },
        "2023-08": {
            "month": "2023-08",
            "price": "46.55",
            "revenue": 250230
        },
        "2023-09": {
            "month": "2023-09",
            "price": "46.50",
            "revenue": 251477
        },
        "2023-10": {
            "month": "2023-10",
            "price": "45.61",
            "revenue": 300186
        },
        "2023-11": {
            "month": "2023-11",
            "price": "42.11",
            "revenue": 282119
        },
        "2023-12": {
            "month": "2023-12",
            "price": "40.28",
            "revenue": 298102
        }
    }
}
