{
    "summary": {
        "stock_name": "台聯櫃",
        "stock_id": "5601",
        "category": "航運",
        "main_business": "貨櫃集散站經營業<br>委託營造廠商、興建國民住宅、商業大樓之出租出售業務<br>G801010倉儲業、H703020倉庫出租業、IZ06010理貨包裝業",
        "website_url": "http://www.tactc.com.tw/",
        "ceo": "許哲雄",
        "pe_ratio": 76,
        "report_year_from": 2001,
        "report_year_to": 2023,
        "age": 23,
        "eps_negative_percentage": 4,
        "eps_growth_avg": {
            "last_all": 10.19,
            "last_2y": 15.66,
            "last_4y": 9.95,
            "last_8y": 0.14,
            "last_12y": 8.99,
            "last_16y": 10.91,
            "last_20y": 15.7,
            "at_2006_last_3y": 42.86,
            "at_2007_last_3y": 51.59,
            "at_2008_last_3y": 21.12,
            "at_2009_last_3y": -4.88,
            "at_2010_last_3y": 17.14,
            "at_2011_last_3y": -1.41,
            "at_2012_last_3y": 14.4,
            "at_2013_last_3y": 8.09,
            "at_2014_last_3y": 28.92,
            "at_2015_last_3y": 8.85,
            "at_2016_last_3y": 7.88,
            "at_2017_last_3y": 13.69,
            "at_2018_last_3y": -12.12,
            "at_2019_last_3y": 1.22,
            "at_2020_last_3y": -1.63,
            "at_2021_last_3y": -1.84,
            "at_2022_last_3y": 14.71,
            "at_2023_last_3y": 18.27,
            "at_2024_last_3y": 18.27,
            "at_2006_last_all": 7.14,
            "at_2007_last_all": 21.27,
            "at_2008_last_all": 14.08,
            "at_2009_last_all": 11.5,
            "at_2010_last_all": 12.14,
            "at_2011_last_all": 11.19,
            "at_2012_last_all": 14.21,
            "at_2013_last_all": 10.26,
            "at_2014_last_all": 17.74,
            "at_2015_last_all": 10.47,
            "at_2016_last_all": 12.4,
            "at_2017_last_all": 11.17,
            "at_2018_last_all": 10.27,
            "at_2019_last_all": 8.29,
            "at_2020_last_all": 9.28,
            "at_2021_last_all": 8.43,
            "at_2022_last_all": 11.16,
            "at_2023_last_all": 10.19,
            "at_2024_last_all": 10.19
        },
        "latest_eps": 0.48,
        "latest_price": 36.45,
        "latest_roe": 2.26,
        "latest_gross_margin": 59.77,
        "latest_equity": 1381415,
        "latest_revenue": 21991,
        "latest_gross_profit": 13145,
        "latest_net_income": 12362,
        "latest_debt_ratio": 26.1,
        "latest_current_ratio": 491.18,
        "latest_account_receivable_turnover_ratio": 5.84,
        "latest_inventory_turnover_ratio": null,
        "latest_reinvestment_rate": 5.55,
        "latest_research_to_sale_ratio": null
    },
    "eps_dividends": {
        "1993": {
            "cash": 0.3,
            "stock": 1.93,
            "eps": 0
        },
        "1994": {
            "cash": 0.5,
            "stock": 1.5,
            "eps": 0
        },
        "1995": {
            "cash": 0.7,
            "stock": 1,
            "eps": 0
        },
        "1996": {
            "cash": 0,
            "stock": 1,
            "eps": 0
        },
        "1997": {
            "cash": 0.5,
            "stock": 0.78,
            "eps": 0
        },
        "1999": {
            "cash": 0,
            "stock": 1,
            "eps": 0
        },
        "2001": {
            "cash": 0.5,
            "stock": 0,
            "eps": 0.4
        },
        "2002": {
            "cash": 0.35,
            "stock": 0,
            "eps": -0.04
        },
        "2003": {
            "cash": 0.3,
            "stock": 0,
            "eps": 0.05
        },
        "2004": {
            "cash": 0.2,
            "stock": 0,
            "eps": 0.12
        },
        "2005": {
            "cash": 0.15,
            "stock": 0,
            "eps": 0.63
        },
        "2006": {
            "cash": 0.5,
            "stock": 0,
            "eps": 0.18
        },
        "2007": {
            "cash": 0.25,
            "stock": 0,
            "eps": 0.32
        },
        "2008": {
            "cash": 0.27,
            "stock": 0,
            "eps": 0.25
        },
        "2009": {
            "cash": 0.22,
            "stock": 0,
            "eps": 0.24
        },
        "2010": {
            "cash": 0.22,
            "stock": 0,
            "eps": 0.28
        },
        "2011": {
            "cash": 0.23,
            "stock": 0,
            "eps": 0.29
        },
        "2012": {
            "cash": 0.26,
            "stock": 0,
            "eps": 0.41
        },
        "2013": {
            "cash": 0.36,
            "stock": 0,
            "eps": 0.29
        },
        "2014": {
            "cash": 0.3,
            "stock": 0,
            "eps": 1.03
        },
        "2015": {
            "cash": 0.7,
            "stock": 0,
            "eps": 0.24
        },
        "2016": {
            "cash": 0.5,
            "stock": 0,
            "eps": 0.33
        },
        "2017": {
            "cash": 0.3,
            "stock": 0,
            "eps": 0.31
        },
        "2018": {
            "cash": 0.3,
            "stock": 0,
            "eps": 0.3
        },
        "2019": {
            "cash": 0.3,
            "stock": 0,
            "eps": 0.23
        },
        "2020": {
            "cash": 0.21,
            "stock": 0,
            "eps": 0.29
        },
        "2021": {
            "cash": 0.25,
            "stock": 0,
            "eps": 0.27
        },
        "2022": {
            "cash": 0.26,
            "stock": 0,
            "eps": 0.44
        },
        "2023": {
            "cash": 0.48,
            "stock": 0,
            "eps": 0.4
        }
    },
    "dividends": {
        "1993-04-21": {
            "cash": 0.3,
            "stock": 1.93
        },
        "1994-05-11": {
            "cash": 0.5,
            "stock": 1.5
        },
        "1995-05-18": {
            "cash": 0.7,
            "stock": 1
        },
        "1996-04-24": {
            "cash": 0,
            "stock": 1
        },
        "1997-05-14": {
            "cash": 0.5,
            "stock": 0.78
        },
        "1999-05-19": {
            "cash": 0,
            "stock": 1
        },
        "2001-05-16": {
            "cash": 0.5,
            "stock": 0
        },
        "2002-06-10": {
            "cash": 0.35,
            "stock": 0
        },
        "2003-06-09": {
            "cash": 0.3,
            "stock": 0
        },
        "2004-03-17": {
            "cash": 0.2,
            "stock": 0
        },
        "2005-03-16": {
            "cash": 0.15,
            "stock": 0
        },
        "2006-02-22": {
            "cash": 0.5,
            "stock": 0
        },
        "2007-03-14": {
            "cash": 0.25,
            "stock": 0
        },
        "2008-03-19": {
            "cash": 0.27,
            "stock": 0
        },
        "2009-03-18": {
            "cash": 0.22,
            "stock": 0
        },
        "2010-03-17": {
            "cash": 0.22,
            "stock": 0
        },
        "2011-03-16": {
            "cash": 0.23,
            "stock": 0
        },
        "2012-06-11": {
            "cash": 0.26,
            "stock": 0
        },
        "2013-06-18": {
            "cash": 0.36,
            "stock": 0
        },
        "2014-06-16": {
            "cash": 0.3,
            "stock": 0
        },
        "2015-07-24": {
            "cash": 0.7,
            "stock": 0
        },
        "2016-08-09": {
            "cash": 0.5,
            "stock": 0
        },
        "2017-08-04": {
            "cash": 0.3,
            "stock": 0
        },
        "2018-08-03": {
            "cash": 0.3,
            "stock": 0
        },
        "2019-08-01": {
            "cash": 0.3,
            "stock": 0
        },
        "2020-07-29": {
            "cash": 0.21,
            "stock": 0
        },
        "2021-09-27": {
            "cash": 0.25,
            "stock": 0
        },
        "2022-07-22": {
            "cash": 0.26,
            "stock": 0
        },
        "2023-07-24": {
            "cash": 0.48,
            "stock": 0
        }
    },
    "prices": {
        "200101": "7.80",
        "200102": "8.95",
        "200103": "8.82",
        "200104": "8.40",
        "200105": "8.35",
        "200106": "7.78",
        "200107": "7.94",
        "200108": "7.53",
        "200109": "7.05",
        "200110": "6.07",
        "200111": "6.24",
        "200112": "7.48",
        "200201": "7.54",
        "200202": "7.35",
        "200203": "7.67",
        "200204": "8.16",
        "200205": "7.77",
        "200206": "7.69",
        "200207": "7.26",
        "200208": "7.02",
        "200209": "6.75",
        "200210": "6.11",
        "200211": "5.99",
        "200212": "6.04",
        "200301": "6.23",
        "200302": "5.83",
        "200303": "5.88",
        "200304": "5.89",
        "200305": "5.82",
        "200306": "5.94",
        "200307": "5.81",
        "200308": "5.76",
        "200309": "5.75",
        "200310": "5.89",
        "200311": "6.69",
        "200312": "6.56",
        "200401": "7.24",
        "200402": "8.90",
        "200403": "8.22",
        "200404": "8.01",
        "200405": "7.52",
        "200406": "7.13",
        "200407": "7.24",
        "200408": "7.65",
        "200409": "7.65",
        "200410": "7.67",
        "200411": "7.63",
        "200412": "7.54",
        "200501": "8.03",
        "200502": "7.95",
        "200503": "7.94",
        "200504": "7.71",
        "200505": "7.69",
        "200506": "8.09",
        "200507": "8.54",
        "200508": "8.77",
        "200509": "8.86",
        "200510": "9.16",
        "200511": "9.32",
        "200512": "9.56",
        "200601": "9.23",
        "200602": "9.34",
        "200603": "9.08",
        "200604": "9.64",
        "200605": "11.18",
        "200606": "10.86",
        "200607": "10.40",
        "200608": "9.94",
        "200609": "9.86",
        "200610": "10.16",
        "200611": "12.56",
        "200612": "16.40",
        "200701": "15.30",
        "200702": "15.45",
        "200703": "16.34",
        "200704": "15.24",
        "200705": "14.63",
        "200706": "14.76",
        "200707": "15.45",
        "200708": "14.35",
        "200709": "14.34",
        "200710": "14.32",
        "200711": "14.27",
        "200712": "14.38",
        "200801": "14.08",
        "200802": "14.42",
        "200803": "15.38",
        "200804": "18.39",
        "200805": "19.95",
        "200806": "18.61",
        "200807": "17.02",
        "200808": "15.44",
        "200809": "14.84",
        "200810": "13.16",
        "200811": "13.35",
        "200812": "12.98",
        "200901": "11.51",
        "200902": "11.18",
        "200903": "11.91",
        "200904": "13.97",
        "200905": "14.28",
        "200906": "16.41",
        "200907": "17.42",
        "200908": "16.53",
        "200909": "17.35",
        "200910": "16.18",
        "200911": "14.67",
        "200912": "15.21",
        "201001": "16.18",
        "201002": "15.80",
        "201003": "15.99",
        "201004": "17.19",
        "201005": "15.93",
        "201006": "15.56",
        "201007": "15.67",
        "201008": "16.21",
        "201009": "16.77",
        "201010": "16.60",
        "201011": "16.14",
        "201012": "16.61",
        "201101": "18.06",
        "201102": "17.25",
        "201103": "17.57",
        "201104": "18.17",
        "201105": "17.64",
        "201106": "17.18",
        "201107": "16.77",
        "201108": "16.73",
        "201109": "16.67",
        "201110": "16.68",
        "201111": "16.60",
        "201112": "16.51",
        "201201": "17.17",
        "201202": "17.18",
        "201203": "18.01",
        "201204": "18.33",
        "201205": "18.23",
        "201206": "18.02",
        "201207": "17.84",
        "201208": "18.15",
        "201209": "19.41",
        "201210": "19.70",
        "201211": "19.78",
        "201212": "19.98",
        "201301": "20.89",
        "201302": "21.99",
        "201303": "25.07",
        "201304": "25.64",
        "201305": "26.83",
        "201306": "26.81",
        "201307": "26.96",
        "201308": "26.26",
        "201309": "28.03",
        "201310": "28.15",
        "201311": "29.14",
        "201312": "28.32",
        "201401": "28.64",
        "201402": "29.03",
        "201403": "28.83",
        "201404": "28.17",
        "201405": "28.00",
        "201406": "29.20",
        "201407": "28.24",
        "201408": "28.02",
        "201409": "27.10",
        "201410": "26.64",
        "201411": "26.87",
        "201412": "27.16",
        "201501": "28.58",
        "201502": "27.79",
        "201503": "27.45",
        "201504": "27.07",
        "201505": "26.91",
        "201506": "26.94",
        "201507": "26.45",
        "201508": "25.57",
        "201509": "26.21",
        "201510": "26.26",
        "201511": "26.33",
        "201512": "26.19",
        "201601": "27.51",
        "201602": "26.92",
        "201603": "26.56",
        "201604": "25.84",
        "201605": "25.84",
        "201606": "25.84",
        "201607": "25.88",
        "201608": "25.29",
        "201609": "24.34",
        "201610": "24.31",
        "201611": "24.26",
        "201612": "24.41",
        "201701": "23.02",
        "201702": "23.05",
        "201703": "22.82",
        "201704": "22.12",
        "201705": "22.05",
        "201706": "21.94",
        "201707": "21.83",
        "201708": "21.76",
        "201709": "21.79",
        "201710": "22.10",
        "201711": "22.02",
        "201712": "21.98",
        "201801": "21.70",
        "201802": "21.68",
        "201803": "21.82",
        "201804": "21.62",
        "201805": "22.11",
        "201806": "23.01",
        "201807": "23.18",
        "201808": "24.98",
        "201809": "27.38",
        "201810": "26.23",
        "201811": "24.11",
        "201812": "26.18",
        "201901": "27.29",
        "201902": "26.57",
        "201903": "27.11",
        "201904": "26.98",
        "201905": "26.14",
        "201906": "26.20",
        "201907": "26.00",
        "201908": "25.81",
        "201909": "26.19",
        "201910": "26.51",
        "201911": "26.69",
        "201912": "26.66",
        "202001": "26.53",
        "202002": "26.39",
        "202003": "26.21",
        "202004": "26.18",
        "202005": "25.83",
        "202006": "25.38",
        "202007": "24.92",
        "202008": "24.48",
        "202009": "24.43",
        "202010": "24.74",
        "202011": "26.51",
        "202012": "26.87",
        "202101": "27.90",
        "202102": "28.46",
        "202103": "28.76",
        "202104": "31.36",
        "202105": "28.66",
        "202106": "33.54",
        "202107": "29.90",
        "202108": "30.50",
        "202109": "32.04",
        "202110": "31.50",
        "202111": "31.96",
        "202112": "33.31",
        "202201": "35.00",
        "202202": "36.78",
        "202203": "40.59",
        "202204": "42.22",
        "202205": "39.95",
        "202206": "37.81",
        "202207": "37.23",
        "202208": "35.93",
        "202209": "35.80",
        "202210": "34.54",
        "202211": "34.14",
        "202212": "35.48",
        "202301": "38.04",
        "202302": "39.42",
        "202303": "41.57",
        "202304": "41.49",
        "202305": "41.78",
        "202306": "40.14",
        "202307": "37.20",
        "202308": "35.09",
        "202309": "34.65",
        "202310": "33.64",
        "202311": "34.07",
        "202312": "34.31"
    },
    "quarters": {
        "20011": {
            "year_quarter": 20011,
            "year": 2001,
            "quarter": 1,
            "eps": 0.08,
            "eps_growth_year": -65.22,
            "eps_4q": 0.63,
            "eps_4q_growth_year": -10.02,
            "roe": 0.55,
            "roe_4q": 0.55,
            "gross_profit": 12712,
            "gross_margin": 64.18,
            "gross_margin_4q_avg": 64.18,
            "net_income": 6384,
            "net_income_4q": null,
            "revenue": 19807,
            "revenue_4q": null,
            "common_shares": 752400,
            "book_valuer_per_share": 15.59,
            "book_valuer_per_share_4q_avg": 15.59,
            "equity": 1172799,
            "current_ratio": 1887.51,
            "debt_ratio": 41.73,
            "inventory_turnover_ratio": null,
            "account_receivable_turnover_ratio": null,
            "reinvestment_rate": null,
            "research_to_sale_ratio": null,
            "price_fair": 0,
            "eps_avg_yearly": 0,
            "eps_latest_yearly": 0,
            "eps_growth_yearly": 0
        },
        "20012": {
            "year_quarter": 20012,
            "year": 2001,
            "quarter": 2,
            "eps": 0.06,
            "eps_growth_year": -71.43,
            "eps_4q": 0.53,
            "eps_4q_growth_year": -1.55,
            "roe": 0.38,
            "roe_4q": 0.93,
            "gross_profit": 10550,
            "gross_margin": 61.91,
            "gross_margin_4q_avg": 63.05,
            "net_income": 4402,
            "net_income_4q": null,
            "revenue": 17042,
            "revenue_4q": null,
            "common_shares": 752400,
            "book_valuer_per_share": 15.12,
            "book_valuer_per_share_4q_avg": 15.36,
            "equity": 1137928,
            "current_ratio": 1034.23,
            "debt_ratio": 42.43,
            "inventory_turnover_ratio": null,
            "account_receivable_turnover_ratio": null,
            "reinvestment_rate": null,
            "research_to_sale_ratio": null,
            "price_fair": 0,
            "eps_avg_yearly": 0,
            "eps_latest_yearly": 0,
            "eps_growth_yearly": 0
        },
        "20013": {
            "year_quarter": 20013,
            "year": 2001,
            "quarter": 3,
            "eps": 0.04,
            "eps_growth_year": -88.24,
            "eps_4q": 0.2,
            "eps_4q_growth_year": -76.19,
            "roe": 0.29,
            "roe_4q": 1.22,
            "gross_profit": 9160,
            "gross_margin": 56,
            "gross_margin_4q_avg": 60.7,
            "net_income": 3269,
            "net_income_4q": null,
            "revenue": 16358,
            "revenue_4q": null,
            "common_shares": 752400,
            "book_valuer_per_share": 15.17,
            "book_valuer_per_share_4q_avg": 15.29,
            "equity": 1141197,
            "current_ratio": 822,
            "debt_ratio": 42.37,
            "inventory_turnover_ratio": null,
            "account_receivable_turnover_ratio": null,
            "reinvestment_rate": null,
            "research_to_sale_ratio": null,
            "price_fair": 0,
            "eps_avg_yearly": 0,
            "eps_latest_yearly": 0,
            "eps_growth_yearly": 0
        },
        "20014": {
            "year_quarter": 20014,
            "year": 2001,
            "quarter": 4,
            "eps": 0.22,
            "eps_growth_year": 633.33,
            "eps_4q": 0.41,
            "eps_4q_growth_year": -46.43,
            "roe": 1.44,
            "roe_4q": 2.66,
            "gross_profit": 8060,
            "gross_margin": 53.41,
            "gross_margin_4q_avg": 58.88,
            "net_income": 16513,
            "net_income_4q": null,
            "revenue": 15092,
            "revenue_4q": null,
            "common_shares": 752400,
            "book_valuer_per_share": 15.39,
            "book_valuer_per_share_4q_avg": 15.32,
            "equity": 1157710,
            "current_ratio": 1675.03,
            "debt_ratio": 41.85,
            "inventory_turnover_ratio": null,
            "account_receivable_turnover_ratio": null,
            "reinvestment_rate": null,
            "research_to_sale_ratio": null,
            "price_fair": 0,
            "eps_avg_yearly": 0,
            "eps_latest_yearly": 0,
            "eps_growth_yearly": 0
        },
        "20021": {
            "year_quarter": 20021,
            "year": 2002,
            "quarter": 1,
            "eps": 0.05,
            "eps_growth_year": -37.5,
            "eps_4q": 0.37,
            "eps_4q_growth_year": -40.1,
            "roe": 0.32,
            "roe_4q": 2.4299999999999997,
            "gross_profit": 9227,
            "gross_margin": 58.82,
            "gross_margin_4q_avg": 57.54,
            "net_income": 3726,
            "net_income_4q": null,
            "revenue": 15687,
            "revenue_4q": null,
            "common_shares": 752400,
            "book_valuer_per_share": 15.44,
            "book_valuer_per_share_4q_avg": 15.28,
            "equity": 1161436,
            "current_ratio": 1964.73,
            "debt_ratio": 41.79,
            "inventory_turnover_ratio": null,
            "account_receivable_turnover_ratio": null,
            "reinvestment_rate": null,
            "research_to_sale_ratio": null,
            "price_fair": 0.6,
            "eps_avg_yearly": 0.2,
            "eps_latest_yearly": 0.2,
            "eps_growth_yearly": -309.09
        },
        "20022": {
            "year_quarter": 20022,
            "year": 2002,
            "quarter": 2,
            "eps": -0.03,
            "eps_growth_year": -150,
            "eps_4q": 0.28,
            "eps_4q_growth_year": -46.18,
            "roe": -0.19,
            "roe_4q": 1.8599999999999999,
            "gross_profit": 7991,
            "gross_margin": 54.71,
            "gross_margin_4q_avg": 55.74,
            "net_income": -2208,
            "net_income_4q": null,
            "revenue": 14605,
            "revenue_4q": null,
            "common_shares": 752400,
            "book_valuer_per_share": 15.04,
            "book_valuer_per_share_4q_avg": 15.26,
            "equity": 1131794,
            "current_ratio": 238.87,
            "debt_ratio": 43.15,
            "inventory_turnover_ratio": null,
            "account_receivable_turnover_ratio": null,
            "reinvestment_rate": null,
            "research_to_sale_ratio": null,
            "price_fair": 0.6,
            "eps_avg_yearly": 0.2,
            "eps_latest_yearly": 0.2,
            "eps_growth_yearly": -309.09
        },
        "20023": {
            "year_quarter": 20023,
            "year": 2002,
            "quarter": 3,
            "eps": 0,
            "eps_growth_year": -100,
            "eps_4q": 0.24,
            "eps_4q_growth_year": 21.09,
            "roe": 0.03,
            "roe_4q": 1.5999999999999999,
            "gross_profit": 5064,
            "gross_margin": 45,
            "gross_margin_4q_avg": 52.99,
            "net_income": 300,
            "net_income_4q": null,
            "revenue": 11254,
            "revenue_4q": null,
            "common_shares": 752400,
            "book_valuer_per_share": 15.05,
            "book_valuer_per_share_4q_avg": 15.23,
            "equity": 1132093,
            "current_ratio": 890.89,
            "debt_ratio": 42.43,
            "inventory_turnover_ratio": null,
            "account_receivable_turnover_ratio": null,
            "reinvestment_rate": null,
            "research_to_sale_ratio": null,
            "price_fair": 0.6,
            "eps_avg_yearly": 0.2,
            "eps_latest_yearly": 0.2,
            "eps_growth_yearly": -309.09
        },
        "20024": {
            "year_quarter": 20024,
            "year": 2002,
            "quarter": 4,
            "eps": -0.06,
            "eps_growth_year": -127.27,
            "eps_4q": -0.03,
            "eps_4q_growth_year": -107.37,
            "roe": -0.38,
            "roe_4q": -0.22000000000000003,
            "gross_profit": 6098,
            "gross_margin": 48.03,
            "gross_margin_4q_avg": 51.64,
            "net_income": -4340,
            "net_income_4q": null,
            "revenue": 12696,
            "revenue_4q": null,
            "common_shares": 752400,
            "book_valuer_per_share": 14.99,
            "book_valuer_per_share_4q_avg": 15.13,
            "equity": 1127754,
            "current_ratio": 1182.73,
            "debt_ratio": 42.49,
            "inventory_turnover_ratio": null,
            "account_receivable_turnover_ratio": null,
            "reinvestment_rate": -63.7,
            "research_to_sale_ratio": null,
            "price_fair": 0.6,
            "eps_avg_yearly": 0.2,
            "eps_latest_yearly": 0.2,
            "eps_growth_yearly": -309.09
        },
        "20031": {
            "year_quarter": 20031,
            "year": 2003,
            "quarter": 1,
            "eps": 0.03,
            "eps_growth_year": -40,
            "eps_4q": -0.06,
            "eps_4q_growth_year": -116.17,
            "roe": 0.18,
            "roe_4q": -0.36,
            "gross_profit": 6907,
            "gross_margin": 55.95,
            "gross_margin_4q_avg": 50.92,
            "net_income": 2070,
            "net_income_4q": null,
            "revenue": 12344,
            "revenue_4q": null,
            "common_shares": 752400,
            "book_valuer_per_share": 15.02,
            "book_valuer_per_share_4q_avg": 15.03,
            "equity": 1129824,
            "current_ratio": 1611.58,
            "debt_ratio": 42.42,
            "inventory_turnover_ratio": null,
            "account_receivable_turnover_ratio": null,
            "reinvestment_rate": -39.47,
            "research_to_sale_ratio": null,
            "price_fair": 0.6,
            "eps_avg_yearly": 0.2,
            "eps_latest_yearly": 0.2,
            "eps_growth_yearly": -309.09
        },
        "20032": {
            "year_quarter": 20032,
            "year": 2003,
            "quarter": 2,
            "eps": 0.01,
            "eps_growth_year": null,
            "eps_4q": -0.02,
            "eps_4q_growth_year": -105.75,
            "roe": 0.07,
            "roe_4q": -0.1,
            "gross_profit": 6460,
            "gross_margin": 52.8,
            "gross_margin_4q_avg": 50.45,
            "net_income": 746,
            "net_income_4q": null,
            "revenue": 12235,
            "revenue_4q": null,
            "common_shares": 752400,
            "book_valuer_per_share": 14.7,
            "book_valuer_per_share_4q_avg": 14.94,
            "equity": 1106289,
            "current_ratio": 214.39,
            "debt_ratio": 43.63,
            "inventory_turnover_ratio": null,
            "account_receivable_turnover_ratio": null,
            "reinvestment_rate": -32.5,
            "research_to_sale_ratio": null,
            "price_fair": 0.36,
            "eps_avg_yearly": 0.12,
            "eps_latest_yearly": 0.04,
            "eps_growth_yearly": -287.88
        },
        "20033": {
            "year_quarter": 20033,
            "year": 2003,
            "quarter": 3,
            "eps": 0,
            "eps_growth_year": null,
            "eps_4q": -0.02,
            "eps_4q_growth_year": -106.33,
            "roe": 0.03,
            "roe_4q": -0.09999999999999998,
            "gross_profit": 6340,
            "gross_margin": 53.67,
            "gross_margin_4q_avg": 52.61,
            "net_income": 363,
            "net_income_4q": null,
            "revenue": 11812,
            "revenue_4q": null,
            "common_shares": 752400,
            "book_valuer_per_share": 14.71,
            "book_valuer_per_share_4q_avg": 14.86,
            "equity": 1106653,
            "current_ratio": 712.57,
            "debt_ratio": 43.02,
            "inventory_turnover_ratio": null,
            "account_receivable_turnover_ratio": null,
            "reinvestment_rate": -32.15,
            "research_to_sale_ratio": null,
            "price_fair": 0.36,
            "eps_avg_yearly": 0.12,
            "eps_latest_yearly": 0.04,
            "eps_growth_yearly": -287.88
        },
        "20034": {
            "year_quarter": 20034,
            "year": 2003,
            "quarter": 4,
            "eps": 0.01,
            "eps_growth_year": null,
            "eps_4q": 0.05,
            "eps_4q_growth_year": null,
            "roe": 0.05,
            "roe_4q": 0.33,
            "gross_profit": 6472,
            "gross_margin": 54.03,
            "gross_margin_4q_avg": 54.11,
            "net_income": 521,
            "net_income_4q": null,
            "revenue": 11978,
            "revenue_4q": null,
            "common_shares": 752400,
            "book_valuer_per_share": 14.72,
            "book_valuer_per_share_4q_avg": 14.79,
            "equity": 1107174,
            "current_ratio": 1144.69,
            "debt_ratio": 42.95,
            "inventory_turnover_ratio": null,
            "account_receivable_turnover_ratio": null,
            "reinvestment_rate": -27.05,
            "research_to_sale_ratio": null,
            "price_fair": 0.36,
            "eps_avg_yearly": 0.12,
            "eps_latest_yearly": 0.04,
            "eps_growth_yearly": -287.88
        },
        "20041": {
            "year_quarter": 20041,
            "year": 2004,
            "quarter": 1,
            "eps": 0.03,
            "eps_growth_year": 0,
            "eps_4q": 0.05,
            "eps_4q_growth_year": null,
            "roe": 0.2,
            "roe_4q": 0.35000000000000003,
            "gross_profit": 7285,
            "gross_margin": 60.05,
            "gross_margin_4q_avg": 55.14,
            "net_income": 2212,
            "net_income_4q": null,
            "revenue": 12132,
            "revenue_4q": null,
            "common_shares": 752400,
            "book_valuer_per_share": 14.74,
            "book_valuer_per_share_4q_avg": 14.72,
            "equity": 1109385,
            "current_ratio": 1109.88,
            "debt_ratio": 42.92,
            "inventory_turnover_ratio": null,
            "account_receivable_turnover_ratio": null,
            "reinvestment_rate": -30.78,
            "research_to_sale_ratio": null,
            "price_fair": 4.2,
            "eps_avg_yearly": 0.12,
            "eps_latest_yearly": 0.12,
            "eps_growth_yearly": 74.75
        },
        "20042": {
            "year_quarter": 20042,
            "year": 2004,
            "quarter": 2,
            "eps": 0.03,
            "eps_growth_year": 200,
            "eps_4q": 0.08,
            "eps_4q_growth_year": null,
            "roe": 0.17,
            "roe_4q": 0.44999999999999996,
            "gross_profit": 7431,
            "gross_margin": 59.46,
            "gross_margin_4q_avg": 56.8,
            "net_income": 1892,
            "net_income_4q": null,
            "revenue": 12497,
            "revenue_4q": null,
            "common_shares": 752400,
            "book_valuer_per_share": 14.57,
            "book_valuer_per_share_4q_avg": 14.69,
            "equity": 1096097,
            "current_ratio": 275.02,
            "debt_ratio": 43.67,
            "inventory_turnover_ratio": null,
            "account_receivable_turnover_ratio": null,
            "reinvestment_rate": -29.24,
            "research_to_sale_ratio": null,
            "price_fair": 4.2,
            "eps_avg_yearly": 0.12,
            "eps_latest_yearly": 0.12,
            "eps_growth_yearly": 56.06
        },
        "20043": {
            "year_quarter": 20043,
            "year": 2004,
            "quarter": 3,
            "eps": 0.03,
            "eps_growth_year": null,
            "eps_4q": 0.08,
            "eps_4q_growth_year": null,
            "roe": 0.23,
            "roe_4q": 0.6500000000000001,
            "gross_profit": 6808,
            "gross_margin": 54.93,
            "gross_margin_4q_avg": 57.12,
            "net_income": 2543,
            "net_income_4q": null,
            "revenue": 12394,
            "revenue_4q": null,
            "common_shares": 752400,
            "book_valuer_per_share": 14.6,
            "book_valuer_per_share_4q_avg": 14.66,
            "equity": 1098639,
            "current_ratio": 781.74,
            "debt_ratio": 43.21,
            "inventory_turnover_ratio": null,
            "account_receivable_turnover_ratio": null,
            "reinvestment_rate": -87.67,
            "research_to_sale_ratio": null,
            "price_fair": 4.2,
            "eps_avg_yearly": 0.12,
            "eps_latest_yearly": 0.12,
            "eps_growth_yearly": 44.85
        },
        "20044": {
            "year_quarter": 20044,
            "year": 2004,
            "quarter": 4,
            "eps": 0.03,
            "eps_growth_year": 200,
            "eps_4q": 0.13,
            "eps_4q_growth_year": 150.73,
            "roe": 0.19,
            "roe_4q": 0.79,
            "gross_profit": 7874,
            "gross_margin": 58.72,
            "gross_margin_4q_avg": 58.29,
            "net_income": 2091,
            "net_income_4q": null,
            "revenue": 13410,
            "revenue_4q": null,
            "common_shares": 752400,
            "book_valuer_per_share": 14.63,
            "book_valuer_per_share_4q_avg": 14.64,
            "equity": 1100731,
            "current_ratio": 1326.99,
            "debt_ratio": 43.14,
            "inventory_turnover_ratio": null,
            "account_receivable_turnover_ratio": null,
            "reinvestment_rate": -82.54,
            "research_to_sale_ratio": null,
            "price_fair": 4.2,
            "eps_avg_yearly": 0.12,
            "eps_latest_yearly": 0.12,
            "eps_growth_yearly": 37.37
        },
        "20051": {
            "year_quarter": 20051,
            "year": 2005,
            "quarter": 1,
            "eps": 0.03,
            "eps_growth_year": 0,
            "eps_4q": 0.13,
            "eps_4q_growth_year": 151.85,
            "roe": 0.18,
            "roe_4q": 0.77,
            "gross_profit": 7519,
            "gross_margin": 60.56,
            "gross_margin_4q_avg": 58.42,
            "net_income": 1934,
            "net_income_4q": null,
            "revenue": 12416,
            "revenue_4q": null,
            "common_shares": 752400,
            "book_valuer_per_share": 14.66,
            "book_valuer_per_share_4q_avg": 14.62,
            "equity": 1102664,
            "current_ratio": 1199.06,
            "debt_ratio": 43.12,
            "inventory_turnover_ratio": null,
            "account_receivable_turnover_ratio": null,
            "reinvestment_rate": -89.34,
            "research_to_sale_ratio": null,
            "price_fair": 4.2,
            "eps_avg_yearly": 0.12,
            "eps_latest_yearly": 0.12,
            "eps_growth_yearly": 32.03
        },
        "20052": {
            "year_quarter": 20052,
            "year": 2005,
            "quarter": 2,
            "eps": 0.53,
            "eps_growth_year": 1666.67,
            "eps_4q": 0.62,
            "eps_4q_growth_year": 680.8,
            "roe": 3.57,
            "roe_4q": 4.17,
            "gross_profit": 8480,
            "gross_margin": 61.26,
            "gross_margin_4q_avg": 58.87,
            "net_income": 39764,
            "net_income_4q": null,
            "revenue": 13842,
            "revenue_4q": null,
            "common_shares": 752400,
            "book_valuer_per_share": 14.96,
            "book_valuer_per_share_4q_avg": 14.71,
            "equity": 1125406,
            "current_ratio": 567.34,
            "debt_ratio": 42.72,
            "inventory_turnover_ratio": null,
            "account_receivable_turnover_ratio": null,
            "reinvestment_rate": -92.02,
            "research_to_sale_ratio": null,
            "price_fair": 12.95,
            "eps_avg_yearly": 0.37,
            "eps_latest_yearly": 2.12,
            "eps_growth_yearly": 861.36
        },
        "20053": {
            "year_quarter": 20053,
            "year": 2005,
            "quarter": 3,
            "eps": 0.04,
            "eps_growth_year": 33.33,
            "eps_4q": 0.58,
            "eps_4q_growth_year": 583.66,
            "roe": 0.25,
            "roe_4q": 4.19,
            "gross_profit": 8150,
            "gross_margin": 59.46,
            "gross_margin_4q_avg": 60,
            "net_income": 3255,
            "net_income_4q": null,
            "revenue": 13707,
            "revenue_4q": null,
            "common_shares": 752400,
            "book_valuer_per_share": 19.44,
            "book_valuer_per_share_4q_avg": 15.92,
            "equity": 1462303,
            "current_ratio": 910.5,
            "debt_ratio": 25,
            "inventory_turnover_ratio": null,
            "account_receivable_turnover_ratio": null,
            "reinvestment_rate": -95.25,
            "research_to_sale_ratio": null,
            "price_fair": 12.13,
            "eps_avg_yearly": 0.35,
            "eps_latest_yearly": 0.16,
            "eps_growth_yearly": 724.57
        },
        "20054": {
            "year_quarter": 20054,
            "year": 2005,
            "quarter": 4,
            "eps": 0.03,
            "eps_growth_year": 0,
            "eps_4q": 0.56,
            "eps_4q_growth_year": 342.82,
            "roe": 0.18,
            "roe_4q": 4.18,
            "gross_profit": 8409,
            "gross_margin": 59.87,
            "gross_margin_4q_avg": 60.29,
            "net_income": 2568,
            "net_income_4q": null,
            "revenue": 14046,
            "revenue_4q": null,
            "common_shares": 752400,
            "book_valuer_per_share": 19.21,
            "book_valuer_per_share_4q_avg": 17.07,
            "equity": 1445638,
            "current_ratio": 775.32,
            "debt_ratio": 25.06,
            "inventory_turnover_ratio": null,
            "account_receivable_turnover_ratio": null,
            "reinvestment_rate": -103.18,
            "research_to_sale_ratio": null,
            "price_fair": 11.34,
            "eps_avg_yearly": 0.32,
            "eps_latest_yearly": 0.12,
            "eps_growth_yearly": 642.11
        },
        "20061": {
            "year_quarter": 20061,
            "year": 2006,
            "quarter": 1,
            "eps": 0.05,
            "eps_growth_year": 66.67,
            "eps_4q": 0.72,
            "eps_4q_growth_year": 445.37,
            "roe": 0.24,
            "roe_4q": 4.24,
            "gross_profit": 8107,
            "gross_margin": 60.19,
            "gross_margin_4q_avg": 60.2,
            "net_income": 3424,
            "net_income_4q": null,
            "revenue": 13468,
            "revenue_4q": null,
            "common_shares": 720000,
            "book_valuer_per_share": 20.13,
            "book_valuer_per_share_4q_avg": 18.44,
            "equity": 1449595,
            "current_ratio": 1113.16,
            "debt_ratio": 24.87,
            "inventory_turnover_ratio": null,
            "account_receivable_turnover_ratio": null,
            "reinvestment_rate": -102.73,
            "research_to_sale_ratio": null,
            "price_fair": 11.34,
            "eps_avg_yearly": 0.32,
            "eps_latest_yearly": 0.2,
            "eps_growth_yearly": 699.69
        },
        "20062": {
            "year_quarter": 20062,
            "year": 2006,
            "quarter": 2,
            "eps": 0.03,
            "eps_growth_year": -94.34,
            "eps_4q": 0.15,
            "eps_4q_growth_year": -75.53,
            "roe": 0.16,
            "roe_4q": 0.8300000000000001,
            "gross_profit": 7502,
            "gross_margin": 54.91,
            "gross_margin_4q_avg": 58.61,
            "net_income": 2291,
            "net_income_4q": null,
            "revenue": 13663,
            "revenue_4q": null,
            "common_shares": 720000,
            "book_valuer_per_share": 19.64,
            "book_valuer_per_share_4q_avg": 19.61,
            "equity": 1414029,
            "current_ratio": 661.66,
            "debt_ratio": 25.36,
            "inventory_turnover_ratio": null,
            "account_receivable_turnover_ratio": null,
            "reinvestment_rate": -94.03,
            "research_to_sale_ratio": null,
            "price_fair": 10.69,
            "eps_avg_yearly": 0.31,
            "eps_latest_yearly": 0.12,
            "eps_growth_yearly": 621.53
        },
        "20063": {
            "year_quarter": 20063,
            "year": 2006,
            "quarter": 3,
            "eps": 0.06,
            "eps_growth_year": 50,
            "eps_4q": 0.18,
            "eps_4q_growth_year": -68.17,
            "roe": 0.28,
            "roe_4q": 0.8600000000000001,
            "gross_profit": 8686,
            "gross_margin": 59.6,
            "gross_margin_4q_avg": 58.64,
            "net_income": 4008,
            "net_income_4q": null,
            "revenue": 14575,
            "revenue_4q": null,
            "common_shares": 720000,
            "book_valuer_per_share": 19.69,
            "book_valuer_per_share_4q_avg": 19.67,
            "equity": 1418037,
            "current_ratio": 739.2,
            "debt_ratio": 25.35,
            "inventory_turnover_ratio": null,
            "account_receivable_turnover_ratio": null,
            "reinvestment_rate": -87.91,
            "research_to_sale_ratio": null,
            "price_fair": 10.5,
            "eps_avg_yearly": 0.3,
            "eps_latest_yearly": 0.24,
            "eps_growth_yearly": 603.07
        },
        "20064": {
            "year_quarter": 20064,
            "year": 2006,
            "quarter": 4,
            "eps": 0.04,
            "eps_growth_year": 33.33,
            "eps_4q": 0.19,
            "eps_4q_growth_year": -65.17,
            "roe": 0.18,
            "roe_4q": 0.86,
            "gross_profit": 9030,
            "gross_margin": 60.02,
            "gross_margin_4q_avg": 58.68,
            "net_income": 2536,
            "net_income_4q": null,
            "revenue": 15045,
            "revenue_4q": null,
            "common_shares": 720000,
            "book_valuer_per_share": 19.73,
            "book_valuer_per_share_4q_avg": 19.8,
            "equity": 1420573,
            "current_ratio": 864.11,
            "debt_ratio": 25.28,
            "inventory_turnover_ratio": null,
            "account_receivable_turnover_ratio": null,
            "reinvestment_rate": -78.56,
            "research_to_sale_ratio": null,
            "price_fair": 10.12,
            "eps_avg_yearly": 0.29,
            "eps_latest_yearly": 0.16,
            "eps_growth_yearly": 546.42
        },
        "20071": {
            "year_quarter": 20071,
            "year": 2007,
            "quarter": 1,
            "eps": 0.12,
            "eps_growth_year": 140,
            "eps_4q": 0.25,
            "eps_4q_growth_year": -65.53,
            "roe": 0.59,
            "roe_4q": 1.21,
            "gross_profit": 9264,
            "gross_margin": 63.25,
            "gross_margin_4q_avg": 59.45,
            "net_income": 8368,
            "net_income_4q": null,
            "revenue": 14647,
            "revenue_4q": null,
            "common_shares": 720000,
            "book_valuer_per_share": 19.84,
            "book_valuer_per_share_4q_avg": 19.73,
            "equity": 1428185,
            "current_ratio": 914.53,
            "debt_ratio": 25.18,
            "inventory_turnover_ratio": null,
            "account_receivable_turnover_ratio": null,
            "reinvestment_rate": -76.62,
            "research_to_sale_ratio": null,
            "price_fair": 10.6,
            "eps_avg_yearly": 0.3,
            "eps_latest_yearly": 0.48,
            "eps_growth_yearly": 564.54
        },
        "20072": {
            "year_quarter": 20072,
            "year": 2007,
            "quarter": 2,
            "eps": 0.07,
            "eps_growth_year": 133.33,
            "eps_4q": 0.28,
            "eps_4q_growth_year": 86.64,
            "roe": 0.35,
            "roe_4q": 1.4,
            "gross_profit": 10038,
            "gross_margin": 65.41,
            "gross_margin_4q_avg": 62.07,
            "net_income": 4924,
            "net_income_4q": null,
            "revenue": 15347,
            "revenue_4q": null,
            "common_shares": 720000,
            "book_valuer_per_share": 19.66,
            "book_valuer_per_share_4q_avg": 19.73,
            "equity": 1415232,
            "current_ratio": 308.75,
            "debt_ratio": 26.05,
            "inventory_turnover_ratio": null,
            "account_receivable_turnover_ratio": null,
            "reinvestment_rate": -74.1,
            "research_to_sale_ratio": null,
            "price_fair": 11.2,
            "eps_avg_yearly": 0.32,
            "eps_latest_yearly": 0.28,
            "eps_growth_yearly": 571.68
        },
        "20073": {
            "year_quarter": 20073,
            "year": 2007,
            "quarter": 3,
            "eps": 0.07,
            "eps_growth_year": 16.67,
            "eps_4q": 0.3,
            "eps_4q_growth_year": 60.63,
            "roe": 0.35,
            "roe_4q": 1.47,
            "gross_profit": 9817,
            "gross_margin": 62.35,
            "gross_margin_4q_avg": 62.76,
            "net_income": 4912,
            "net_income_4q": null,
            "revenue": 15744,
            "revenue_4q": null,
            "common_shares": 720000,
            "book_valuer_per_share": 19.72,
            "book_valuer_per_share_4q_avg": 19.74,
            "equity": 1419579,
            "current_ratio": 802.71,
            "debt_ratio": 25.32,
            "inventory_turnover_ratio": null,
            "account_receivable_turnover_ratio": null,
            "reinvestment_rate": -69.59,
            "research_to_sale_ratio": null,
            "price_fair": 11.11,
            "eps_avg_yearly": 0.32,
            "eps_latest_yearly": 0.28,
            "eps_growth_yearly": 533.57
        },
        "20074": {
            "year_quarter": 20074,
            "year": 2007,
            "quarter": 4,
            "eps": 0.06,
            "eps_growth_year": 50,
            "eps_4q": 0.31,
            "eps_4q_growth_year": 62.73,
            "roe": 0.3,
            "roe_4q": 1.5899999999999999,
            "gross_profit": 10383,
            "gross_margin": 65.72,
            "gross_margin_4q_avg": 64.18,
            "net_income": 4289,
            "net_income_4q": null,
            "revenue": 15799,
            "revenue_4q": null,
            "common_shares": 720000,
            "book_valuer_per_share": 19.78,
            "book_valuer_per_share_4q_avg": 19.75,
            "equity": 1423869,
            "current_ratio": 941.09,
            "debt_ratio": 25.23,
            "inventory_turnover_ratio": null,
            "account_receivable_turnover_ratio": null,
            "reinvestment_rate": -65.94,
            "research_to_sale_ratio": null,
            "price_fair": 10.94,
            "eps_avg_yearly": 0.31,
            "eps_latest_yearly": 0.24,
            "eps_growth_yearly": 496.65
        },
        "20081": {
            "year_quarter": 20081,
            "year": 2008,
            "quarter": 1,
            "eps": 0.07,
            "eps_growth_year": -41.67,
            "eps_4q": 0.28,
            "eps_4q_growth_year": 12.86,
            "roe": 0.33,
            "roe_4q": 1.33,
            "gross_profit": 9905,
            "gross_margin": 65.25,
            "gross_margin_4q_avg": 64.68,
            "net_income": 4744,
            "net_income_4q": null,
            "revenue": 15180,
            "revenue_4q": null,
            "common_shares": 720000,
            "book_valuer_per_share": 19.85,
            "book_valuer_per_share_4q_avg": 19.75,
            "equity": 1428988,
            "current_ratio": 800.92,
            "debt_ratio": 25.25,
            "inventory_turnover_ratio": null,
            "account_receivable_turnover_ratio": null,
            "reinvestment_rate": -63.79,
            "research_to_sale_ratio": null,
            "price_fair": 11.29,
            "eps_avg_yearly": 0.32,
            "eps_latest_yearly": 0.28,
            "eps_growth_yearly": 450.82
        },
        "20082": {
            "year_quarter": 20082,
            "year": 2008,
            "quarter": 2,
            "eps": 0.06,
            "eps_growth_year": -14.29,
            "eps_4q": 0.25,
            "eps_4q_growth_year": -11.3,
            "roe": 0.31,
            "roe_4q": 1.29,
            "gross_profit": 10436,
            "gross_margin": 67.22,
            "gross_margin_4q_avg": 65.14,
            "net_income": 4401,
            "net_income_4q": null,
            "revenue": 15524,
            "revenue_4q": null,
            "common_shares": 720000,
            "book_valuer_per_share": 19.63,
            "book_valuer_per_share_4q_avg": 19.75,
            "equity": 1413072,
            "current_ratio": 292.12,
            "debt_ratio": 26.21,
            "inventory_turnover_ratio": null,
            "account_receivable_turnover_ratio": null,
            "reinvestment_rate": -61.41,
            "research_to_sale_ratio": null,
            "price_fair": 11.55,
            "eps_avg_yearly": 0.33,
            "eps_latest_yearly": 0.24,
            "eps_growth_yearly": 447.24
        },
        "20083": {
            "year_quarter": 20083,
            "year": 2008,
            "quarter": 3,
            "eps": 0.06,
            "eps_growth_year": -14.29,
            "eps_4q": 0.24,
            "eps_4q_growth_year": -20.1,
            "roe": 0.32,
            "roe_4q": 1.26,
            "gross_profit": 10744,
            "gross_margin": 68.12,
            "gross_margin_4q_avg": 66.58,
            "net_income": 4576,
            "net_income_4q": null,
            "revenue": 15773,
            "revenue_4q": null,
            "common_shares": 720000,
            "book_valuer_per_share": 19.69,
            "book_valuer_per_share_4q_avg": 19.74,
            "equity": 1417369,
            "current_ratio": 836.66,
            "debt_ratio": 25.35,
            "inventory_turnover_ratio": null,
            "account_receivable_turnover_ratio": null,
            "reinvestment_rate": -59.73,
            "research_to_sale_ratio": null,
            "price_fair": 11.81,
            "eps_avg_yearly": 0.34,
            "eps_latest_yearly": 0.24,
            "eps_growth_yearly": 447.24
        },
        "20084": {
            "year_quarter": 20084,
            "year": 2008,
            "quarter": 4,
            "eps": 0.06,
            "eps_growth_year": 0,
            "eps_4q": 0.27,
            "eps_4q_growth_year": -15.28,
            "roe": 0.28,
            "roe_4q": 1.2400000000000002,
            "gross_profit": 9624,
            "gross_margin": 61.56,
            "gross_margin_4q_avg": 65.54,
            "net_income": 3985,
            "net_income_4q": null,
            "revenue": 15634,
            "revenue_4q": null,
            "common_shares": 720000,
            "book_valuer_per_share": 19.74,
            "book_valuer_per_share_4q_avg": 19.73,
            "equity": 1421392,
            "current_ratio": 889.39,
            "debt_ratio": 25.16,
            "inventory_turnover_ratio": null,
            "account_receivable_turnover_ratio": 9.91,
            "reinvestment_rate": -58.03,
            "research_to_sale_ratio": null,
            "price_fair": 12.08,
            "eps_avg_yearly": 0.35,
            "eps_latest_yearly": 0.24,
            "eps_growth_yearly": 447.24
        },
        "20091": {
            "year_quarter": 20091,
            "year": 2009,
            "quarter": 1,
            "eps": 0.07,
            "eps_growth_year": 0,
            "eps_4q": 0.25,
            "eps_4q_growth_year": -10.81,
            "roe": 0.36,
            "roe_4q": 1.27,
            "gross_profit": 9384,
            "gross_margin": 65.41,
            "gross_margin_4q_avg": 65.58,
            "net_income": 5088,
            "net_income_4q": null,
            "revenue": 14346,
            "revenue_4q": null,
            "common_shares": 720000,
            "book_valuer_per_share": 19.81,
            "book_valuer_per_share_4q_avg": 19.72,
            "equity": 1426014,
            "current_ratio": 816.55,
            "debt_ratio": 25.17,
            "inventory_turnover_ratio": null,
            "account_receivable_turnover_ratio": 4.6,
            "reinvestment_rate": -56.39,
            "research_to_sale_ratio": null,
            "price_fair": 12.43,
            "eps_avg_yearly": 0.36,
            "eps_latest_yearly": 0.28,
            "eps_growth_yearly": 451.41
        },
        "20092": {
            "year_quarter": 20092,
            "year": 2009,
            "quarter": 2,
            "eps": 0.06,
            "eps_growth_year": 0,
            "eps_4q": 0.24,
            "eps_4q_growth_year": -2.89,
            "roe": 0.32,
            "roe_4q": 1.28,
            "gross_profit": 9570,
            "gross_margin": 63.77,
            "gross_margin_4q_avg": 64.72,
            "net_income": 4478,
            "net_income_4q": null,
            "revenue": 15008,
            "revenue_4q": null,
            "common_shares": 720000,
            "book_valuer_per_share": 19.65,
            "book_valuer_per_share_4q_avg": 19.72,
            "equity": 1414651,
            "current_ratio": 343.97,
            "debt_ratio": 25.92,
            "inventory_turnover_ratio": null,
            "account_receivable_turnover_ratio": 4.21,
            "reinvestment_rate": -34.87,
            "research_to_sale_ratio": null,
            "price_fair": 8.31,
            "eps_avg_yearly": 0.24,
            "eps_latest_yearly": 0.24,
            "eps_growth_yearly": 31.17
        },
        "20093": {
            "year_quarter": 20093,
            "year": 2009,
            "quarter": 3,
            "eps": 0.06,
            "eps_growth_year": 0,
            "eps_4q": 0.24,
            "eps_4q_growth_year": 3.02,
            "roe": 0.31,
            "roe_4q": 1.27,
            "gross_profit": 10088,
            "gross_margin": 65.21,
            "gross_margin_4q_avg": 63.99,
            "net_income": 4436,
            "net_income_4q": null,
            "revenue": 15469,
            "revenue_4q": null,
            "common_shares": 720000,
            "book_valuer_per_share": 19.71,
            "book_valuer_per_share_4q_avg": 19.73,
            "equity": 1419087,
            "current_ratio": 933.83,
            "debt_ratio": 25.21,
            "inventory_turnover_ratio": null,
            "account_receivable_turnover_ratio": 3.91,
            "reinvestment_rate": -33.67,
            "research_to_sale_ratio": null,
            "price_fair": 8.49,
            "eps_avg_yearly": 0.24,
            "eps_latest_yearly": 0.24,
            "eps_growth_yearly": 54.29
        },
        "20094": {
            "year_quarter": 20094,
            "year": 2009,
            "quarter": 4,
            "eps": 0.05,
            "eps_growth_year": -16.67,
            "eps_4q": 0.25,
            "eps_4q_growth_year": -7.49,
            "roe": 0.26,
            "roe_4q": 1.25,
            "gross_profit": 9860,
            "gross_margin": 63.09,
            "gross_margin_4q_avg": 64.37,
            "net_income": 3754,
            "net_income_4q": null,
            "revenue": 15629,
            "revenue_4q": null,
            "common_shares": 720000,
            "book_valuer_per_share": 19.76,
            "book_valuer_per_share_4q_avg": 19.73,
            "equity": 1422841,
            "current_ratio": 969.75,
            "debt_ratio": 25.13,
            "inventory_turnover_ratio": null,
            "account_receivable_turnover_ratio": 8.96,
            "reinvestment_rate": -7.59,
            "research_to_sale_ratio": null,
            "price_fair": 8.66,
            "eps_avg_yearly": 0.25,
            "eps_latest_yearly": 0.2,
            "eps_growth_yearly": 56.37
        },
        "20101": {
            "year_quarter": 20101,
            "year": 2010,
            "quarter": 1,
            "eps": 0.09,
            "eps_growth_year": 28.57,
            "eps_4q": 0.25,
            "eps_4q_growth_year": -0.01,
            "roe": 0.37,
            "roe_4q": 1.26,
            "gross_profit": 10234,
            "gross_margin": 68.5,
            "gross_margin_4q_avg": 65.14,
            "net_income": 5209,
            "net_income_4q": null,
            "revenue": 14941,
            "revenue_4q": null,
            "common_shares": 720000,
            "book_valuer_per_share": 19.83,
            "book_valuer_per_share_4q_avg": 19.74,
            "equity": 1428050,
            "current_ratio": 953.11,
            "debt_ratio": 25.09,
            "inventory_turnover_ratio": null,
            "account_receivable_turnover_ratio": 4.5,
            "reinvestment_rate": -6.79,
            "research_to_sale_ratio": null,
            "price_fair": 9.01,
            "eps_avg_yearly": 0.26,
            "eps_latest_yearly": 0.36,
            "eps_growth_yearly": 59.7
        },
        "20102": {
            "year_quarter": 20102,
            "year": 2010,
            "quarter": 2,
            "eps": 0.07,
            "eps_growth_year": 24.98,
            "eps_4q": 0.26,
            "eps_4q_growth_year": 7.49,
            "roe": 0.38,
            "roe_4q": 1.32,
            "gross_profit": 9993,
            "gross_margin": 66.9,
            "gross_margin_4q_avg": 65.93,
            "net_income": 5399,
            "net_income_4q": null,
            "revenue": 14937,
            "revenue_4q": null,
            "common_shares": 720000,
            "book_valuer_per_share": 19.69,
            "book_valuer_per_share_4q_avg": 19.75,
            "equity": 1417321,
            "current_ratio": 376.08,
            "debt_ratio": 25.84,
            "inventory_turnover_ratio": null,
            "account_receivable_turnover_ratio": 4.55,
            "reinvestment_rate": -6.03,
            "research_to_sale_ratio": null,
            "price_fair": 9.36,
            "eps_avg_yearly": 0.27,
            "eps_latest_yearly": 0.28,
            "eps_growth_yearly": 64.15
        },
        "20103": {
            "year_quarter": 20103,
            "year": 2010,
            "quarter": 3,
            "eps": 0.06,
            "eps_growth_year": -6.67,
            "eps_4q": 0.26,
            "eps_4q_growth_year": 5.01,
            "roe": 0.28,
            "roe_4q": 1.29,
            "gross_profit": 9321,
            "gross_margin": 62.06,
            "gross_margin_4q_avg": 65.14,
            "net_income": 4032,
            "net_income_4q": null,
            "revenue": 15020,
            "revenue_4q": null,
            "common_shares": 720000,
            "book_valuer_per_share": 19.74,
            "book_valuer_per_share_4q_avg": 19.76,
            "equity": 1421353,
            "current_ratio": 955.43,
            "debt_ratio": 25.16,
            "inventory_turnover_ratio": null,
            "account_receivable_turnover_ratio": 4.13,
            "reinvestment_rate": -5.14,
            "research_to_sale_ratio": null,
            "price_fair": 9.36,
            "eps_avg_yearly": 0.27,
            "eps_latest_yearly": 0.24,
            "eps_growth_yearly": 35.58
        },
        "20104": {
            "year_quarter": 20104,
            "year": 2010,
            "quarter": 4,
            "eps": 0.06,
            "eps_growth_year": 11.44,
            "eps_4q": 0.26,
            "eps_4q_growth_year": 5.05,
            "roe": 0.28,
            "roe_4q": 1.31,
            "gross_profit": 9517,
            "gross_margin": 62.08,
            "gross_margin_4q_avg": 64.89,
            "net_income": 4012,
            "net_income_4q": null,
            "revenue": 15330,
            "revenue_4q": null,
            "common_shares": 720000,
            "book_valuer_per_share": 19.8,
            "book_valuer_per_share_4q_avg": 19.77,
            "equity": 1425365,
            "current_ratio": 1021.59,
            "debt_ratio": 25.11,
            "inventory_turnover_ratio": null,
            "account_receivable_turnover_ratio": 3.88,
            "reinvestment_rate": -4.39,
            "research_to_sale_ratio": null,
            "price_fair": 9.54,
            "eps_avg_yearly": 0.27,
            "eps_latest_yearly": 0.24,
            "eps_growth_yearly": 43.91
        },
        "20111": {
            "year_quarter": 20111,
            "year": 2011,
            "quarter": 1,
            "eps": 0.05,
            "eps_growth_year": -44.44,
            "eps_4q": 0.24,
            "eps_4q_growth_year": -3.28,
            "roe": 0.27,
            "roe_4q": 1.21,
            "gross_profit": 10466,
            "gross_margin": 66.86,
            "gross_margin_4q_avg": 64.48,
            "net_income": 3848,
            "net_income_4q": null,
            "revenue": 15653,
            "revenue_4q": null,
            "common_shares": 720000,
            "book_valuer_per_share": 19.85,
            "book_valuer_per_share_4q_avg": 19.77,
            "equity": 1429213,
            "current_ratio": 1048.7,
            "debt_ratio": 25.06,
            "inventory_turnover_ratio": null,
            "account_receivable_turnover_ratio": 4.06,
            "reinvestment_rate": 1.22,
            "research_to_sale_ratio": null,
            "price_fair": 0.77,
            "eps_avg_yearly": 0.26,
            "eps_latest_yearly": 0.2,
            "eps_growth_yearly": -10.26
        },
        "20112": {
            "year_quarter": 20112,
            "year": 2011,
            "quarter": 2,
            "eps": 0.07,
            "eps_growth_year": -11.82,
            "eps_4q": 0.23,
            "eps_4q_growth_year": -11.41,
            "roe": 0.33,
            "roe_4q": 1.1600000000000001,
            "gross_profit": 10370,
            "gross_margin": 63.18,
            "gross_margin_4q_avg": 63.55,
            "net_income": 4761,
            "net_income_4q": null,
            "revenue": 16414,
            "revenue_4q": null,
            "common_shares": 720000,
            "book_valuer_per_share": 19.68,
            "book_valuer_per_share_4q_avg": 19.77,
            "equity": 1417183,
            "current_ratio": 379.88,
            "debt_ratio": 25.88,
            "inventory_turnover_ratio": null,
            "account_receivable_turnover_ratio": 3.92,
            "reinvestment_rate": 1.49,
            "research_to_sale_ratio": null,
            "price_fair": 5.14,
            "eps_avg_yearly": 0.26,
            "eps_latest_yearly": 0.28,
            "eps_growth_yearly": 10.16
        },
        "20113": {
            "year_quarter": 20113,
            "year": 2011,
            "quarter": 3,
            "eps": 0.08,
            "eps_growth_year": 50.3,
            "eps_4q": 0.26,
            "eps_4q_growth_year": 1.56,
            "roe": 0.43,
            "roe_4q": 1.31,
            "gross_profit": 12097,
            "gross_margin": 66.48,
            "gross_margin_4q_avg": 64.65,
            "net_income": 6060,
            "net_income_4q": null,
            "revenue": 18196,
            "revenue_4q": null,
            "common_shares": 720000,
            "book_valuer_per_share": 19.77,
            "book_valuer_per_share_4q_avg": 19.78,
            "equity": 1423243,
            "current_ratio": 1005.46,
            "debt_ratio": 25.21,
            "inventory_turnover_ratio": null,
            "account_receivable_turnover_ratio": 3.75,
            "reinvestment_rate": 3.91,
            "research_to_sale_ratio": null,
            "price_fair": 6.11,
            "eps_avg_yearly": 0.26,
            "eps_latest_yearly": 0.32,
            "eps_growth_yearly": 13.73
        },
        "20114": {
            "year_quarter": 20114,
            "year": 2011,
            "quarter": 4,
            "eps": 0.09,
            "eps_growth_year": 56.83,
            "eps_4q": 0.29,
            "eps_4q_growth_year": 12.38,
            "roe": 0.44,
            "roe_4q": 1.47,
            "gross_profit": 12146,
            "gross_margin": 64.07,
            "gross_margin_4q_avg": 65.15,
            "net_income": 6292,
            "net_income_4q": null,
            "revenue": 18956,
            "revenue_4q": null,
            "common_shares": 720000,
            "book_valuer_per_share": 19.85,
            "book_valuer_per_share_4q_avg": 19.79,
            "equity": 1429535,
            "current_ratio": 1001.3,
            "debt_ratio": 25.12,
            "inventory_turnover_ratio": null,
            "account_receivable_turnover_ratio": 3.81,
            "reinvestment_rate": 4,
            "research_to_sale_ratio": null,
            "price_fair": 8.06,
            "eps_avg_yearly": 0.27,
            "eps_latest_yearly": 0.36,
            "eps_growth_yearly": 20.43
        },
        "20121": {
            "year_quarter": 20121,
            "year": 2012,
            "quarter": 1,
            "eps": 0.28,
            "eps_growth_year": 460,
            "eps_4q": 0.51,
            "eps_4q_growth_year": 113.7,
            "roe": 1.38,
            "roe_4q": 2.58,
            "gross_profit": 11369,
            "gross_margin": 64.68,
            "gross_margin_4q_avg": 64.6,
            "net_income": 19838,
            "net_income_4q": null,
            "revenue": 17577,
            "revenue_4q": null,
            "common_shares": 720000,
            "book_valuer_per_share": 20.09,
            "book_valuer_per_share_4q_avg": 19.85,
            "equity": 1446638,
            "current_ratio": 1112.58,
            "debt_ratio": 24.88,
            "inventory_turnover_ratio": null,
            "account_receivable_turnover_ratio": 3.65,
            "reinvestment_rate": -4.1,
            "research_to_sale_ratio": null,
            "price_fair": 11.11,
            "eps_avg_yearly": 0.32,
            "eps_latest_yearly": 1.12,
            "eps_growth_yearly": 69.04
        },
        "20122": {
            "year_quarter": 20122,
            "year": 2012,
            "quarter": 2,
            "eps": 0.08,
            "eps_growth_year": 22.62,
            "eps_4q": 0.53,
            "eps_4q_growth_year": 128.36,
            "roe": 0.41,
            "roe_4q": 2.66,
            "gross_profit": 11830,
            "gross_margin": 66.19,
            "gross_margin_4q_avg": 65.36,
            "net_income": 5838,
            "net_income_4q": null,
            "revenue": 17874,
            "revenue_4q": null,
            "common_shares": 720000,
            "book_valuer_per_share": 19.91,
            "book_valuer_per_share_4q_avg": 19.91,
            "equity": 1433610,
            "current_ratio": 426.79,
            "debt_ratio": 25.76,
            "inventory_turnover_ratio": null,
            "account_receivable_turnover_ratio": 3.82,
            "reinvestment_rate": -4.06,
            "research_to_sale_ratio": null,
            "price_fair": 11.29,
            "eps_avg_yearly": 0.32,
            "eps_latest_yearly": 0.32,
            "eps_growth_yearly": 54.75
        },
        "20123": {
            "year_quarter": 20123,
            "year": 2012,
            "quarter": 3,
            "eps": 0.08,
            "eps_growth_year": -2.87,
            "eps_4q": 0.53,
            "eps_4q_growth_year": 102.63,
            "roe": 0.41,
            "roe_4q": 2.6399999999999997,
            "gross_profit": 11745,
            "gross_margin": 64.7,
            "gross_margin_4q_avg": 64.91,
            "net_income": 5886,
            "net_income_4q": null,
            "revenue": 18154,
            "revenue_4q": null,
            "common_shares": 720000,
            "book_valuer_per_share": 19.99,
            "book_valuer_per_share_4q_avg": 19.96,
            "equity": 1439496,
            "current_ratio": 1112.04,
            "debt_ratio": 24.96,
            "inventory_turnover_ratio": null,
            "account_receivable_turnover_ratio": 3.84,
            "reinvestment_rate": -3.84,
            "research_to_sale_ratio": null,
            "price_fair": 11.46,
            "eps_avg_yearly": 0.33,
            "eps_latest_yearly": 0.32,
            "eps_growth_yearly": 54.75
        },
        "20124": {
            "year_quarter": 20124,
            "year": 2012,
            "quarter": 4,
            "eps": -0.03,
            "eps_growth_year": -138.19,
            "eps_4q": 0.4,
            "eps_4q_growth_year": 39.11,
            "roe": -0.17,
            "roe_4q": 2.03,
            "gross_profit": 11921,
            "gross_margin": 65.1,
            "gross_margin_4q_avg": 65.17,
            "net_income": -2403,
            "net_income_4q": null,
            "revenue": 18311,
            "revenue_4q": null,
            "common_shares": 720000,
            "book_valuer_per_share": 19.96,
            "book_valuer_per_share_4q_avg": 19.99,
            "equity": 1437093,
            "current_ratio": 1279.73,
            "debt_ratio": 24.95,
            "inventory_turnover_ratio": null,
            "account_receivable_turnover_ratio": 3.89,
            "reinvestment_rate": -12.14,
            "research_to_sale_ratio": null,
            "price_fair": 11.67,
            "eps_avg_yearly": 0.33,
            "eps_latest_yearly": 0.32,
            "eps_growth_yearly": 58.4
        },
        "20131": {
            "year_quarter": 20131,
            "year": 2013,
            "quarter": 1,
            "eps": 0.09,
            "eps_growth_year": -67.86,
            "eps_4q": 0.22,
            "eps_4q_growth_year": -56.98,
            "roe": 0.46,
            "roe_4q": 1.1099999999999999,
            "gross_profit": 12149,
            "gross_margin": 68.62,
            "gross_margin_4q_avg": 66.15,
            "net_income": 6575,
            "net_income_4q": null,
            "revenue": 17704,
            "revenue_4q": null,
            "common_shares": 720000,
            "book_valuer_per_share": 20.05,
            "book_valuer_per_share_4q_avg": 19.98,
            "equity": 1443668,
            "current_ratio": 1238.21,
            "debt_ratio": 24.9,
            "inventory_turnover_ratio": null,
            "account_receivable_turnover_ratio": 4.07,
            "reinvestment_rate": -1788.75,
            "research_to_sale_ratio": null,
            "price_fair": 11.8,
            "eps_avg_yearly": 0.34,
            "eps_latest_yearly": 0.32,
            "eps_growth_yearly": 57.81
        },
        "20132": {
            "year_quarter": 20132,
            "year": 2013,
            "quarter": 2,
            "eps": 0.09,
            "eps_growth_year": 11,
            "eps_4q": 0.23,
            "eps_4q_growth_year": -57.05,
            "roe": 0.44,
            "roe_4q": 1.14,
            "gross_profit": 12215,
            "gross_margin": 67.4,
            "gross_margin_4q_avg": 66.46,
            "net_income": 6276,
            "net_income_4q": null,
            "revenue": 18123,
            "revenue_4q": null,
            "common_shares": 720000,
            "book_valuer_per_share": 19.77,
            "book_valuer_per_share_4q_avg": 19.94,
            "equity": 1423700,
            "current_ratio": 376.75,
            "debt_ratio": 26.15,
            "inventory_turnover_ratio": null,
            "account_receivable_turnover_ratio": 4.43,
            "reinvestment_rate": -1751.58,
            "research_to_sale_ratio": null,
            "price_fair": 12.1,
            "eps_avg_yearly": 0.35,
            "eps_latest_yearly": 0.36,
            "eps_growth_yearly": 61.89
        },
        "20133": {
            "year_quarter": 20133,
            "year": 2013,
            "quarter": 3,
            "eps": 0.09,
            "eps_growth_year": 10.09,
            "eps_4q": 0.26,
            "eps_4q_growth_year": -50.34,
            "roe": 0.47,
            "roe_4q": 1.2,
            "gross_profit": 12309,
            "gross_margin": 66.49,
            "gross_margin_4q_avg": 66.9,
            "net_income": 6470,
            "net_income_4q": null,
            "revenue": 18512,
            "revenue_4q": null,
            "common_shares": 648000,
            "book_valuer_per_share": 20.96,
            "book_valuer_per_share_4q_avg": 20.19,
            "equity": 1358170,
            "current_ratio": 138.07,
            "debt_ratio": 28.82,
            "inventory_turnover_ratio": null,
            "account_receivable_turnover_ratio": 3.98,
            "reinvestment_rate": -1711.61,
            "research_to_sale_ratio": null,
            "price_fair": 12.4,
            "eps_avg_yearly": 0.35,
            "eps_latest_yearly": 0.36,
            "eps_growth_yearly": 61.89
        },
        "20134": {
            "year_quarter": 20134,
            "year": 2013,
            "quarter": 4,
            "eps": 0.02,
            "eps_growth_year": null,
            "eps_4q": 0.31,
            "eps_4q_growth_year": -22.43,
            "roe": 0.08,
            "roe_4q": 1.45,
            "gross_profit": 8191,
            "gross_margin": 46.71,
            "gross_margin_4q_avg": 62.31,
            "net_income": 1035,
            "net_income_4q": null,
            "revenue": 17535,
            "revenue_4q": null,
            "common_shares": 648000,
            "book_valuer_per_share": 20.98,
            "book_valuer_per_share_4q_avg": 20.44,
            "equity": 1359205,
            "current_ratio": 471.96,
            "debt_ratio": 25.94,
            "inventory_turnover_ratio": null,
            "account_receivable_turnover_ratio": 3.3,
            "reinvestment_rate": -1781.05,
            "research_to_sale_ratio": null,
            "price_fair": 12.1,
            "eps_avg_yearly": 0.35,
            "eps_latest_yearly": 0.08,
            "eps_growth_yearly": 44.43
        },
        "20141": {
            "year_quarter": 20141,
            "year": 2014,
            "quarter": 1,
            "eps": 0.07,
            "eps_growth_year": -22.22,
            "eps_4q": 0.28,
            "eps_4q_growth_year": 25.85,
            "roe": 0.31,
            "roe_4q": 1.3,
            "gross_profit": 9719,
            "gross_margin": 59.45,
            "gross_margin_4q_avg": 60.01,
            "net_income": 4224,
            "net_income_4q": null,
            "revenue": 16347,
            "revenue_4q": null,
            "common_shares": 648000,
            "book_valuer_per_share": 21.04,
            "book_valuer_per_share_4q_avg": 20.69,
            "equity": 1363429,
            "current_ratio": 398.35,
            "debt_ratio": 25.93,
            "inventory_turnover_ratio": null,
            "account_receivable_turnover_ratio": 3.08,
            "reinvestment_rate": -1800.05,
            "research_to_sale_ratio": null,
            "price_fair": 11.9,
            "eps_avg_yearly": 0.34,
            "eps_latest_yearly": 0.28,
            "eps_growth_yearly": 93
        },
        "20142": {
            "year_quarter": 20142,
            "year": 2014,
            "quarter": 2,
            "eps": 0.85,
            "eps_growth_year": 844.44,
            "eps_4q": 1.03,
            "eps_4q_growth_year": 352.8,
            "roe": 3.97,
            "roe_4q": 4.83,
            "gross_profit": 9591,
            "gross_margin": 55.81,
            "gross_margin_4q_avg": 57.12,
            "net_income": 54836,
            "net_income_4q": null,
            "revenue": 17186,
            "revenue_4q": null,
            "common_shares": 648000,
            "book_valuer_per_share": 21.59,
            "book_valuer_per_share_4q_avg": 21.14,
            "equity": 1398825,
            "current_ratio": 390.29,
            "debt_ratio": 26.19,
            "inventory_turnover_ratio": null,
            "account_receivable_turnover_ratio": 3.19,
            "reinvestment_rate": -1152.65,
            "research_to_sale_ratio": null,
            "price_fair": 19.7,
            "eps_avg_yearly": 0.56,
            "eps_latest_yearly": 3.4,
            "eps_growth_yearly": 417.72
        },
        "20143": {
            "year_quarter": 20143,
            "year": 2014,
            "quarter": 3,
            "eps": 0.07,
            "eps_growth_year": -22.22,
            "eps_4q": 1,
            "eps_4q_growth_year": 281.9,
            "roe": 0.32,
            "roe_4q": 4.68,
            "gross_profit": 9936,
            "gross_margin": 57.23,
            "gross_margin_4q_avg": 54.8,
            "net_income": 4514,
            "net_income_4q": null,
            "revenue": 17363,
            "revenue_4q": null,
            "common_shares": 648000,
            "book_valuer_per_share": 21.66,
            "book_valuer_per_share_4q_avg": 21.32,
            "equity": 1403339,
            "current_ratio": 915.18,
            "debt_ratio": 25.35,
            "inventory_turnover_ratio": null,
            "account_receivable_turnover_ratio": 3.1,
            "reinvestment_rate": -1140.93,
            "research_to_sale_ratio": null,
            "price_fair": 19.8,
            "eps_avg_yearly": 0.57,
            "eps_latest_yearly": 0.28,
            "eps_growth_yearly": 395.58
        },
        "20144": {
            "year_quarter": 20144,
            "year": 2014,
            "quarter": 4,
            "eps": 0.04,
            "eps_growth_year": 145.03,
            "eps_4q": 1.02,
            "eps_4q_growth_year": 224.77,
            "roe": 0.18,
            "roe_4q": 4.78,
            "gross_profit": 11626,
            "gross_margin": 61.69,
            "gross_margin_4q_avg": 58.55,
            "net_income": 2536,
            "net_income_4q": null,
            "revenue": 18846,
            "revenue_4q": null,
            "common_shares": 648000,
            "book_valuer_per_share": 21.7,
            "book_valuer_per_share_4q_avg": 21.5,
            "equity": 1405875,
            "current_ratio": 1071.65,
            "debt_ratio": 25.25,
            "inventory_turnover_ratio": null,
            "account_receivable_turnover_ratio": 3.34,
            "reinvestment_rate": -1152.81,
            "research_to_sale_ratio": null,
            "price_fair": 19.6,
            "eps_avg_yearly": 0.56,
            "eps_latest_yearly": 0.16,
            "eps_growth_yearly": 383.34
        },
        "20151": {
            "year_quarter": 20151,
            "year": 2015,
            "quarter": 1,
            "eps": 0.1,
            "eps_growth_year": 42.86,
            "eps_4q": 1.05,
            "eps_4q_growth_year": 279.24,
            "roe": 0.45,
            "roe_4q": 4.92,
            "gross_profit": 11594,
            "gross_margin": 63.02,
            "gross_margin_4q_avg": 59.44,
            "net_income": 6396,
            "net_income_4q": null,
            "revenue": 18397,
            "revenue_4q": null,
            "common_shares": 648000,
            "book_valuer_per_share": 21.79,
            "book_valuer_per_share_4q_avg": 21.69,
            "equity": 1412271,
            "current_ratio": 935.35,
            "debt_ratio": 25.26,
            "inventory_turnover_ratio": null,
            "account_receivable_turnover_ratio": 3.25,
            "reinvestment_rate": -1131.26,
            "research_to_sale_ratio": null,
            "price_fair": 20.1,
            "eps_avg_yearly": 0.57,
            "eps_latest_yearly": 0.4,
            "eps_growth_yearly": 430.96
        },
        "20152": {
            "year_quarter": 20152,
            "year": 2015,
            "quarter": 2,
            "eps": 0.06,
            "eps_growth_year": -92.94,
            "eps_4q": 0.27,
            "eps_4q_growth_year": -73.64,
            "roe": 0.29,
            "roe_4q": 1.24,
            "gross_profit": 11813,
            "gross_margin": 62.3,
            "gross_margin_4q_avg": 61.06,
            "net_income": 4102,
            "net_income_4q": null,
            "revenue": 18963,
            "revenue_4q": null,
            "common_shares": 648000,
            "book_valuer_per_share": 21.16,
            "book_valuer_per_share_4q_avg": 21.58,
            "equity": 1371013,
            "current_ratio": 215.37,
            "debt_ratio": 27.61,
            "inventory_turnover_ratio": null,
            "account_receivable_turnover_ratio": 3.31,
            "reinvestment_rate": -1136.14,
            "research_to_sale_ratio": null,
            "price_fair": 20,
            "eps_avg_yearly": 0.57,
            "eps_latest_yearly": 0.24,
            "eps_growth_yearly": 408.1
        },
        "20153": {
            "year_quarter": 20153,
            "year": 2015,
            "quarter": 3,
            "eps": 0.09,
            "eps_growth_year": 28.57,
            "eps_4q": 0.29,
            "eps_4q_growth_year": -70.57,
            "roe": 0.44,
            "roe_4q": 1.3599999999999999,
            "gross_profit": 11783,
            "gross_margin": 62.23,
            "gross_margin_4q_avg": 62.31,
            "net_income": 5983,
            "net_income_4q": null,
            "revenue": 18934,
            "revenue_4q": null,
            "common_shares": 648000,
            "book_valuer_per_share": 21.25,
            "book_valuer_per_share_4q_avg": 21.48,
            "equity": 1376996,
            "current_ratio": 637.76,
            "debt_ratio": 25.79,
            "inventory_turnover_ratio": null,
            "account_receivable_turnover_ratio": 3.2,
            "reinvestment_rate": -1137.4,
            "research_to_sale_ratio": null,
            "price_fair": 20.1,
            "eps_avg_yearly": 0.57,
            "eps_latest_yearly": 0.36,
            "eps_growth_yearly": 418.31
        },
        "20154": {
            "year_quarter": 20154,
            "year": 2015,
            "quarter": 4,
            "eps": -0.01,
            "eps_growth_year": -113.92,
            "eps_4q": 0.25,
            "eps_4q_growth_year": -75.6,
            "roe": -0.03,
            "roe_4q": 1.15,
            "gross_profit": 11111,
            "gross_margin": 58.26,
            "gross_margin_4q_avg": 61.45,
            "net_income": -353,
            "net_income_4q": null,
            "revenue": 19072,
            "revenue_4q": null,
            "common_shares": 648000,
            "book_valuer_per_share": 21.24,
            "book_valuer_per_share_4q_avg": 21.36,
            "equity": 1376643,
            "current_ratio": 495.16,
            "debt_ratio": 25.99,
            "inventory_turnover_ratio": null,
            "account_receivable_turnover_ratio": 3.14,
            "reinvestment_rate": -1194.23,
            "research_to_sale_ratio": null,
            "price_fair": 20.68,
            "eps_avg_yearly": 0.59,
            "eps_latest_yearly": 0.36,
            "eps_growth_yearly": 446.64
        },
        "20161": {
            "year_quarter": 20161,
            "year": 2016,
            "quarter": 1,
            "eps": 0.09,
            "eps_growth_year": -10,
            "eps_4q": 0.24,
            "eps_4q_growth_year": -77.51,
            "roe": 0.41,
            "roe_4q": 1.11,
            "gross_profit": 11282,
            "gross_margin": 61.56,
            "gross_margin_4q_avg": 61.09,
            "net_income": 5628,
            "net_income_4q": null,
            "revenue": 18327,
            "revenue_4q": null,
            "common_shares": 648000,
            "book_valuer_per_share": 21.33,
            "book_valuer_per_share_4q_avg": 21.25,
            "equity": 1382271,
            "current_ratio": 494.9,
            "debt_ratio": 25.98,
            "inventory_turnover_ratio": null,
            "account_receivable_turnover_ratio": 3.14,
            "reinvestment_rate": -1332.18,
            "research_to_sale_ratio": null,
            "price_fair": 19.13,
            "eps_avg_yearly": 0.55,
            "eps_latest_yearly": 0.36,
            "eps_growth_yearly": 413.49
        },
        "20162": {
            "year_quarter": 20162,
            "year": 2016,
            "quarter": 2,
            "eps": 0.1,
            "eps_growth_year": 66.67,
            "eps_4q": 0.27,
            "eps_4q_growth_year": -0.4,
            "roe": 0.45,
            "roe_4q": 1.27,
            "gross_profit": 12226,
            "gross_margin": 62.36,
            "gross_margin_4q_avg": 61.1,
            "net_income": 6219,
            "net_income_4q": null,
            "revenue": 19607,
            "revenue_4q": null,
            "common_shares": 648000,
            "book_valuer_per_share": 20.93,
            "book_valuer_per_share_4q_avg": 21.19,
            "equity": 1356090,
            "current_ratio": 228.54,
            "debt_ratio": 27.23,
            "inventory_turnover_ratio": null,
            "account_receivable_turnover_ratio": 3.45,
            "reinvestment_rate": -1326.73,
            "research_to_sale_ratio": null,
            "price_fair": 19.37,
            "eps_avg_yearly": 0.55,
            "eps_latest_yearly": 0.4,
            "eps_growth_yearly": 441
        },
        "20163": {
            "year_quarter": 20163,
            "year": 2016,
            "quarter": 3,
            "eps": 0.09,
            "eps_growth_year": 0,
            "eps_4q": 0.27,
            "eps_4q_growth_year": -9.42,
            "roe": 0.42,
            "roe_4q": 1.25,
            "gross_profit": 11746,
            "gross_margin": 60.7,
            "gross_margin_4q_avg": 60.72,
            "net_income": 5731,
            "net_income_4q": null,
            "revenue": 19352,
            "revenue_4q": null,
            "common_shares": 648000,
            "book_valuer_per_share": 21.02,
            "book_valuer_per_share_4q_avg": 21.13,
            "equity": 1361821,
            "current_ratio": 657.22,
            "debt_ratio": 25.87,
            "inventory_turnover_ratio": null,
            "account_receivable_turnover_ratio": 3.36,
            "reinvestment_rate": -1327.92,
            "research_to_sale_ratio": null,
            "price_fair": 19.48,
            "eps_avg_yearly": 0.56,
            "eps_latest_yearly": 0.36,
            "eps_growth_yearly": 437.67
        },
        "20164": {
            "year_quarter": 20164,
            "year": 2016,
            "quarter": 4,
            "eps": 0.05,
            "eps_growth_year": null,
            "eps_4q": 0.32,
            "eps_4q_growth_year": 29.64,
            "roe": 0.24,
            "roe_4q": 1.5199999999999998,
            "gross_profit": 9512,
            "gross_margin": 47.69,
            "gross_margin_4q_avg": 58.08,
            "net_income": 3331,
            "net_income_4q": null,
            "revenue": 19945,
            "revenue_4q": null,
            "common_shares": 648000,
            "book_valuer_per_share": 21.07,
            "book_valuer_per_share_4q_avg": 21.09,
            "equity": 1365152,
            "current_ratio": 736.51,
            "debt_ratio": 25.77,
            "inventory_turnover_ratio": null,
            "account_receivable_turnover_ratio": 3.47,
            "reinvestment_rate": -1259.99,
            "research_to_sale_ratio": null,
            "price_fair": 18.52,
            "eps_avg_yearly": 0.53,
            "eps_latest_yearly": 0.2,
            "eps_growth_yearly": 390.32
        },
        "20171": {
            "year_quarter": 20171,
            "year": 2017,
            "quarter": 1,
            "eps": 0.09,
            "eps_growth_year": 0,
            "eps_4q": 0.33,
            "eps_4q_growth_year": 38.42,
            "roe": 0.44,
            "roe_4q": 1.5499999999999998,
            "gross_profit": 11883,
            "gross_margin": 60.72,
            "gross_margin_4q_avg": 57.87,
            "net_income": 5981,
            "net_income_4q": null,
            "revenue": 19571,
            "revenue_4q": null,
            "common_shares": 648000,
            "book_valuer_per_share": 21.16,
            "book_valuer_per_share_4q_avg": 21.05,
            "equity": 1371133,
            "current_ratio": 665.14,
            "debt_ratio": 25.79,
            "inventory_turnover_ratio": null,
            "account_receivable_turnover_ratio": 3.36,
            "reinvestment_rate": 7.03,
            "research_to_sale_ratio": null,
            "price_fair": 18.1,
            "eps_avg_yearly": 0.52,
            "eps_latest_yearly": 0.36,
            "eps_growth_yearly": 385.3
        },
        "20172": {
            "year_quarter": 20172,
            "year": 2017,
            "quarter": 2,
            "eps": 0.06,
            "eps_growth_year": -40,
            "eps_4q": 0.29,
            "eps_4q_growth_year": 8.34,
            "roe": 0.29,
            "roe_4q": 1.39,
            "gross_profit": 12074,
            "gross_margin": 59.26,
            "gross_margin_4q_avg": 57.09,
            "net_income": 3891,
            "net_income_4q": null,
            "revenue": 20376,
            "revenue_4q": null,
            "common_shares": 648000,
            "book_valuer_per_share": 20.92,
            "book_valuer_per_share_4q_avg": 21.04,
            "equity": 1355584,
            "current_ratio": 260.73,
            "debt_ratio": 26.82,
            "inventory_turnover_ratio": null,
            "account_receivable_turnover_ratio": 3.85,
            "reinvestment_rate": 10.01,
            "research_to_sale_ratio": null,
            "price_fair": 17.8,
            "eps_avg_yearly": 0.51,
            "eps_latest_yearly": 0.24,
            "eps_growth_yearly": 375.78
        },
        "20173": {
            "year_quarter": 20173,
            "year": 2017,
            "quarter": 3,
            "eps": 0.08,
            "eps_growth_year": -11.11,
            "eps_4q": 0.29,
            "eps_4q_growth_year": 8,
            "roe": 0.4,
            "roe_4q": 1.3699999999999999,
            "gross_profit": 11424,
            "gross_margin": 58.24,
            "gross_margin_4q_avg": 56.48,
            "net_income": 5400,
            "net_income_4q": null,
            "revenue": 19615,
            "revenue_4q": null,
            "common_shares": 648000,
            "book_valuer_per_share": 21,
            "book_valuer_per_share_4q_avg": 21.04,
            "equity": 1360984,
            "current_ratio": 536.47,
            "debt_ratio": 25.97,
            "inventory_turnover_ratio": null,
            "account_receivable_turnover_ratio": 4.21,
            "reinvestment_rate": 8.42,
            "research_to_sale_ratio": null,
            "price_fair": 17.7,
            "eps_avg_yearly": 0.51,
            "eps_latest_yearly": 0.32,
            "eps_growth_yearly": 385.3
        },
        "20174": {
            "year_quarter": 20174,
            "year": 2017,
            "quarter": 4,
            "eps": 0.08,
            "eps_growth_year": 46.26,
            "eps_4q": 0.31,
            "eps_4q_growth_year": -3.66,
            "roe": 0.36,
            "roe_4q": 1.49,
            "gross_profit": 11189,
            "gross_margin": 56.85,
            "gross_margin_4q_avg": 58.77,
            "net_income": 4872,
            "net_income_4q": null,
            "revenue": 19681,
            "revenue_4q": null,
            "common_shares": 648000,
            "book_valuer_per_share": 21.08,
            "book_valuer_per_share_4q_avg": 21.04,
            "equity": 1365856,
            "current_ratio": 720.96,
            "debt_ratio": 25.81,
            "inventory_turnover_ratio": null,
            "account_receivable_turnover_ratio": 4.18,
            "reinvestment_rate": 8.04,
            "research_to_sale_ratio": null,
            "price_fair": 18.3,
            "eps_avg_yearly": 0.52,
            "eps_latest_yearly": 0.32,
            "eps_growth_yearly": 407.52
        },
        "20181": {
            "year_quarter": 20181,
            "year": 2018,
            "quarter": 1,
            "eps": 0.09,
            "eps_growth_year": 0,
            "eps_4q": 0.3,
            "eps_4q_growth_year": -7.4,
            "roe": 0.4,
            "roe_4q": 1.4500000000000002,
            "gross_profit": 11907,
            "gross_margin": 59.29,
            "gross_margin_4q_avg": 58.41,
            "net_income": 5525,
            "net_income_4q": null,
            "revenue": 20081,
            "revenue_4q": null,
            "common_shares": 648000,
            "book_valuer_per_share": 21.18,
            "book_valuer_per_share_4q_avg": 21.05,
            "equity": 1372270,
            "current_ratio": 638.95,
            "debt_ratio": 25.83,
            "inventory_turnover_ratio": null,
            "account_receivable_turnover_ratio": 4.18,
            "reinvestment_rate": 1.63,
            "research_to_sale_ratio": null,
            "price_fair": 18.5,
            "eps_avg_yearly": 0.53,
            "eps_latest_yearly": 0.36,
            "eps_growth_yearly": 339.67
        },
        "20182": {
            "year_quarter": 20182,
            "year": 2018,
            "quarter": 2,
            "eps": 0.09,
            "eps_growth_year": 50,
            "eps_4q": 0.33,
            "eps_4q_growth_year": 13.38,
            "roe": 0.42,
            "roe_4q": 1.58,
            "gross_profit": 12109,
            "gross_margin": 59.11,
            "gross_margin_4q_avg": 58.37,
            "net_income": 5671,
            "net_income_4q": null,
            "revenue": 20487,
            "revenue_4q": null,
            "common_shares": 648000,
            "book_valuer_per_share": 20.96,
            "book_valuer_per_share_4q_avg": 21.06,
            "equity": 1358501,
            "current_ratio": 275.39,
            "debt_ratio": 26.8,
            "inventory_turnover_ratio": null,
            "account_receivable_turnover_ratio": 4.23,
            "reinvestment_rate": 2.17,
            "research_to_sale_ratio": null,
            "price_fair": 9.75,
            "eps_avg_yearly": 0.31,
            "eps_latest_yearly": 0.36,
            "eps_growth_yearly": 21.3
        },
        "20183": {
            "year_quarter": 20183,
            "year": 2018,
            "quarter": 3,
            "eps": 0.07,
            "eps_growth_year": -12.5,
            "eps_4q": 0.32,
            "eps_4q_growth_year": 11.01,
            "roe": 0.34,
            "roe_4q": 1.52,
            "gross_profit": 11815,
            "gross_margin": 57.79,
            "gross_margin_4q_avg": 58.26,
            "net_income": 4583,
            "net_income_4q": null,
            "revenue": 20446,
            "revenue_4q": null,
            "common_shares": 648000,
            "book_valuer_per_share": 21.04,
            "book_valuer_per_share_4q_avg": 21.07,
            "equity": 1363084,
            "current_ratio": 538.45,
            "debt_ratio": 26,
            "inventory_turnover_ratio": null,
            "account_receivable_turnover_ratio": 4.02,
            "reinvestment_rate": -11.05,
            "research_to_sale_ratio": null,
            "price_fair": 10.9,
            "eps_avg_yearly": 0.31,
            "eps_latest_yearly": 0.28,
            "eps_growth_yearly": 41.17
        },
        "20184": {
            "year_quarter": 20184,
            "year": 2018,
            "quarter": 4,
            "eps": 0.05,
            "eps_growth_year": -35.28,
            "eps_4q": 0.29,
            "eps_4q_growth_year": -6.02,
            "roe": 0.23,
            "roe_4q": 1.3900000000000001,
            "gross_profit": 10109,
            "gross_margin": 50.82,
            "gross_margin_4q_avg": 56.75,
            "net_income": 3153,
            "net_income_4q": null,
            "revenue": 19890,
            "revenue_4q": null,
            "common_shares": 648000,
            "book_valuer_per_share": 21.09,
            "book_valuer_per_share_4q_avg": 21.07,
            "equity": 1366713,
            "current_ratio": 726.3,
            "debt_ratio": 25.78,
            "inventory_turnover_ratio": null,
            "account_receivable_turnover_ratio": 4.27,
            "reinvestment_rate": -7.75,
            "research_to_sale_ratio": null,
            "price_fair": 11,
            "eps_avg_yearly": 0.31,
            "eps_latest_yearly": 0.2,
            "eps_growth_yearly": 45.25
        },
        "20191": {
            "year_quarter": 20191,
            "year": 2019,
            "quarter": 1,
            "eps": 0.08,
            "eps_growth_year": -11.11,
            "eps_4q": 0.29,
            "eps_4q_growth_year": -6.14,
            "roe": 0.37,
            "roe_4q": 1.3599999999999999,
            "gross_profit": 11489,
            "gross_margin": 57.81,
            "gross_margin_4q_avg": 56.38,
            "net_income": 5073,
            "net_income_4q": null,
            "revenue": 19874,
            "revenue_4q": null,
            "common_shares": 648000,
            "book_valuer_per_share": 21.17,
            "book_valuer_per_share_4q_avg": 21.07,
            "equity": 1371786,
            "current_ratio": 629.05,
            "debt_ratio": 25.82,
            "inventory_turnover_ratio": null,
            "account_receivable_turnover_ratio": 5,
            "reinvestment_rate": -7.78,
            "research_to_sale_ratio": null,
            "price_fair": 9.11,
            "eps_avg_yearly": 0.31,
            "eps_latest_yearly": 0.32,
            "eps_growth_yearly": 19.54
        },
        "20192": {
            "year_quarter": 20192,
            "year": 2019,
            "quarter": 2,
            "eps": 0.08,
            "eps_growth_year": -11.11,
            "eps_4q": 0.28,
            "eps_4q_growth_year": -15.76,
            "roe": 0.39,
            "roe_4q": 1.33,
            "gross_profit": 11329,
            "gross_margin": 55.54,
            "gross_margin_4q_avg": 55.49,
            "net_income": 5276,
            "net_income_4q": null,
            "revenue": 20399,
            "revenue_4q": null,
            "common_shares": 648000,
            "book_valuer_per_share": 20.95,
            "book_valuer_per_share_4q_avg": 21.06,
            "equity": 1357622,
            "current_ratio": 270.43,
            "debt_ratio": 26.84,
            "inventory_turnover_ratio": null,
            "account_receivable_turnover_ratio": 5.03,
            "reinvestment_rate": -8.38,
            "research_to_sale_ratio": null,
            "price_fair": 11,
            "eps_avg_yearly": 0.31,
            "eps_latest_yearly": 0.32,
            "eps_growth_yearly": 30.96
        },
        "20193": {
            "year_quarter": 20193,
            "year": 2019,
            "quarter": 3,
            "eps": 0.06,
            "eps_growth_year": -14.29,
            "eps_4q": 0.27,
            "eps_4q_growth_year": -14.4,
            "roe": 0.31,
            "roe_4q": 1.2999999999999998,
            "gross_profit": 11408,
            "gross_margin": 56.37,
            "gross_margin_4q_avg": 55.14,
            "net_income": 4176,
            "net_income_4q": null,
            "revenue": 20236,
            "revenue_4q": null,
            "common_shares": 648000,
            "book_valuer_per_share": 21.02,
            "book_valuer_per_share_4q_avg": 21.06,
            "equity": 1361798,
            "current_ratio": 503.5,
            "debt_ratio": 26.05,
            "inventory_turnover_ratio": null,
            "account_receivable_turnover_ratio": 4.93,
            "reinvestment_rate": -8.03,
            "research_to_sale_ratio": null,
            "price_fair": 5.97,
            "eps_avg_yearly": 0.31,
            "eps_latest_yearly": 0.24,
            "eps_growth_yearly": 9.54
        },
        "20194": {
            "year_quarter": 20194,
            "year": 2019,
            "quarter": 4,
            "eps": 0.01,
            "eps_growth_year": -72.47,
            "eps_4q": 0.24,
            "eps_4q_growth_year": -18.69,
            "roe": 0.06,
            "roe_4q": 1.13,
            "gross_profit": 6928,
            "gross_margin": 33.38,
            "gross_margin_4q_avg": 50.78,
            "net_income": 868,
            "net_income_4q": null,
            "revenue": 20755,
            "revenue_4q": null,
            "common_shares": 648000,
            "book_valuer_per_share": 21.02,
            "book_valuer_per_share_4q_avg": 21.04,
            "equity": 1362150,
            "current_ratio": 518.51,
            "debt_ratio": 26.12,
            "inventory_turnover_ratio": null,
            "account_receivable_turnover_ratio": 4.97,
            "reinvestment_rate": -8.07,
            "research_to_sale_ratio": null,
            "price_fair": 0.86,
            "eps_avg_yearly": 0.29,
            "eps_latest_yearly": 0.04,
            "eps_growth_yearly": -13.32
        },
        "20201": {
            "year_quarter": 20201,
            "year": 2020,
            "quarter": 1,
            "eps": 0.08,
            "eps_growth_year": 0,
            "eps_4q": 0.24,
            "eps_4q_growth_year": -16.4,
            "roe": 0.38,
            "roe_4q": 1.1400000000000001,
            "gross_profit": 11318,
            "gross_margin": 59.36,
            "gross_margin_4q_avg": 51.16,
            "net_income": 5130,
            "net_income_4q": null,
            "revenue": 19068,
            "revenue_4q": null,
            "common_shares": 648000,
            "book_valuer_per_share": 21.1,
            "book_valuer_per_share_4q_avg": 21.02,
            "equity": 1367280,
            "current_ratio": 514.48,
            "debt_ratio": 26.11,
            "inventory_turnover_ratio": null,
            "account_receivable_turnover_ratio": 5.37,
            "reinvestment_rate": -9,
            "research_to_sale_ratio": null,
            "price_fair": 10.15,
            "eps_avg_yearly": 0.29,
            "eps_latest_yearly": 0.32,
            "eps_growth_yearly": 162.51
        },
        "20202": {
            "year_quarter": 20202,
            "year": 2020,
            "quarter": 2,
            "eps": 0.07,
            "eps_growth_year": -12.5,
            "eps_4q": 0.23,
            "eps_4q_growth_year": -17.21,
            "roe": 0.35,
            "roe_4q": 1.1,
            "gross_profit": 11840,
            "gross_margin": 58.44,
            "gross_margin_4q_avg": 51.89,
            "net_income": 4798,
            "net_income_4q": null,
            "revenue": 20261,
            "revenue_4q": null,
            "common_shares": 648000,
            "book_valuer_per_share": 20.96,
            "book_valuer_per_share_4q_avg": 21.03,
            "equity": 1358470,
            "current_ratio": 286.88,
            "debt_ratio": 26.86,
            "inventory_turnover_ratio": null,
            "account_receivable_turnover_ratio": 6.1,
            "reinvestment_rate": -11.07,
            "research_to_sale_ratio": null,
            "price_fair": 9.89,
            "eps_avg_yearly": 0.28,
            "eps_latest_yearly": 0.28,
            "eps_growth_yearly": 156.61
        },
        "20203": {
            "year_quarter": 20203,
            "year": 2020,
            "quarter": 3,
            "eps": 0.09,
            "eps_growth_year": 50,
            "eps_4q": 0.25,
            "eps_4q_growth_year": -6.81,
            "roe": 0.42,
            "roe_4q": 1.21,
            "gross_profit": 10856,
            "gross_margin": 55.89,
            "gross_margin_4q_avg": 51.77,
            "net_income": 5678,
            "net_income_4q": null,
            "revenue": 19423,
            "revenue_4q": null,
            "common_shares": 648000,
            "book_valuer_per_share": 21.05,
            "book_valuer_per_share_4q_avg": 21.03,
            "equity": 1364148,
            "current_ratio": 421.34,
            "debt_ratio": 26.21,
            "inventory_turnover_ratio": null,
            "account_receivable_turnover_ratio": 4.86,
            "reinvestment_rate": -11.9,
            "research_to_sale_ratio": null,
            "price_fair": 9.89,
            "eps_avg_yearly": 0.28,
            "eps_latest_yearly": 0.36,
            "eps_growth_yearly": 166.25
        },
        "20204": {
            "year_quarter": 20204,
            "year": 2020,
            "quarter": 4,
            "eps": 0.05,
            "eps_growth_year": 287.91,
            "eps_4q": 0.29,
            "eps_4q_growth_year": 23.26,
            "roe": 0.25,
            "roe_4q": 1.4,
            "gross_profit": 9283,
            "gross_margin": 51.83,
            "gross_margin_4q_avg": 56.38,
            "net_income": 3367,
            "net_income_4q": null,
            "revenue": 17909,
            "revenue_4q": null,
            "common_shares": 648000,
            "book_valuer_per_share": 21.09,
            "book_valuer_per_share_4q_avg": 21.05,
            "equity": 1366484,
            "current_ratio": 545.02,
            "debt_ratio": 25.98,
            "inventory_turnover_ratio": null,
            "account_receivable_turnover_ratio": 4.5,
            "reinvestment_rate": -11.76,
            "research_to_sale_ratio": null,
            "price_fair": 9.89,
            "eps_avg_yearly": 0.28,
            "eps_latest_yearly": 0.2,
            "eps_growth_yearly": 166.25
        },
        "20211": {
            "year_quarter": 20211,
            "year": 2021,
            "quarter": 1,
            "eps": 0.05,
            "eps_growth_year": -37.5,
            "eps_4q": 0.26,
            "eps_4q_growth_year": 10.24,
            "roe": 0.23,
            "roe_4q": 1.25,
            "gross_profit": 8649,
            "gross_margin": 46.96,
            "gross_margin_4q_avg": 53.28,
            "net_income": 3189,
            "net_income_4q": null,
            "revenue": 18416,
            "revenue_4q": null,
            "common_shares": 648000,
            "book_valuer_per_share": 21.14,
            "book_valuer_per_share_4q_avg": 21.06,
            "equity": 1369673,
            "current_ratio": 451.86,
            "debt_ratio": 26.09,
            "inventory_turnover_ratio": null,
            "account_receivable_turnover_ratio": 4.77,
            "reinvestment_rate": -4.31,
            "research_to_sale_ratio": null,
            "price_fair": 9.54,
            "eps_avg_yearly": 0.27,
            "eps_latest_yearly": 0.2,
            "eps_growth_yearly": 146.25
        },
        "20212": {
            "year_quarter": 20212,
            "year": 2021,
            "quarter": 2,
            "eps": 0.05,
            "eps_growth_year": -28.57,
            "eps_4q": 0.24,
            "eps_4q_growth_year": 5.5,
            "roe": 0.26,
            "roe_4q": 1.16,
            "gross_profit": 9418,
            "gross_margin": 49.08,
            "gross_margin_4q_avg": 50.94,
            "net_income": 3561,
            "net_income_4q": null,
            "revenue": 19190,
            "revenue_4q": null,
            "common_shares": 648000,
            "book_valuer_per_share": 21.19,
            "book_valuer_per_share_4q_avg": 21.12,
            "equity": 1373234,
            "current_ratio": 543.57,
            "debt_ratio": 26.11,
            "inventory_turnover_ratio": null,
            "account_receivable_turnover_ratio": 4.81,
            "reinvestment_rate": -9.72,
            "research_to_sale_ratio": null,
            "price_fair": 9.45,
            "eps_avg_yearly": 0.27,
            "eps_latest_yearly": 0.2,
            "eps_growth_yearly": 154.58
        },
        "20213": {
            "year_quarter": 20213,
            "year": 2021,
            "quarter": 3,
            "eps": 0.09,
            "eps_growth_year": 0,
            "eps_4q": 0.25,
            "eps_4q_growth_year": -1.76,
            "roe": 0.44,
            "roe_4q": 1.18,
            "gross_profit": 11346,
            "gross_margin": 56.79,
            "gross_margin_4q_avg": 51.17,
            "net_income": 6067,
            "net_income_4q": null,
            "revenue": 19979,
            "revenue_4q": null,
            "common_shares": 648000,
            "book_valuer_per_share": 21.07,
            "book_valuer_per_share_4q_avg": 21.12,
            "equity": 1365549,
            "current_ratio": 523.01,
            "debt_ratio": 26.24,
            "inventory_turnover_ratio": null,
            "account_receivable_turnover_ratio": 4.85,
            "reinvestment_rate": -7.97,
            "research_to_sale_ratio": null,
            "price_fair": 9.54,
            "eps_avg_yearly": 0.27,
            "eps_latest_yearly": 0.36,
            "eps_growth_yearly": 166.25
        },
        "20214": {
            "year_quarter": 20214,
            "year": 2021,
            "quarter": 4,
            "eps": 0.08,
            "eps_growth_year": 57.77,
            "eps_4q": 0.28,
            "eps_4q_growth_year": -4.45,
            "roe": 0.39,
            "roe_4q": 1.32,
            "gross_profit": 12476,
            "gross_margin": 59.43,
            "gross_margin_4q_avg": 53.07,
            "net_income": 5312,
            "net_income_4q": null,
            "revenue": 20992,
            "revenue_4q": null,
            "common_shares": 648000,
            "book_valuer_per_share": 21.13,
            "book_valuer_per_share_4q_avg": 21.13,
            "equity": 1369016,
            "current_ratio": 701.98,
            "debt_ratio": 26.05,
            "inventory_turnover_ratio": null,
            "account_receivable_turnover_ratio": 5,
            "reinvestment_rate": -9.31,
            "research_to_sale_ratio": null,
            "price_fair": 9.54,
            "eps_avg_yearly": 0.27,
            "eps_latest_yearly": 0.32,
            "eps_growth_yearly": 163.47
        },
        "20221": {
            "year_quarter": 20221,
            "year": 2022,
            "quarter": 1,
            "eps": 0.1,
            "eps_growth_year": 100,
            "eps_4q": 0.33,
            "eps_4q_growth_year": 25.15,
            "roe": 0.46,
            "roe_4q": 1.55,
            "gross_profit": 12741,
            "gross_margin": 60.3,
            "gross_margin_4q_avg": 56.4,
            "net_income": 6376,
            "net_income_4q": null,
            "revenue": 21130,
            "revenue_4q": null,
            "common_shares": 648000,
            "book_valuer_per_share": 21.23,
            "book_valuer_per_share_4q_avg": 21.16,
            "equity": 1375392,
            "current_ratio": 605.35,
            "debt_ratio": 26.08,
            "inventory_turnover_ratio": null,
            "account_receivable_turnover_ratio": 5.4,
            "reinvestment_rate": 4.15,
            "research_to_sale_ratio": null,
            "price_fair": 9.63,
            "eps_avg_yearly": 0.28,
            "eps_latest_yearly": 0.4,
            "eps_growth_yearly": 166.6
        },
        "20222": {
            "year_quarter": 20222,
            "year": 2022,
            "quarter": 2,
            "eps": 0.1,
            "eps_growth_year": 100,
            "eps_4q": 0.37,
            "eps_4q_growth_year": 53,
            "roe": 0.47,
            "roe_4q": 1.7599999999999998,
            "gross_profit": 12586,
            "gross_margin": 58.41,
            "gross_margin_4q_avg": 58.73,
            "net_income": 6411,
            "net_income_4q": null,
            "revenue": 21546,
            "revenue_4q": null,
            "common_shares": 648000,
            "book_valuer_per_share": 21.06,
            "book_valuer_per_share_4q_avg": 21.12,
            "equity": 1364955,
            "current_ratio": 294.63,
            "debt_ratio": 27.04,
            "inventory_turnover_ratio": null,
            "account_receivable_turnover_ratio": 5.84,
            "reinvestment_rate": 6.46,
            "research_to_sale_ratio": null,
            "price_fair": 9.71,
            "eps_avg_yearly": 0.28,
            "eps_latest_yearly": 0.4,
            "eps_growth_yearly": 166.6
        },
        "20223": {
            "year_quarter": 20223,
            "year": 2022,
            "quarter": 3,
            "eps": 0.16,
            "eps_growth_year": 77.78,
            "eps_4q": 0.45,
            "eps_4q_growth_year": 78.69,
            "roe": 0.79,
            "roe_4q": 2.11,
            "gross_profit": 12774,
            "gross_margin": 58.45,
            "gross_margin_4q_avg": 59.15,
            "net_income": 10820,
            "net_income_4q": null,
            "revenue": 21854,
            "revenue_4q": null,
            "common_shares": 648000,
            "book_valuer_per_share": 21.23,
            "book_valuer_per_share_4q_avg": 21.16,
            "equity": 1375775,
            "current_ratio": 489.01,
            "debt_ratio": 26.29,
            "inventory_turnover_ratio": null,
            "account_receivable_turnover_ratio": 5.34,
            "reinvestment_rate": 5.4,
            "research_to_sale_ratio": null,
            "price_fair": 10.5,
            "eps_avg_yearly": 0.3,
            "eps_latest_yearly": 0.64,
            "eps_growth_yearly": 187.15
        },
        "20224": {
            "year_quarter": 20224,
            "year": 2022,
            "quarter": 4,
            "eps": 0.08,
            "eps_growth_year": -4.44,
            "eps_4q": 0.44,
            "eps_4q_growth_year": 58.22,
            "roe": 0.37,
            "roe_4q": 2.0900000000000003,
            "gross_profit": 13307,
            "gross_margin": 60.44,
            "gross_margin_4q_avg": 59.4,
            "net_income": 5076,
            "net_income_4q": null,
            "revenue": 22018,
            "revenue_4q": null,
            "common_shares": 648000,
            "book_valuer_per_share": 21.4,
            "book_valuer_per_share_4q_avg": 21.23,
            "equity": 1386474,
            "current_ratio": 578.45,
            "debt_ratio": 26.02,
            "inventory_turnover_ratio": null,
            "account_receivable_turnover_ratio": 5.09,
            "reinvestment_rate": 1.62,
            "research_to_sale_ratio": null,
            "price_fair": 10.76,
            "eps_avg_yearly": 0.31,
            "eps_latest_yearly": 0.32,
            "eps_growth_yearly": 181.8
        },
        "20231": {
            "year_quarter": 20231,
            "year": 2023,
            "quarter": 1,
            "eps": 0.1,
            "eps_growth_year": 0,
            "eps_4q": 0.45,
            "eps_4q_growth_year": 35.77,
            "roe": 0.48,
            "roe_4q": 2.1100000000000003,
            "gross_profit": 13161,
            "gross_margin": 61.27,
            "gross_margin_4q_avg": 59.64,
            "net_income": 6633,
            "net_income_4q": null,
            "revenue": 21481,
            "revenue_4q": null,
            "common_shares": 648000,
            "book_valuer_per_share": 21.5,
            "book_valuer_per_share_4q_avg": 21.3,
            "equity": 1393107,
            "current_ratio": 571.04,
            "debt_ratio": 25.98,
            "inventory_turnover_ratio": null,
            "account_receivable_turnover_ratio": 5.61,
            "reinvestment_rate": 1.74,
            "research_to_sale_ratio": null,
            "price_fair": 10.94,
            "eps_avg_yearly": 0.31,
            "eps_latest_yearly": 0.4,
            "eps_growth_yearly": 173.05
        },
        "20232": {
            "year_quarter": 20232,
            "year": 2023,
            "quarter": 2,
            "eps": 0.11,
            "eps_growth_year": 10,
            "eps_4q": 0.46,
            "eps_4q_growth_year": 22.4,
            "roe": 0.51,
            "roe_4q": 2.15,
            "gross_profit": 13465,
            "gross_margin": 60.97,
            "gross_margin_4q_avg": 60.28,
            "net_income": 7050,
            "net_income_4q": null,
            "revenue": 22086,
            "revenue_4q": null,
            "common_shares": 648000,
            "book_valuer_per_share": 21.13,
            "book_valuer_per_share_4q_avg": 21.32,
            "equity": 1369053,
            "current_ratio": 232.95,
            "debt_ratio": 27.47,
            "inventory_turnover_ratio": null,
            "account_receivable_turnover_ratio": 6.05,
            "reinvestment_rate": 4.82,
            "research_to_sale_ratio": null,
            "price_fair": 11.2,
            "eps_avg_yearly": 0.32,
            "eps_latest_yearly": 0.44,
            "eps_growth_yearly": 175.55
        },
        "20233": {
            "year_quarter": 20233,
            "year": 2023,
            "quarter": 3,
            "eps": 0.19,
            "eps_growth_year": 18.75,
            "eps_4q": 0.48,
            "eps_4q_growth_year": 7.61,
            "roe": 0.9,
            "roe_4q": 2.2600000000000002,
            "gross_profit": 13145,
            "gross_margin": 59.77,
            "gross_margin_4q_avg": 60.61,
            "net_income": 12362,
            "net_income_4q": null,
            "revenue": 21991,
            "revenue_4q": null,
            "common_shares": 648000,
            "book_valuer_per_share": 21.32,
            "book_valuer_per_share_4q_avg": 21.34,
            "equity": 1381415,
            "current_ratio": 491.18,
            "debt_ratio": 26.1,
            "inventory_turnover_ratio": null,
            "account_receivable_turnover_ratio": 5.84,
            "reinvestment_rate": 5.55,
            "research_to_sale_ratio": null,
            "price_fair": 12.34,
            "eps_avg_yearly": 0.35,
            "eps_latest_yearly": 0.76,
            "eps_growth_yearly": 199.98
        }
    },
    "months": {
        "2001-06": {
            "month": "2001-06",
            "price": "7.78",
            "revenue": 5590
        },
        "2001-07": {
            "month": "2001-07",
            "price": "7.94",
            "revenue": 5625
        },
        "2001-08": {
            "month": "2001-08",
            "price": "7.53",
            "revenue": 5853
        },
        "2001-09": {
            "month": "2001-09",
            "price": "7.05",
            "revenue": 4880
        },
        "2001-10": {
            "month": "2001-10",
            "price": "6.07",
            "revenue": 5077
        },
        "2001-11": {
            "month": "2001-11",
            "price": "6.24",
            "revenue": 5249
        },
        "2001-12": {
            "month": "2001-12",
            "price": "7.48",
            "revenue": 4766
        },
        "2002-01": {
            "month": "2002-01",
            "price": "7.54",
            "revenue": 4055
        },
        "2002-02": {
            "month": "2002-02",
            "price": "7.35",
            "revenue": 6333
        },
        "2002-03": {
            "month": "2002-03",
            "price": "7.67",
            "revenue": 5299
        },
        "2002-04": {
            "month": "2002-04",
            "price": "8.16",
            "revenue": 5430
        },
        "2002-05": {
            "month": "2002-05",
            "price": "7.77",
            "revenue": 4731
        },
        "2002-06": {
            "month": "2002-06",
            "price": "7.69",
            "revenue": 4444
        },
        "2002-07": {
            "month": "2002-07",
            "price": "7.26",
            "revenue": 3558
        },
        "2002-08": {
            "month": "2002-08",
            "price": "7.02",
            "revenue": 3790
        },
        "2002-09": {
            "month": "2002-09",
            "price": "6.75",
            "revenue": 3906
        },
        "2002-10": {
            "month": "2002-10",
            "price": "6.11",
            "revenue": 4330
        },
        "2002-11": {
            "month": "2002-11",
            "price": "5.99",
            "revenue": 4156
        },
        "2002-12": {
            "month": "2002-12",
            "price": "6.04",
            "revenue": 4211
        },
        "2003-01": {
            "month": "2003-01",
            "price": "6.23",
            "revenue": 3995
        },
        "2003-02": {
            "month": "2003-02",
            "price": "5.83",
            "revenue": 3953
        },
        "2003-03": {
            "month": "2003-03",
            "price": "5.88",
            "revenue": 4396
        },
        "2003-04": {
            "month": "2003-04",
            "price": "5.89",
            "revenue": 4096
        },
        "2003-05": {
            "month": "2003-05",
            "price": "5.82",
            "revenue": 4108
        },
        "2003-06": {
            "month": "2003-06",
            "price": "5.94",
            "revenue": 4031
        },
        "2003-07": {
            "month": "2003-07",
            "price": "5.81",
            "revenue": 3993
        },
        "2003-08": {
            "month": "2003-08",
            "price": "5.76",
            "revenue": 3923
        },
        "2003-09": {
            "month": "2003-09",
            "price": "5.75",
            "revenue": 3896
        },
        "2003-10": {
            "month": "2003-10",
            "price": "5.89",
            "revenue": 3979
        },
        "2003-11": {
            "month": "2003-11",
            "price": "6.69",
            "revenue": 3930
        },
        "2003-12": {
            "month": "2003-12",
            "price": "6.56",
            "revenue": 4069
        },
        "2004-01": {
            "month": "2004-01",
            "price": "7.24",
            "revenue": 4029
        },
        "2004-02": {
            "month": "2004-02",
            "price": "8.90",
            "revenue": 3959
        },
        "2004-03": {
            "month": "2004-03",
            "price": "8.22",
            "revenue": 4144
        },
        "2004-04": {
            "month": "2004-04",
            "price": "8.01",
            "revenue": 4206
        },
        "2004-05": {
            "month": "2004-05",
            "price": "7.52",
            "revenue": 4220
        },
        "2004-06": {
            "month": "2004-06",
            "price": "7.13",
            "revenue": 4071
        },
        "2004-07": {
            "month": "2004-07",
            "price": "7.24",
            "revenue": 4179
        },
        "2004-08": {
            "month": "2004-08",
            "price": "7.65",
            "revenue": 4105
        },
        "2004-09": {
            "month": "2004-09",
            "price": "7.65",
            "revenue": 4110
        },
        "2004-10": {
            "month": "2004-10",
            "price": "7.67",
            "revenue": 4202
        },
        "2004-11": {
            "month": "2004-11",
            "price": "7.63",
            "revenue": 4626
        },
        "2004-12": {
            "month": "2004-12",
            "price": "7.54",
            "revenue": 4583
        },
        "2005-01": {
            "month": "2005-01",
            "price": "8.03",
            "revenue": 4415
        },
        "2005-02": {
            "month": "2005-02",
            "price": "7.95",
            "revenue": 3951
        },
        "2005-03": {
            "month": "2005-03",
            "price": "7.94",
            "revenue": 4051
        },
        "2005-04": {
            "month": "2005-04",
            "price": "7.71",
            "revenue": 4252
        },
        "2005-05": {
            "month": "2005-05",
            "price": "7.69",
            "revenue": 4475
        },
        "2005-06": {
            "month": "2005-06",
            "price": "8.09",
            "revenue": 5115
        },
        "2005-07": {
            "month": "2005-07",
            "price": "8.54",
            "revenue": 4564
        },
        "2005-08": {
            "month": "2005-08",
            "price": "8.77",
            "revenue": 4543
        },
        "2005-09": {
            "month": "2005-09",
            "price": "8.86",
            "revenue": 4599
        },
        "2005-10": {
            "month": "2005-10",
            "price": "9.16",
            "revenue": 4574
        },
        "2005-11": {
            "month": "2005-11",
            "price": "9.32",
            "revenue": 4646
        },
        "2005-12": {
            "month": "2005-12",
            "price": "9.56",
            "revenue": 4826
        },
        "2006-01": {
            "month": "2006-01",
            "price": "9.23",
            "revenue": 4604
        },
        "2006-02": {
            "month": "2006-02",
            "price": "9.34",
            "revenue": 4345
        },
        "2006-03": {
            "month": "2006-03",
            "price": "9.08",
            "revenue": 4519
        },
        "2006-04": {
            "month": "2006-04",
            "price": "9.64",
            "revenue": 4337
        },
        "2006-05": {
            "month": "2006-05",
            "price": "11.18",
            "revenue": 4595
        },
        "2006-06": {
            "month": "2006-06",
            "price": "10.86",
            "revenue": 4731
        },
        "2006-07": {
            "month": "2006-07",
            "price": "10.40",
            "revenue": 4781
        },
        "2006-08": {
            "month": "2006-08",
            "price": "9.94",
            "revenue": 4783
        },
        "2006-09": {
            "month": "2006-09",
            "price": "9.86",
            "revenue": 5012
        },
        "2006-10": {
            "month": "2006-10",
            "price": "10.16",
            "revenue": 5020
        },
        "2006-11": {
            "month": "2006-11",
            "price": "12.56",
            "revenue": 4761
        },
        "2006-12": {
            "month": "2006-12",
            "price": "16.40",
            "revenue": 5144
        },
        "2007-01": {
            "month": "2007-01",
            "price": "15.30",
            "revenue": 4839
        },
        "2007-02": {
            "month": "2007-02",
            "price": "15.45",
            "revenue": 4901
        },
        "2007-03": {
            "month": "2007-03",
            "price": "16.34",
            "revenue": 4906
        },
        "2007-04": {
            "month": "2007-04",
            "price": "15.24",
            "revenue": 5088
        },
        "2007-05": {
            "month": "2007-05",
            "price": "14.63",
            "revenue": 5073
        },
        "2007-06": {
            "month": "2007-06",
            "price": "14.76",
            "revenue": 5187
        },
        "2007-07": {
            "month": "2007-07",
            "price": "15.45",
            "revenue": 5294
        },
        "2007-08": {
            "month": "2007-08",
            "price": "14.35",
            "revenue": 5211
        },
        "2007-09": {
            "month": "2007-09",
            "price": "14.34",
            "revenue": 5239
        },
        "2007-10": {
            "month": "2007-10",
            "price": "14.32",
            "revenue": 5327
        },
        "2007-11": {
            "month": "2007-11",
            "price": "14.27",
            "revenue": 5317
        },
        "2007-12": {
            "month": "2007-12",
            "price": "14.38",
            "revenue": 5154
        },
        "2008-01": {
            "month": "2008-01",
            "price": "14.08",
            "revenue": 5104
        },
        "2008-02": {
            "month": "2008-02",
            "price": "14.42",
            "revenue": 4972
        },
        "2008-03": {
            "month": "2008-03",
            "price": "15.38",
            "revenue": 5104
        },
        "2008-04": {
            "month": "2008-04",
            "price": "18.39",
            "revenue": 5208
        },
        "2008-05": {
            "month": "2008-05",
            "price": "19.95",
            "revenue": 5142
        },
        "2008-06": {
            "month": "2008-06",
            "price": "18.61",
            "revenue": 5174
        },
        "2008-07": {
            "month": "2008-07",
            "price": "17.02",
            "revenue": 5322
        },
        "2008-08": {
            "month": "2008-08",
            "price": "15.44",
            "revenue": 5223
        },
        "2008-09": {
            "month": "2008-09",
            "price": "14.84",
            "revenue": 5528
        },
        "2008-10": {
            "month": "2008-10",
            "price": "13.16",
            "revenue": 5304
        },
        "2008-11": {
            "month": "2008-11",
            "price": "13.35",
            "revenue": 5278
        },
        "2008-12": {
            "month": "2008-12",
            "price": "12.98",
            "revenue": 4988
        },
        "2009-01": {
            "month": "2009-01",
            "price": "11.51",
            "revenue": 4755
        },
        "2009-02": {
            "month": "2009-02",
            "price": "11.18",
            "revenue": 4681
        },
        "2009-03": {
            "month": "2009-03",
            "price": "11.91",
            "revenue": 4911
        },
        "2009-04": {
            "month": "2009-04",
            "price": "13.97",
            "revenue": 5012
        },
        "2009-05": {
            "month": "2009-05",
            "price": "14.28",
            "revenue": 4962
        },
        "2009-06": {
            "month": "2009-06",
            "price": "16.41",
            "revenue": 5034
        },
        "2009-07": {
            "month": "2009-07",
            "price": "17.42",
            "revenue": 5282
        },
        "2009-08": {
            "month": "2009-08",
            "price": "16.53",
            "revenue": 5093
        },
        "2009-09": {
            "month": "2009-09",
            "price": "17.35",
            "revenue": 5094
        },
        "2009-10": {
            "month": "2009-10",
            "price": "16.18",
            "revenue": 5275
        },
        "2009-11": {
            "month": "2009-11",
            "price": "14.67",
            "revenue": 5177
        },
        "2009-12": {
            "month": "2009-12",
            "price": "15.21",
            "revenue": 5176
        },
        "2010-01": {
            "month": "2010-01",
            "price": "16.18",
            "revenue": 5187
        },
        "2010-02": {
            "month": "2010-02",
            "price": "15.80",
            "revenue": 4847
        },
        "2010-03": {
            "month": "2010-03",
            "price": "15.99",
            "revenue": 4908
        },
        "2010-04": {
            "month": "2010-04",
            "price": "17.19",
            "revenue": 4909
        },
        "2010-05": {
            "month": "2010-05",
            "price": "15.93",
            "revenue": 5001
        },
        "2010-06": {
            "month": "2010-06",
            "price": "15.56",
            "revenue": 5026
        },
        "2010-07": {
            "month": "2010-07",
            "price": "15.67",
            "revenue": 5132
        },
        "2010-08": {
            "month": "2010-08",
            "price": "16.21",
            "revenue": 5120
        },
        "2010-09": {
            "month": "2010-09",
            "price": "16.77",
            "revenue": 4768
        },
        "2010-10": {
            "month": "2010-10",
            "price": "16.60",
            "revenue": 5043
        },
        "2010-11": {
            "month": "2010-11",
            "price": "16.14",
            "revenue": 5100
        },
        "2010-12": {
            "month": "2010-12",
            "price": "16.61",
            "revenue": 5187
        },
        "2011-01": {
            "month": "2011-01",
            "price": "18.06",
            "revenue": 5182
        },
        "2011-02": {
            "month": "2011-02",
            "price": "17.25",
            "revenue": 5173
        },
        "2011-03": {
            "month": "2011-03",
            "price": "17.57",
            "revenue": 5298
        },
        "2011-04": {
            "month": "2011-04",
            "price": "18.17",
            "revenue": 5524
        },
        "2011-05": {
            "month": "2011-05",
            "price": "17.64",
            "revenue": 5447
        },
        "2011-06": {
            "month": "2011-06",
            "price": "17.18",
            "revenue": 5444
        },
        "2011-07": {
            "month": "2011-07",
            "price": "16.77",
            "revenue": 6037
        },
        "2011-08": {
            "month": "2011-08",
            "price": "16.73",
            "revenue": 6102
        },
        "2011-09": {
            "month": "2011-09",
            "price": "16.67",
            "revenue": 6058
        },
        "2011-10": {
            "month": "2011-10",
            "price": "16.68",
            "revenue": 6395
        },
        "2011-11": {
            "month": "2011-11",
            "price": "16.60",
            "revenue": 6332
        },
        "2011-12": {
            "month": "2011-12",
            "price": "16.51",
            "revenue": 6228
        },
        "2012-01": {
            "month": "2012-01",
            "price": "17.17",
            "revenue": 5871
        },
        "2012-02": {
            "month": "2012-02",
            "price": "17.18",
            "revenue": 5613
        },
        "2012-03": {
            "month": "2012-03",
            "price": "18.01",
            "revenue": 6093
        },
        "2012-04": {
            "month": "2012-04",
            "price": "18.33",
            "revenue": 5906
        },
        "2012-05": {
            "month": "2012-05",
            "price": "18.23",
            "revenue": 6039
        },
        "2012-06": {
            "month": "2012-06",
            "price": "18.02",
            "revenue": 5929
        },
        "2012-07": {
            "month": "2012-07",
            "price": "17.84",
            "revenue": 5929
        },
        "2012-08": {
            "month": "2012-08",
            "price": "18.15",
            "revenue": 6115
        },
        "2012-09": {
            "month": "2012-09",
            "price": "19.41",
            "revenue": 6109
        },
        "2012-10": {
            "month": "2012-10",
            "price": "19.70",
            "revenue": 6207
        },
        "2012-11": {
            "month": "2012-11",
            "price": "19.78",
            "revenue": 6091
        },
        "2012-12": {
            "month": "2012-12",
            "price": "19.98",
            "revenue": 6013
        },
        "2013-01": {
            "month": "2013-01",
            "price": "20.89",
            "revenue": 6130
        },
        "2013-02": {
            "month": "2013-02",
            "price": "21.99",
            "revenue": 5725
        },
        "2013-03": {
            "month": "2013-03",
            "price": "25.07",
            "revenue": 5849
        },
        "2013-04": {
            "month": "2013-04",
            "price": "25.64",
            "revenue": 5901
        },
        "2013-05": {
            "month": "2013-05",
            "price": "26.83",
            "revenue": 6114
        },
        "2013-06": {
            "month": "2013-06",
            "price": "26.81",
            "revenue": 6108
        },
        "2013-07": {
            "month": "2013-07",
            "price": "26.96",
            "revenue": 6304
        },
        "2013-08": {
            "month": "2013-08",
            "price": "26.26",
            "revenue": 6287
        },
        "2013-09": {
            "month": "2013-09",
            "price": "28.03",
            "revenue": 5920
        },
        "2013-10": {
            "month": "2013-10",
            "price": "28.15",
            "revenue": 5690
        },
        "2013-11": {
            "month": "2013-11",
            "price": "29.14",
            "revenue": 5825
        },
        "2013-12": {
            "month": "2013-12",
            "price": "28.32",
            "revenue": 6020
        },
        "2014-01": {
            "month": "2014-01",
            "price": "28.64",
            "revenue": 5485
        },
        "2014-02": {
            "month": "2014-02",
            "price": "29.03",
            "revenue": 5197
        },
        "2014-03": {
            "month": "2014-03",
            "price": "28.83",
            "revenue": 5666
        },
        "2014-04": {
            "month": "2014-04",
            "price": "28.17",
            "revenue": 5906
        },
        "2014-05": {
            "month": "2014-05",
            "price": "28.00",
            "revenue": 5727
        },
        "2014-06": {
            "month": "2014-06",
            "price": "29.20",
            "revenue": 5554
        },
        "2014-07": {
            "month": "2014-07",
            "price": "28.24",
            "revenue": 5804
        },
        "2014-08": {
            "month": "2014-08",
            "price": "28.02",
            "revenue": 5801
        },
        "2014-09": {
            "month": "2014-09",
            "price": "27.10",
            "revenue": 5757
        },
        "2014-10": {
            "month": "2014-10",
            "price": "26.64",
            "revenue": 6032
        },
        "2014-11": {
            "month": "2014-11",
            "price": "26.87",
            "revenue": 6444
        },
        "2014-12": {
            "month": "2014-12",
            "price": "27.16",
            "revenue": 6370
        },
        "2015-01": {
            "month": "2015-01",
            "price": "28.58",
            "revenue": 6268
        },
        "2015-02": {
            "month": "2015-02",
            "price": "27.79",
            "revenue": 6042
        },
        "2015-03": {
            "month": "2015-03",
            "price": "27.45",
            "revenue": 6087
        },
        "2015-04": {
            "month": "2015-04",
            "price": "27.07",
            "revenue": 6289
        },
        "2015-05": {
            "month": "2015-05",
            "price": "26.91",
            "revenue": 6415
        },
        "2015-06": {
            "month": "2015-06",
            "price": "26.94",
            "revenue": 6259
        },
        "2015-07": {
            "month": "2015-07",
            "price": "26.45",
            "revenue": 6357
        },
        "2015-08": {
            "month": "2015-08",
            "price": "25.57",
            "revenue": 6284
        },
        "2015-09": {
            "month": "2015-09",
            "price": "26.21",
            "revenue": 6294
        },
        "2015-10": {
            "month": "2015-10",
            "price": "26.26",
            "revenue": 6316
        },
        "2015-11": {
            "month": "2015-11",
            "price": "26.33",
            "revenue": 6317
        },
        "2015-12": {
            "month": "2015-12",
            "price": "26.19",
            "revenue": 6439
        },
        "2016-01": {
            "month": "2016-01",
            "price": "27.51",
            "revenue": 6303
        },
        "2016-02": {
            "month": "2016-02",
            "price": "26.92",
            "revenue": 5986
        },
        "2016-03": {
            "month": "2016-03",
            "price": "26.56",
            "revenue": 6039
        },
        "2016-04": {
            "month": "2016-04",
            "price": "25.84",
            "revenue": 6798
        },
        "2016-05": {
            "month": "2016-05",
            "price": "25.84",
            "revenue": 6346
        },
        "2016-06": {
            "month": "2016-06",
            "price": "25.84",
            "revenue": 6461
        },
        "2016-07": {
            "month": "2016-07",
            "price": "25.88",
            "revenue": 6380
        },
        "2016-08": {
            "month": "2016-08",
            "price": "25.29",
            "revenue": 6475
        },
        "2016-09": {
            "month": "2016-09",
            "price": "24.34",
            "revenue": 6498
        },
        "2016-10": {
            "month": "2016-10",
            "price": "24.31",
            "revenue": 6598
        },
        "2016-11": {
            "month": "2016-11",
            "price": "24.26",
            "revenue": 6611
        },
        "2016-12": {
            "month": "2016-12",
            "price": "24.41",
            "revenue": 6736
        },
        "2017-01": {
            "month": "2017-01",
            "price": "23.02",
            "revenue": 6492
        },
        "2017-02": {
            "month": "2017-02",
            "price": "23.05",
            "revenue": 6489
        },
        "2017-03": {
            "month": "2017-03",
            "price": "22.82",
            "revenue": 6589
        },
        "2017-04": {
            "month": "2017-04",
            "price": "22.12",
            "revenue": 6810
        },
        "2017-05": {
            "month": "2017-05",
            "price": "22.05",
            "revenue": 6720
        },
        "2017-06": {
            "month": "2017-06",
            "price": "21.94",
            "revenue": 6846
        },
        "2017-07": {
            "month": "2017-07",
            "price": "21.83",
            "revenue": 6388
        },
        "2017-08": {
            "month": "2017-08",
            "price": "21.76",
            "revenue": 6717
        },
        "2017-09": {
            "month": "2017-09",
            "price": "21.79",
            "revenue": 6510
        },
        "2017-10": {
            "month": "2017-10",
            "price": "22.10",
            "revenue": 6441
        },
        "2017-11": {
            "month": "2017-11",
            "price": "22.02",
            "revenue": 6634
        },
        "2017-12": {
            "month": "2017-12",
            "price": "21.98",
            "revenue": 6606
        },
        "2018-01": {
            "month": "2018-01",
            "price": "21.70",
            "revenue": 6546
        },
        "2018-02": {
            "month": "2018-02",
            "price": "21.68",
            "revenue": 6551
        },
        "2018-03": {
            "month": "2018-03",
            "price": "21.82",
            "revenue": 6984
        },
        "2018-04": {
            "month": "2018-04",
            "price": "21.62",
            "revenue": 6712
        },
        "2018-05": {
            "month": "2018-05",
            "price": "22.11",
            "revenue": 6945
        },
        "2018-06": {
            "month": "2018-06",
            "price": "23.01",
            "revenue": 6829
        },
        "2018-07": {
            "month": "2018-07",
            "price": "23.18",
            "revenue": 6720
        },
        "2018-08": {
            "month": "2018-08",
            "price": "24.98",
            "revenue": 7008
        },
        "2018-09": {
            "month": "2018-09",
            "price": "27.38",
            "revenue": 6719
        },
        "2018-10": {
            "month": "2018-10",
            "price": "26.23",
            "revenue": 6482
        },
        "2018-11": {
            "month": "2018-11",
            "price": "24.11",
            "revenue": 6629
        },
        "2018-12": {
            "month": "2018-12",
            "price": "26.18",
            "revenue": 6780
        },
        "2019-01": {
            "month": "2019-01",
            "price": "27.29",
            "revenue": 6893
        },
        "2019-02": {
            "month": "2019-02",
            "price": "26.57",
            "revenue": 6412
        },
        "2019-03": {
            "month": "2019-03",
            "price": "27.11",
            "revenue": 6569
        },
        "2019-04": {
            "month": "2019-04",
            "price": "26.98",
            "revenue": 6912
        },
        "2019-05": {
            "month": "2019-05",
            "price": "26.14",
            "revenue": 6777
        },
        "2019-06": {
            "month": "2019-06",
            "price": "26.20",
            "revenue": 6710
        },
        "2019-07": {
            "month": "2019-07",
            "price": "26.00",
            "revenue": 6531
        },
        "2019-08": {
            "month": "2019-08",
            "price": "25.81",
            "revenue": 6994
        },
        "2019-09": {
            "month": "2019-09",
            "price": "26.19",
            "revenue": 6711
        },
        "2019-10": {
            "month": "2019-10",
            "price": "26.51",
            "revenue": 6865
        },
        "2019-11": {
            "month": "2019-11",
            "price": "26.69",
            "revenue": 6802
        },
        "2019-12": {
            "month": "2019-12",
            "price": "26.66",
            "revenue": 7088
        },
        "2020-01": {
            "month": "2020-01",
            "price": "26.53",
            "revenue": 6474
        },
        "2020-02": {
            "month": "2020-02",
            "price": "26.39",
            "revenue": 6006
        },
        "2020-03": {
            "month": "2020-03",
            "price": "26.21",
            "revenue": 6589
        },
        "2020-04": {
            "month": "2020-04",
            "price": "26.18",
            "revenue": 6674
        },
        "2020-05": {
            "month": "2020-05",
            "price": "25.83",
            "revenue": 6699
        },
        "2020-06": {
            "month": "2020-06",
            "price": "25.38",
            "revenue": 6887
        },
        "2020-07": {
            "month": "2020-07",
            "price": "24.92",
            "revenue": 6524
        },
        "2020-08": {
            "month": "2020-08",
            "price": "24.48",
            "revenue": 6869
        },
        "2020-09": {
            "month": "2020-09",
            "price": "24.43",
            "revenue": 6030
        },
        "2020-10": {
            "month": "2020-10",
            "price": "24.74",
            "revenue": 5822
        },
        "2020-11": {
            "month": "2020-11",
            "price": "26.51",
            "revenue": 6022
        },
        "2020-12": {
            "month": "2020-12",
            "price": "26.87",
            "revenue": 6065
        },
        "2021-01": {
            "month": "2021-01",
            "price": "27.90",
            "revenue": 6218
        },
        "2021-02": {
            "month": "2021-02",
            "price": "28.46",
            "revenue": 6002
        },
        "2021-03": {
            "month": "2021-03",
            "price": "28.76",
            "revenue": 6196
        },
        "2021-04": {
            "month": "2021-04",
            "price": "31.36",
            "revenue": 6260
        },
        "2021-05": {
            "month": "2021-05",
            "price": "28.66",
            "revenue": 6562
        },
        "2021-06": {
            "month": "2021-06",
            "price": "33.54",
            "revenue": 6368
        },
        "2021-07": {
            "month": "2021-07",
            "price": "29.90",
            "revenue": 6403
        },
        "2021-08": {
            "month": "2021-08",
            "price": "30.50",
            "revenue": 6897
        },
        "2021-09": {
            "month": "2021-09",
            "price": "32.04",
            "revenue": 6679
        },
        "2021-10": {
            "month": "2021-10",
            "price": "31.50",
            "revenue": 6578
        },
        "2021-11": {
            "month": "2021-11",
            "price": "31.96",
            "revenue": 7200
        },
        "2021-12": {
            "month": "2021-12",
            "price": "33.31",
            "revenue": 7214
        },
        "2022-01": {
            "month": "2022-01",
            "price": "35.00",
            "revenue": 7179
        },
        "2022-02": {
            "month": "2022-02",
            "price": "36.78",
            "revenue": 7013
        },
        "2022-03": {
            "month": "2022-03",
            "price": "40.59",
            "revenue": 6939
        },
        "2022-04": {
            "month": "2022-04",
            "price": "42.22",
            "revenue": 7308
        },
        "2022-05": {
            "month": "2022-05",
            "price": "39.95",
            "revenue": 7138
        },
        "2022-06": {
            "month": "2022-06",
            "price": "37.81",
            "revenue": 7100
        },
        "2022-07": {
            "month": "2022-07",
            "price": "37.23",
            "revenue": 7415
        },
        "2022-08": {
            "month": "2022-08",
            "price": "35.93",
            "revenue": 7215
        },
        "2022-09": {
            "month": "2022-09",
            "price": "35.80",
            "revenue": 7224
        },
        "2022-10": {
            "month": "2022-10",
            "price": "34.54",
            "revenue": 7322
        },
        "2022-11": {
            "month": "2022-11",
            "price": "34.14",
            "revenue": 7291
        },
        "2022-12": {
            "month": "2022-12",
            "price": "35.48",
            "revenue": 7405
        },
        "2023-01": {
            "month": "2023-01",
            "price": "38.04",
            "revenue": 6859
        },
        "2023-02": {
            "month": "2023-02",
            "price": "39.42",
            "revenue": 6955
        },
        "2023-03": {
            "month": "2023-03",
            "price": "41.57",
            "revenue": 7667
        },
        "2023-04": {
            "month": "2023-04",
            "price": "41.49",
            "revenue": 7292
        },
        "2023-05": {
            "month": "2023-05",
            "price": "41.78",
            "revenue": 7354
        },
        "2023-06": {
            "month": "2023-06",
            "price": "40.14",
            "revenue": 7441
        },
        "2023-07": {
            "month": "2023-07",
            "price": "37.20",
            "revenue": 7147
        },
        "2023-08": {
            "month": "2023-08",
            "price": "35.09",
            "revenue": 7365
        },
        "2023-09": {
            "month": "2023-09",
            "price": "34.65",
            "revenue": 7478
        },
        "2023-10": {
            "month": "2023-10",
            "price": "33.64",
            "revenue": 7404
        },
        "2023-11": {
            "month": "2023-11",
            "price": "34.07",
            "revenue": 7631
        },
        "2023-12": {
            "month": "2023-12",
            "price": "34.31",
            "revenue": 7676
        }
    }
}
