{
    "summary": {
        "stock_name": "陸海",
        "stock_id": "5603",
        "category": "航運",
        "main_business": "貨櫃運輸<br>重機件運輸",
        "website_url": "http://www.sea-land.com.tw",
        "ceo": "何英津",
        "pe_ratio": 11,
        "report_year_from": 2001,
        "report_year_to": 2023,
        "age": 22,
        "eps_negative_percentage": 26,
        "eps_growth_avg": {
            "last_all": -41.59,
            "last_2y": 11.58,
            "last_4y": -42.31,
            "last_8y": -19.73,
            "last_12y": -28.64,
            "last_16y": -38.49,
            "last_20y": -41.59,
            "at_2006_last_3y": -41.06,
            "at_2007_last_3y": -41.06,
            "at_2008_last_3y": -41.06,
            "at_2009_last_3y": -68.03,
            "at_2010_last_3y": -100,
            "at_2011_last_3y": -100,
            "at_2012_last_3y": -100,
            "at_2013_last_3y": -100,
            "at_2014_last_3y": 0,
            "at_2015_last_3y": 30.77,
            "at_2016_last_3y": 8.21,
            "at_2017_last_3y": 2.86,
            "at_2018_last_3y": -45.24,
            "at_2019_last_3y": -60.63,
            "at_2020_last_3y": -68.53,
            "at_2021_last_3y": -30.8,
            "at_2022_last_3y": -25.61,
            "at_2023_last_3y": -25.61,
            "at_2006_last_all": -41.51,
            "at_2007_last_all": -53.21,
            "at_2008_last_all": -53.21,
            "at_2009_last_all": -61.01,
            "at_2010_last_all": -61.01,
            "at_2011_last_all": -66.58,
            "at_2012_last_all": -66.58,
            "at_2013_last_all": -66.58,
            "at_2014_last_all": -45.76,
            "at_2015_last_all": -44.95,
            "at_2016_last_all": -44.14,
            "at_2017_last_all": -41.33,
            "at_2018_last_all": -45.58,
            "at_2019_last_all": -49.77,
            "at_2020_last_all": -49.77,
            "at_2021_last_all": -39.07,
            "at_2022_last_all": -41.59,
            "at_2023_last_all": -41.59
        },
        "latest_eps": 1.86,
        "latest_price": 21.15,
        "latest_roe": 11.01,
        "latest_gross_margin": 13.51,
        "latest_equity": 1846550,
        "latest_revenue": 518298,
        "latest_gross_profit": 69997,
        "latest_net_income": 36194,
        "latest_debt_ratio": 33.02,
        "latest_current_ratio": 119.3,
        "latest_account_receivable_turnover_ratio": 1.52,
        "latest_inventory_turnover_ratio": 4.66,
        "latest_reinvestment_rate": 32.25,
        "latest_research_to_sale_ratio": null
    },
    "eps_dividends": {
        "1994": {
            "cash": 0.24,
            "stock": 1,
            "eps": 0
        },
        "1995": {
            "cash": 0,
            "stock": 2,
            "eps": 0
        },
        "1996": {
            "cash": 0,
            "stock": 1.5,
            "eps": 0
        },
        "1997": {
            "cash": 0,
            "stock": 1.3,
            "eps": 0
        },
        "1998": {
            "cash": 0,
            "stock": 1.3,
            "eps": 0
        },
        "1999": {
            "cash": 0,
            "stock": 1,
            "eps": 0
        },
        "2000": {
            "cash": 0,
            "stock": 0.5,
            "eps": 0
        },
        "2001": {
            "cash": 0,
            "stock": 0,
            "eps": 0.07
        },
        "2002": {
            "cash": 0,
            "stock": 0,
            "eps": 0.04
        },
        "2003": {
            "cash": 0,
            "stock": 0,
            "eps": -1.79
        },
        "2004": {
            "cash": 0,
            "stock": 0,
            "eps": 2.41
        },
        "2005": {
            "cash": 1.2,
            "stock": 1.2,
            "eps": 1.95
        },
        "2006": {
            "cash": 1,
            "stock": 0,
            "eps": 1.87
        },
        "2007": {
            "cash": 0,
            "stock": 0,
            "eps": -0.49
        },
        "2008": {
            "cash": 0,
            "stock": 0,
            "eps": 0.63
        },
        "2009": {
            "cash": 0,
            "stock": 0,
            "eps": -0.09
        },
        "2010": {
            "cash": 0,
            "stock": 0,
            "eps": 0.4
        },
        "2011": {
            "cash": 0,
            "stock": 0,
            "eps": -0.56
        },
        "2012": {
            "cash": 0.63,
            "stock": 0,
            "eps": -0.42
        },
        "2013": {
            "cash": 0,
            "stock": 0,
            "eps": 0.63
        },
        "2014": {
            "cash": 0.1,
            "stock": 0.4,
            "eps": 2.73
        },
        "2015": {
            "cash": 1.5,
            "stock": 0.5,
            "eps": 1.68
        },
        "2016": {
            "cash": 1.1,
            "stock": 0,
            "eps": 1.06
        },
        "2017": {
            "cash": 0.7,
            "stock": 0,
            "eps": 0.92
        },
        "2018": {
            "cash": 0.6,
            "stock": 0,
            "eps": 0.07
        },
        "2019": {
            "cash": 0,
            "stock": 0,
            "eps": -0.15
        },
        "2020": {
            "cash": 0,
            "stock": 0,
            "eps": 1.42
        },
        "2021": {
            "cash": 1,
            "stock": 0.3,
            "eps": 9.24
        },
        "2022": {
            "cash": 4,
            "stock": 3,
            "eps": 2.14
        },
        "2023": {
            "cash": 1,
            "stock": 0,
            "eps": 0.33
        }
    },
    "dividends": {
        "1994-10-22": {
            "cash": 0.24,
            "stock": 1
        },
        "1995-04-27": {
            "cash": 0,
            "stock": 2
        },
        "1996-05-11": {
            "cash": 0,
            "stock": 1.5
        },
        "1997-05-19": {
            "cash": 0,
            "stock": 1.3
        },
        "1998-05-29": {
            "cash": 0,
            "stock": 1.3
        },
        "1999-03-25": {
            "cash": 0,
            "stock": 1
        },
        "2000-05-22": {
            "cash": 0,
            "stock": 0.5
        },
        "2005-04-13": {
            "cash": 1.2,
            "stock": 1.2
        },
        "2006-04-12": {
            "cash": 1,
            "stock": 0
        },
        "2012-06-13": {
            "cash": 0.63,
            "stock": 0
        },
        "2014-10-09": {
            "cash": 0.1,
            "stock": 0.4
        },
        "2015-09-24": {
            "cash": 1.5,
            "stock": 0.5
        },
        "2016-08-25": {
            "cash": 1.1,
            "stock": 0
        },
        "2017-08-03": {
            "cash": 0.7,
            "stock": 0
        },
        "2018-09-21": {
            "cash": 0.6,
            "stock": 0
        },
        "2021-10-20": {
            "cash": 1,
            "stock": 0.3
        },
        "2022-09-23": {
            "cash": 4,
            "stock": 3
        },
        "2023-03-15": {
            "cash": 1,
            "stock": 0
        }
    },
    "prices": {
        "200101": "7.38",
        "200102": "8.17",
        "200103": "7.33",
        "200104": "6.68",
        "200105": "6.74",
        "200106": "5.44",
        "200107": "5.80",
        "200108": "5.68",
        "200109": "5.81",
        "200110": "5.34",
        "200111": "5.10",
        "200112": "6.90",
        "200201": "7.15",
        "200202": "6.84",
        "200203": "8.13",
        "200204": "8.41",
        "200205": "7.80",
        "200206": "7.58",
        "200207": "7.32",
        "200208": "6.82",
        "200209": "6.80",
        "200210": "6.50",
        "200211": "5.79",
        "200212": "6.47",
        "200301": "7.61",
        "200302": "7.17",
        "200303": "6.43",
        "200304": "6.32",
        "200305": "5.98",
        "200306": "5.89",
        "200307": "6.00",
        "200308": "5.79",
        "200309": "5.55",
        "200310": "5.67",
        "200311": "5.66",
        "200312": "5.57",
        "200401": "6.03",
        "200402": "8.12",
        "200403": "8.59",
        "200404": "9.63",
        "200405": "11.51",
        "200406": "11.57",
        "200407": "12.06",
        "200408": "11.81",
        "200409": "14.85",
        "200410": "14.22",
        "200411": "12.64",
        "200412": "12.37",
        "200501": "12.68",
        "200502": "13.06",
        "200503": "14.07",
        "200504": "14.84",
        "200505": "14.35",
        "200506": "14.66",
        "200507": "14.03",
        "200508": "12.67",
        "200509": "12.27",
        "200510": "11.20",
        "200511": "11.22",
        "200512": "11.37",
        "200601": "11.09",
        "200602": "10.55",
        "200603": "9.70",
        "200604": "10.28",
        "200605": "11.86",
        "200606": "10.59",
        "200607": "11.54",
        "200608": "11.00",
        "200609": "10.75",
        "200610": "11.08",
        "200611": "13.50",
        "200612": "13.76",
        "200701": "14.01",
        "200702": "13.88",
        "200703": "13.27",
        "200704": "14.00",
        "200705": "12.78",
        "200706": "12.88",
        "200707": "17.25",
        "200708": "16.64",
        "200709": "15.68",
        "200710": "15.03",
        "200711": "13.07",
        "200712": "12.28",
        "200801": "12.10",
        "200802": "12.78",
        "200803": "15.32",
        "200804": "16.90",
        "200805": "16.38",
        "200806": "13.68",
        "200807": "10.91",
        "200808": "13.65",
        "200809": "10.34",
        "200810": "8.24",
        "200811": "7.76",
        "200812": "7.59",
        "200901": "6.81",
        "200902": "6.12",
        "200903": "6.98",
        "200904": "8.25",
        "200905": "8.60",
        "200906": "8.18",
        "200907": "8.10",
        "200908": "8.16",
        "200909": "8.24",
        "200910": "8.96",
        "200911": "9.05",
        "200912": "9.91",
        "201001": "11.80",
        "201002": "11.90",
        "201003": "13.49",
        "201004": "14.08",
        "201005": "13.74",
        "201006": "13.16",
        "201007": "13.64",
        "201008": "13.59",
        "201009": "12.42",
        "201010": "12.50",
        "201011": "11.91",
        "201012": "12.17",
        "201101": "12.71",
        "201102": "12.49",
        "201103": "12.45",
        "201104": "15.12",
        "201105": "15.00",
        "201106": "15.65",
        "201107": "15.20",
        "201108": "13.54",
        "201109": "11.23",
        "201110": "10.20",
        "201111": "11.96",
        "201112": "10.56",
        "201201": "10.11",
        "201202": "10.85",
        "201203": "10.44",
        "201204": "10.54",
        "201205": "10.38",
        "201206": "10.12",
        "201207": "10.07",
        "201208": "10.15",
        "201209": "12.50",
        "201210": "11.62",
        "201211": "10.57",
        "201212": "10.50",
        "201301": "10.30",
        "201302": "9.91",
        "201303": "9.88",
        "201304": "9.31",
        "201305": "9.29",
        "201306": "9.59",
        "201307": "9.47",
        "201308": "9.43",
        "201309": "9.43",
        "201310": "9.77",
        "201311": "9.67",
        "201312": "10.82",
        "201401": "12.91",
        "201402": "14.61",
        "201403": "15.60",
        "201404": "15.64",
        "201405": "15.62",
        "201406": "16.21",
        "201407": "18.11",
        "201408": "20.93",
        "201409": "22.37",
        "201410": "19.05",
        "201411": "21.04",
        "201412": "19.85",
        "201501": "23.92",
        "201502": "22.21",
        "201503": "22.61",
        "201504": "21.74",
        "201505": "20.77",
        "201506": "19.83",
        "201507": "19.38",
        "201508": "16.88",
        "201509": "14.94",
        "201510": "15.28",
        "201511": "15.58",
        "201512": "14.45",
        "201601": "14.22",
        "201602": "15.04",
        "201603": "15.64",
        "201604": "14.70",
        "201605": "14.07",
        "201606": "14.06",
        "201607": "14.64",
        "201608": "14.03",
        "201609": "13.64",
        "201610": "13.22",
        "201611": "12.97",
        "201612": "13.50",
        "201701": "13.24",
        "201702": "13.66",
        "201703": "13.92",
        "201704": "13.43",
        "201705": "12.96",
        "201706": "13.00",
        "201707": "12.58",
        "201708": "12.08",
        "201709": "12.42",
        "201710": "12.20",
        "201711": "12.31",
        "201712": "12.28",
        "201801": "12.64",
        "201802": "12.20",
        "201803": "12.24",
        "201804": "12.54",
        "201805": "12.20",
        "201806": "11.87",
        "201807": "11.55",
        "201808": "11.64",
        "201809": "10.46",
        "201810": "9.78",
        "201811": "9.98",
        "201812": "10.95",
        "201901": "10.85",
        "201902": "10.90",
        "201903": "11.44",
        "201904": "11.21",
        "201905": "10.68",
        "201906": "10.48",
        "201907": "10.94",
        "201908": "11.46",
        "201909": "11.57",
        "201910": "11.52",
        "201911": "11.50",
        "201912": "11.45",
        "202001": "11.29",
        "202002": "10.89",
        "202003": "10.02",
        "202004": "9.56",
        "202005": "9.67",
        "202006": "9.48",
        "202007": "10.16",
        "202008": "10.13",
        "202009": "10.19",
        "202010": "18.02",
        "202011": "20.63",
        "202012": "20.03",
        "202101": "17.37",
        "202102": "17.81",
        "202103": "20.84",
        "202104": "23.42",
        "202105": "23.96",
        "202106": "37.07",
        "202107": "34.79",
        "202108": "30.38",
        "202109": "30.77",
        "202110": "27.79",
        "202111": "31.52",
        "202112": "31.66",
        "202201": "31.73",
        "202202": "32.70",
        "202203": "37.71",
        "202204": "53.35",
        "202205": "47.74",
        "202206": "41.98",
        "202207": "37.85",
        "202208": "40.93",
        "202209": "27.14",
        "202210": "21.16",
        "202211": "20.69",
        "202212": "22.68",
        "202301": "22.13",
        "202302": "23.05",
        "202303": "22.58",
        "202304": "21.62",
        "202305": "20.76",
        "202306": "21.27"
    },
    "quarters": {
        "20011": {
            "year_quarter": 20011,
            "year": 2001,
            "quarter": 1,
            "eps": 0.01,
            "eps_growth_year": null,
            "eps_4q": 0.06,
            "eps_4q_growth_year": -53.55,
            "roe": 0.08,
            "roe_4q": 0.08,
            "gross_profit": 33449,
            "gross_margin": 10.83,
            "gross_margin_4q_avg": 10.83,
            "net_income": 650,
            "revenue": 308912,
            "common_shares": 656886,
            "book_valuer_per_share": 12.12,
            "book_valuer_per_share_4q_avg": 12.12,
            "equity": 796472,
            "current_ratio": 91.69,
            "debt_ratio": 47.33,
            "inventory_turnover_ratio": null,
            "account_receivable_turnover_ratio": null,
            "reinvestment_rate": null,
            "research_to_sale_ratio": null,
            "price_fair": 0,
            "eps_avg_yearly": 0,
            "eps_latest_yearly": 0,
            "eps_growth_yearly": 0
        },
        "20012": {
            "year_quarter": 20012,
            "year": 2001,
            "quarter": 2,
            "eps": 0.08,
            "eps_growth_year": null,
            "eps_4q": 0.31,
            "eps_4q_growth_year": null,
            "roe": 0.62,
            "roe_4q": 0.7,
            "gross_profit": 36587,
            "gross_margin": 11.71,
            "gross_margin_4q_avg": 11.27,
            "net_income": 4972,
            "revenue": 312364,
            "common_shares": 656886,
            "book_valuer_per_share": 12.22,
            "book_valuer_per_share_4q_avg": 12.17,
            "equity": 802951,
            "current_ratio": 80.93,
            "debt_ratio": 47.4,
            "inventory_turnover_ratio": null,
            "account_receivable_turnover_ratio": null,
            "reinvestment_rate": null,
            "research_to_sale_ratio": null,
            "price_fair": 0,
            "eps_avg_yearly": 0,
            "eps_latest_yearly": 0,
            "eps_growth_yearly": 0
        },
        "20013": {
            "year_quarter": 20013,
            "year": 2001,
            "quarter": 3,
            "eps": -0.26,
            "eps_growth_year": -300,
            "eps_4q": -0.09,
            "eps_4q_growth_year": null,
            "roe": -2.1,
            "roe_4q": -1.4,
            "gross_profit": 16067,
            "gross_margin": 5.97,
            "gross_margin_4q_avg": 9.5,
            "net_income": -16644,
            "revenue": 269225,
            "common_shares": 656886,
            "book_valuer_per_share": 11.86,
            "book_valuer_per_share_4q_avg": 12.07,
            "equity": 779282,
            "current_ratio": 77.68,
            "debt_ratio": 47.77,
            "inventory_turnover_ratio": null,
            "account_receivable_turnover_ratio": null,
            "reinvestment_rate": null,
            "research_to_sale_ratio": null,
            "price_fair": 0,
            "eps_avg_yearly": 0,
            "eps_latest_yearly": 0,
            "eps_growth_yearly": 0
        },
        "20014": {
            "year_quarter": 20014,
            "year": 2001,
            "quarter": 4,
            "eps": 0.24,
            "eps_growth_year": 200,
            "eps_4q": 0.07,
            "eps_4q_growth_year": null,
            "roe": 1.96,
            "roe_4q": 0.5599999999999998,
            "gross_profit": 27288,
            "gross_margin": 9.63,
            "gross_margin_4q_avg": 9.54,
            "net_income": 15372,
            "revenue": 283301,
            "common_shares": 656886,
            "book_valuer_per_share": 12.02,
            "book_valuer_per_share_4q_avg": 12.06,
            "equity": 789494,
            "current_ratio": 103.83,
            "debt_ratio": 49.02,
            "inventory_turnover_ratio": 24.35,
            "account_receivable_turnover_ratio": null,
            "reinvestment_rate": null,
            "research_to_sale_ratio": null,
            "price_fair": 0,
            "eps_avg_yearly": 0,
            "eps_latest_yearly": 0,
            "eps_growth_yearly": 0
        },
        "20021": {
            "year_quarter": 20021,
            "year": 2002,
            "quarter": 1,
            "eps": -0.22,
            "eps_growth_year": -2300,
            "eps_4q": -0.16,
            "eps_4q_growth_year": -353.49,
            "roe": -1.75,
            "roe_4q": -1.27,
            "gross_profit": 23368,
            "gross_margin": 9.27,
            "gross_margin_4q_avg": 9.15,
            "net_income": -13712,
            "revenue": 252068,
            "common_shares": 656886,
            "book_valuer_per_share": 11.81,
            "book_valuer_per_share_4q_avg": 11.98,
            "equity": 775782,
            "current_ratio": 100.33,
            "debt_ratio": 48.62,
            "inventory_turnover_ratio": 9.2,
            "account_receivable_turnover_ratio": null,
            "reinvestment_rate": null,
            "research_to_sale_ratio": null,
            "price_fair": 0,
            "eps_avg_yearly": 0,
            "eps_latest_yearly": 0,
            "eps_growth_yearly": 0
        },
        "20022": {
            "year_quarter": 20022,
            "year": 2002,
            "quarter": 2,
            "eps": 0.12,
            "eps_growth_year": 50,
            "eps_4q": -0.13,
            "eps_4q_growth_year": -141.53,
            "roe": 0.93,
            "roe_4q": -0.96,
            "gross_profit": 19129,
            "gross_margin": 6.62,
            "gross_margin_4q_avg": 7.87,
            "net_income": 7210,
            "revenue": 288915,
            "common_shares": 656886,
            "book_valuer_per_share": 11.86,
            "book_valuer_per_share_4q_avg": 11.89,
            "equity": 779081,
            "current_ratio": 101.92,
            "debt_ratio": 49.07,
            "inventory_turnover_ratio": 7.44,
            "account_receivable_turnover_ratio": null,
            "reinvestment_rate": null,
            "research_to_sale_ratio": null,
            "price_fair": 0,
            "eps_avg_yearly": 0,
            "eps_latest_yearly": 0,
            "eps_growth_yearly": 0
        },
        "20023": {
            "year_quarter": 20023,
            "year": 2002,
            "quarter": 3,
            "eps": -0.17,
            "eps_growth_year": null,
            "eps_4q": -0.03,
            "eps_4q_growth_year": null,
            "roe": -1.39,
            "roe_4q": -0.25,
            "gross_profit": 30676,
            "gross_margin": 10.06,
            "gross_margin_4q_avg": 8.9,
            "net_income": -10747,
            "revenue": 304861,
            "common_shares": 656886,
            "book_valuer_per_share": 11.75,
            "book_valuer_per_share_4q_avg": 11.86,
            "equity": 771970,
            "current_ratio": 99.7,
            "debt_ratio": 48.6,
            "inventory_turnover_ratio": 5.67,
            "account_receivable_turnover_ratio": null,
            "reinvestment_rate": null,
            "research_to_sale_ratio": null,
            "price_fair": 0,
            "eps_avg_yearly": 0,
            "eps_latest_yearly": 0,
            "eps_growth_yearly": 0
        },
        "20024": {
            "year_quarter": 20024,
            "year": 2002,
            "quarter": 4,
            "eps": 0.31,
            "eps_growth_year": 29.17,
            "eps_4q": 0.03,
            "eps_4q_growth_year": -50.02,
            "roe": 2.49,
            "roe_4q": 0.28000000000000025,
            "gross_profit": 54359,
            "gross_margin": 14.28,
            "gross_margin_4q_avg": 10.06,
            "net_income": 19370,
            "revenue": 380550,
            "common_shares": 656886,
            "book_valuer_per_share": 11.92,
            "book_valuer_per_share_4q_avg": 11.84,
            "equity": 782720,
            "current_ratio": 102.1,
            "debt_ratio": 49.89,
            "inventory_turnover_ratio": 5.92,
            "account_receivable_turnover_ratio": null,
            "reinvestment_rate": 290.9,
            "research_to_sale_ratio": null,
            "price_fair": 0,
            "eps_avg_yearly": 0,
            "eps_latest_yearly": 0,
            "eps_growth_yearly": 0
        },
        "20031": {
            "year_quarter": 20031,
            "year": 2003,
            "quarter": 1,
            "eps": 0.08,
            "eps_growth_year": null,
            "eps_4q": 0.34,
            "eps_4q_growth_year": null,
            "roe": 0.62,
            "roe_4q": 2.6500000000000004,
            "gross_profit": 46361,
            "gross_margin": 13.96,
            "gross_margin_4q_avg": 11.23,
            "net_income": 4906,
            "revenue": 332081,
            "common_shares": 656886,
            "book_valuer_per_share": 11.99,
            "book_valuer_per_share_4q_avg": 11.88,
            "equity": 787626,
            "current_ratio": 103.41,
            "debt_ratio": 51.4,
            "inventory_turnover_ratio": 4.64,
            "account_receivable_turnover_ratio": null,
            "reinvestment_rate": 328.85,
            "research_to_sale_ratio": null,
            "price_fair": 0.96,
            "eps_avg_yearly": 0.32,
            "eps_latest_yearly": 0.32,
            "eps_growth_yearly": -296.77
        },
        "20032": {
            "year_quarter": 20032,
            "year": 2003,
            "quarter": 2,
            "eps": -2.04,
            "eps_growth_year": -1800,
            "eps_4q": -1.71,
            "eps_4q_growth_year": null,
            "roe": -17.33,
            "roe_4q": -15.609999999999998,
            "gross_profit": 36483,
            "gross_margin": 10.83,
            "gross_margin_4q_avg": 12.28,
            "net_income": -125636,
            "revenue": 336735,
            "common_shares": 656886,
            "book_valuer_per_share": 10.08,
            "book_valuer_per_share_4q_avg": 11.44,
            "equity": 661990,
            "current_ratio": 97.83,
            "debt_ratio": 55.22,
            "inventory_turnover_ratio": 6.11,
            "account_receivable_turnover_ratio": null,
            "reinvestment_rate": null,
            "research_to_sale_ratio": null,
            "price_fair": 0.96,
            "eps_avg_yearly": 0.32,
            "eps_latest_yearly": 0.32,
            "eps_growth_yearly": -296.77
        },
        "20033": {
            "year_quarter": 20033,
            "year": 2003,
            "quarter": 3,
            "eps": -0.01,
            "eps_growth_year": null,
            "eps_4q": -1.55,
            "eps_4q_growth_year": null,
            "roe": -0.07,
            "roe_4q": -14.289999999999997,
            "gross_profit": 26692,
            "gross_margin": 8.5,
            "gross_margin_4q_avg": 11.89,
            "net_income": -445,
            "revenue": 313975,
            "common_shares": 656886,
            "book_valuer_per_share": 10.05,
            "book_valuer_per_share_4q_avg": 11.01,
            "equity": 660227,
            "current_ratio": 89.05,
            "debt_ratio": 52.86,
            "inventory_turnover_ratio": 8.41,
            "account_receivable_turnover_ratio": null,
            "reinvestment_rate": null,
            "research_to_sale_ratio": null,
            "price_fair": 0.96,
            "eps_avg_yearly": 0.32,
            "eps_latest_yearly": 0.32,
            "eps_growth_yearly": -296.77
        },
        "20034": {
            "year_quarter": 20034,
            "year": 2003,
            "quarter": 4,
            "eps": 0.18,
            "eps_growth_year": -41.94,
            "eps_4q": -1.79,
            "eps_4q_growth_year": -5382.07,
            "roe": 1.67,
            "roe_4q": -15.11,
            "gross_profit": 43474,
            "gross_margin": 10.7,
            "gross_margin_4q_avg": 11,
            "net_income": 11055,
            "revenue": 406243,
            "common_shares": 656886,
            "book_valuer_per_share": 10.1,
            "book_valuer_per_share_4q_avg": 10.56,
            "equity": 663215,
            "current_ratio": 97.11,
            "debt_ratio": 55.87,
            "inventory_turnover_ratio": 9.96,
            "account_receivable_turnover_ratio": null,
            "reinvestment_rate": null,
            "research_to_sale_ratio": null,
            "price_fair": 0.96,
            "eps_avg_yearly": 0.32,
            "eps_latest_yearly": 0.32,
            "eps_growth_yearly": -296.77
        },
        "20041": {
            "year_quarter": 20041,
            "year": 2004,
            "quarter": 1,
            "eps": 0.54,
            "eps_growth_year": 575,
            "eps_4q": -1.33,
            "eps_4q_growth_year": -492,
            "roe": 4.9,
            "roe_4q": -10.829999999999998,
            "gross_profit": 59011,
            "gross_margin": 13.84,
            "gross_margin_4q_avg": 10.97,
            "net_income": 33293,
            "revenue": 426254,
            "common_shares": 616975,
            "book_valuer_per_share": 11.28,
            "book_valuer_per_share_4q_avg": 10.38,
            "equity": 695650,
            "current_ratio": 102.43,
            "debt_ratio": 53.66,
            "inventory_turnover_ratio": 8.94,
            "account_receivable_turnover_ratio": null,
            "reinvestment_rate": null,
            "research_to_sale_ratio": null,
            "price_fair": 43.4,
            "eps_avg_yearly": 1.24,
            "eps_latest_yearly": 2.16,
            "eps_growth_yearly": 251.61
        },
        "20042": {
            "year_quarter": 20042,
            "year": 2004,
            "quarter": 2,
            "eps": 1.14,
            "eps_growth_year": null,
            "eps_4q": 1.85,
            "eps_4q_growth_year": null,
            "roe": 9.61,
            "roe_4q": 16.11,
            "gross_profit": 93492,
            "gross_margin": 18.02,
            "gross_margin_4q_avg": 12.77,
            "net_income": 70198,
            "revenue": 518897,
            "common_shares": 616975,
            "book_valuer_per_share": 12.4,
            "book_valuer_per_share_4q_avg": 10.96,
            "equity": 765190,
            "current_ratio": 105.93,
            "debt_ratio": 52.96,
            "inventory_turnover_ratio": 9.11,
            "account_receivable_turnover_ratio": null,
            "reinvestment_rate": -673.96,
            "research_to_sale_ratio": null,
            "price_fair": 82.13,
            "eps_avg_yearly": 2.35,
            "eps_latest_yearly": 4.56,
            "eps_growth_yearly": 315.89
        },
        "20043": {
            "year_quarter": 20043,
            "year": 2004,
            "quarter": 3,
            "eps": 0.51,
            "eps_growth_year": null,
            "eps_4q": 2.37,
            "eps_4q_growth_year": null,
            "roe": 4.02,
            "roe_4q": 20.200000000000003,
            "gross_profit": 69296,
            "gross_margin": 14.23,
            "gross_margin_4q_avg": 14.2,
            "net_income": 31388,
            "revenue": 486950,
            "common_shares": 616975,
            "book_valuer_per_share": 12.91,
            "book_valuer_per_share_4q_avg": 11.67,
            "equity": 796578,
            "current_ratio": 108.69,
            "debt_ratio": 49.26,
            "inventory_turnover_ratio": 8.66,
            "account_receivable_turnover_ratio": null,
            "reinvestment_rate": -237.22,
            "research_to_sale_ratio": null,
            "price_fair": 79.45,
            "eps_avg_yearly": 2.27,
            "eps_latest_yearly": 2.04,
            "eps_growth_yearly": 181.65
        },
        "20044": {
            "year_quarter": 20044,
            "year": 2004,
            "quarter": 4,
            "eps": 0.22,
            "eps_growth_year": 22.22,
            "eps_4q": 2.38,
            "eps_4q_growth_year": null,
            "roe": 1.72,
            "roe_4q": 20.25,
            "gross_profit": 67241,
            "gross_margin": 13.63,
            "gross_margin_4q_avg": 14.93,
            "net_income": 13754,
            "revenue": 493334,
            "common_shares": 616975,
            "book_valuer_per_share": 13.02,
            "book_valuer_per_share_4q_avg": 12.4,
            "equity": 803267,
            "current_ratio": 103.87,
            "debt_ratio": 50.73,
            "inventory_turnover_ratio": 8.95,
            "account_receivable_turnover_ratio": null,
            "reinvestment_rate": -135.45,
            "research_to_sale_ratio": null,
            "price_fair": 69.72,
            "eps_avg_yearly": 1.99,
            "eps_latest_yearly": 0.88,
            "eps_growth_yearly": 99.83
        },
        "20051": {
            "year_quarter": 20051,
            "year": 2005,
            "quarter": 1,
            "eps": 0.62,
            "eps_growth_year": 14.81,
            "eps_4q": 2.5,
            "eps_4q_growth_year": null,
            "roe": 4.64,
            "roe_4q": 19.99,
            "gross_profit": 107257,
            "gross_margin": 19.13,
            "gross_margin_4q_avg": 16.25,
            "net_income": 38123,
            "revenue": 560808,
            "common_shares": 616975,
            "book_valuer_per_share": 13.64,
            "book_valuer_per_share_4q_avg": 12.99,
            "equity": 841390,
            "current_ratio": 101.14,
            "debt_ratio": 50.84,
            "inventory_turnover_ratio": 11.34,
            "account_receivable_turnover_ratio": null,
            "reinvestment_rate": -14.71,
            "research_to_sale_ratio": null,
            "price_fair": 72.57,
            "eps_avg_yearly": 2.07,
            "eps_latest_yearly": 2.48,
            "eps_growth_yearly": 204.41
        },
        "20052": {
            "year_quarter": 20052,
            "year": 2005,
            "quarter": 2,
            "eps": 0.67,
            "eps_growth_year": -41.23,
            "eps_4q": 2.03,
            "eps_4q_growth_year": 9.35,
            "roe": 5.01,
            "roe_4q": 15.389999999999999,
            "gross_profit": 83159,
            "gross_margin": 15.38,
            "gross_margin_4q_avg": 15.59,
            "net_income": 41136,
            "revenue": 540825,
            "common_shares": 616975,
            "book_valuer_per_share": 13,
            "book_valuer_per_share_4q_avg": 13.14,
            "equity": 802371,
            "current_ratio": 87.3,
            "debt_ratio": 55.06,
            "inventory_turnover_ratio": 15.25,
            "account_receivable_turnover_ratio": null,
            "reinvestment_rate": 16.81,
            "research_to_sale_ratio": null,
            "price_fair": 75.6,
            "eps_avg_yearly": 2.16,
            "eps_latest_yearly": 2.68,
            "eps_growth_yearly": 179.81
        },
        "20053": {
            "year_quarter": 20053,
            "year": 2005,
            "quarter": 3,
            "eps": 0.59,
            "eps_growth_year": 15.69,
            "eps_4q": 2.1,
            "eps_4q_growth_year": -11.37,
            "roe": 4.42,
            "roe_4q": 15.790000000000001,
            "gross_profit": 72705,
            "gross_margin": 16.76,
            "gross_margin_4q_avg": 16.23,
            "net_income": 36304,
            "revenue": 433674,
            "common_shares": 616975,
            "book_valuer_per_share": 13.59,
            "book_valuer_per_share_4q_avg": 13.31,
            "equity": 838675,
            "current_ratio": 96.39,
            "debt_ratio": 49.46,
            "inventory_turnover_ratio": 15.62,
            "account_receivable_turnover_ratio": null,
            "reinvestment_rate": 9.09,
            "research_to_sale_ratio": null,
            "price_fair": 76.48,
            "eps_avg_yearly": 2.19,
            "eps_latest_yearly": 2.36,
            "eps_growth_yearly": 151.37
        },
        "20054": {
            "year_quarter": 20054,
            "year": 2005,
            "quarter": 4,
            "eps": 0.07,
            "eps_growth_year": -68.18,
            "eps_4q": 2.02,
            "eps_4q_growth_year": -14.91,
            "roe": 0.47,
            "roe_4q": 14.54,
            "gross_profit": 65695,
            "gross_margin": 14.68,
            "gross_margin_4q_avg": 16.49,
            "net_income": 4142,
            "revenue": 447605,
            "common_shares": 616975,
            "book_valuer_per_share": 13.56,
            "book_valuer_per_share_4q_avg": 13.45,
            "equity": 905822,
            "current_ratio": 119.97,
            "debt_ratio": 54.67,
            "inventory_turnover_ratio": 4.59,
            "account_receivable_turnover_ratio": null,
            "reinvestment_rate": 161.06,
            "research_to_sale_ratio": null,
            "price_fair": 69.07,
            "eps_avg_yearly": 1.97,
            "eps_latest_yearly": 0.28,
            "eps_growth_yearly": 95.38
        },
        "20061": {
            "year_quarter": 20061,
            "year": 2006,
            "quarter": 1,
            "eps": 0.65,
            "eps_growth_year": 4.84,
            "eps_4q": 1.98,
            "eps_4q_growth_year": -20.6,
            "roe": 4.47,
            "roe_4q": 14.37,
            "gross_profit": 63562,
            "gross_margin": 16.04,
            "gross_margin_4q_avg": 15.72,
            "net_income": 39824,
            "revenue": 396151,
            "common_shares": 616975,
            "book_valuer_per_share": 14.21,
            "book_valuer_per_share_4q_avg": 13.59,
            "equity": 876602,
            "current_ratio": 120.55,
            "debt_ratio": 44.86,
            "inventory_turnover_ratio": 4.12,
            "account_receivable_turnover_ratio": null,
            "reinvestment_rate": -7.53,
            "research_to_sale_ratio": null,
            "price_fair": 71.26,
            "eps_avg_yearly": 2.04,
            "eps_latest_yearly": 2.6,
            "eps_growth_yearly": 417.27
        },
        "20062": {
            "year_quarter": 20062,
            "year": 2006,
            "quarter": 2,
            "eps": 0.29,
            "eps_growth_year": -56.72,
            "eps_4q": 1.58,
            "eps_4q_growth_year": -22.09,
            "roe": 2.12,
            "roe_4q": 11.48,
            "gross_profit": 40938,
            "gross_margin": 10.29,
            "gross_margin_4q_avg": 14.44,
            "net_income": 18066,
            "revenue": 397667,
            "common_shares": 616975,
            "book_valuer_per_share": 13.42,
            "book_valuer_per_share_4q_avg": 13.7,
            "equity": 827720,
            "current_ratio": 91.47,
            "debt_ratio": 50.65,
            "inventory_turnover_ratio": 30.05,
            "account_receivable_turnover_ratio": null,
            "reinvestment_rate": -11.68,
            "research_to_sale_ratio": null,
            "price_fair": 68.47,
            "eps_avg_yearly": 1.96,
            "eps_latest_yearly": 1.16,
            "eps_growth_yearly": 359.19
        },
        "20063": {
            "year_quarter": 20063,
            "year": 2006,
            "quarter": 3,
            "eps": 0.74,
            "eps_growth_year": 25.42,
            "eps_4q": 1.74,
            "eps_4q_growth_year": -17.2,
            "roe": 5.39,
            "roe_4q": 12.450000000000001,
            "gross_profit": 59907,
            "gross_margin": 13.77,
            "gross_margin_4q_avg": 13.7,
            "net_income": 45893,
            "revenue": 434968,
            "common_shares": 616975,
            "book_valuer_per_share": 14.16,
            "book_valuer_per_share_4q_avg": 13.84,
            "equity": 873613,
            "current_ratio": 96.69,
            "debt_ratio": 46.63,
            "inventory_turnover_ratio": 27.53,
            "account_receivable_turnover_ratio": null,
            "reinvestment_rate": -14.71,
            "research_to_sale_ratio": null,
            "price_fair": 71.4,
            "eps_avg_yearly": 2.04,
            "eps_latest_yearly": 2.96,
            "eps_growth_yearly": 380.99
        },
        "20064": {
            "year_quarter": 20064,
            "year": 2006,
            "quarter": 4,
            "eps": 0.19,
            "eps_growth_year": 171.43,
            "eps_4q": 1.89,
            "eps_4q_growth_year": -6.57,
            "roe": 1.25,
            "roe_4q": 13.23,
            "gross_profit": 44943,
            "gross_margin": 11.69,
            "gross_margin_4q_avg": 12.95,
            "net_income": 11598,
            "revenue": 384484,
            "common_shares": 616975,
            "book_valuer_per_share": 14.46,
            "book_valuer_per_share_4q_avg": 14.06,
            "equity": 981614,
            "current_ratio": 133.78,
            "debt_ratio": 48.22,
            "inventory_turnover_ratio": 4.09,
            "account_receivable_turnover_ratio": null,
            "reinvestment_rate": 81.3,
            "research_to_sale_ratio": null,
            "price_fair": 67.95,
            "eps_avg_yearly": 1.94,
            "eps_latest_yearly": 0.76,
            "eps_growth_yearly": 328.81
        },
        "20071": {
            "year_quarter": 20071,
            "year": 2007,
            "quarter": 1,
            "eps": 0.07,
            "eps_growth_year": -89.23,
            "eps_4q": 1.3,
            "eps_4q_growth_year": -34.4,
            "roe": 0.46,
            "roe_4q": 9.219999999999999,
            "gross_profit": 21991,
            "gross_margin": 7.58,
            "gross_margin_4q_avg": 10.83,
            "net_income": 4300,
            "revenue": 290005,
            "common_shares": 616975,
            "book_valuer_per_share": 14.53,
            "book_valuer_per_share_4q_avg": 14.14,
            "equity": 896272,
            "current_ratio": 99.02,
            "debt_ratio": 39.86,
            "inventory_turnover_ratio": 3.26,
            "account_receivable_turnover_ratio": null,
            "reinvestment_rate": -4.49,
            "research_to_sale_ratio": null,
            "price_fair": 67.85,
            "eps_avg_yearly": 1.94,
            "eps_latest_yearly": 0.28,
            "eps_growth_yearly": 332.21
        },
        "20072": {
            "year_quarter": 20072,
            "year": 2007,
            "quarter": 2,
            "eps": 0.05,
            "eps_growth_year": -82.76,
            "eps_4q": 1.12,
            "eps_4q_growth_year": -28.9,
            "roe": 0.33,
            "roe_4q": 7.43,
            "gross_profit": 35022,
            "gross_margin": 10.69,
            "gross_margin_4q_avg": 10.93,
            "net_income": 2881,
            "revenue": 327729,
            "common_shares": 616975,
            "book_valuer_per_share": 13.7,
            "book_valuer_per_share_4q_avg": 14.21,
            "equity": 845179,
            "current_ratio": 89.69,
            "debt_ratio": 41.85,
            "inventory_turnover_ratio": 17.86,
            "account_receivable_turnover_ratio": null,
            "reinvestment_rate": -7.84,
            "research_to_sale_ratio": null,
            "price_fair": 63.5,
            "eps_avg_yearly": 1.81,
            "eps_latest_yearly": 0.2,
            "eps_growth_yearly": 300.31
        },
        "20073": {
            "year_quarter": 20073,
            "year": 2007,
            "quarter": 3,
            "eps": -0.27,
            "eps_growth_year": -136.49,
            "eps_4q": 0.03,
            "eps_4q_growth_year": -98.15,
            "roe": -2.01,
            "roe_4q": 0.03000000000000025,
            "gross_profit": 21542,
            "gross_margin": 6.8,
            "gross_margin_4q_avg": 9.19,
            "net_income": -16795,
            "revenue": 316731,
            "common_shares": 616975,
            "book_valuer_per_share": 13.43,
            "book_valuer_per_share_4q_avg": 14.03,
            "equity": 828383,
            "current_ratio": 93.07,
            "debt_ratio": 41.46,
            "inventory_turnover_ratio": 19.16,
            "account_receivable_turnover_ratio": null,
            "reinvestment_rate": -9.7,
            "research_to_sale_ratio": null,
            "price_fair": 63.5,
            "eps_avg_yearly": 1.81,
            "eps_latest_yearly": 0.2,
            "eps_growth_yearly": 300.31
        },
        "20074": {
            "year_quarter": 20074,
            "year": 2007,
            "quarter": 4,
            "eps": -0.34,
            "eps_growth_year": -278.95,
            "eps_4q": -0.54,
            "eps_4q_growth_year": -128.44,
            "roe": -2.43,
            "roe_4q": -3.6499999999999995,
            "gross_profit": 17080,
            "gross_margin": 5.02,
            "gross_margin_4q_avg": 7.52,
            "net_income": -20793,
            "revenue": 340137,
            "common_shares": 616975,
            "book_valuer_per_share": 12.99,
            "book_valuer_per_share_4q_avg": 13.66,
            "equity": 883297,
            "current_ratio": 101.2,
            "debt_ratio": 50.75,
            "inventory_turnover_ratio": 3.94,
            "account_receivable_turnover_ratio": null,
            "reinvestment_rate": 66.86,
            "research_to_sale_ratio": null,
            "price_fair": 63.5,
            "eps_avg_yearly": 1.81,
            "eps_latest_yearly": 0.2,
            "eps_growth_yearly": 300.31
        },
        "20081": {
            "year_quarter": 20081,
            "year": 2008,
            "quarter": 1,
            "eps": 0.17,
            "eps_growth_year": 142.86,
            "eps_4q": -0.28,
            "eps_4q_growth_year": -121.83,
            "roe": 1.62,
            "roe_4q": -2.4899999999999998,
            "gross_profit": 81092,
            "gross_margin": 12.01,
            "gross_margin_4q_avg": 8.63,
            "net_income": 14389,
            "revenue": 675186,
            "common_shares": 616975,
            "book_valuer_per_share": 13.12,
            "book_valuer_per_share_4q_avg": 13.31,
            "equity": 894679,
            "current_ratio": 102.12,
            "debt_ratio": 53.68,
            "inventory_turnover_ratio": 4.06,
            "account_receivable_turnover_ratio": null,
            "reinvestment_rate": 80.48,
            "research_to_sale_ratio": null,
            "price_fair": 62.57,
            "eps_avg_yearly": 1.79,
            "eps_latest_yearly": 0.2,
            "eps_growth_yearly": 261.88
        },
        "20082": {
            "year_quarter": 20082,
            "year": 2008,
            "quarter": 2,
            "eps": -0.02,
            "eps_growth_year": -140,
            "eps_4q": -0.46,
            "eps_4q_growth_year": -140.97,
            "roe": 0.21,
            "roe_4q": -2.61,
            "gross_profit": 72061,
            "gross_margin": 11.86,
            "gross_margin_4q_avg": 8.92,
            "net_income": 1924,
            "revenue": 607770,
            "common_shares": 616975,
            "book_valuer_per_share": 13.04,
            "book_valuer_per_share_4q_avg": 13.15,
            "equity": 899621,
            "current_ratio": 100.01,
            "debt_ratio": 54.24,
            "inventory_turnover_ratio": 3.61,
            "account_receivable_turnover_ratio": null,
            "reinvestment_rate": 104.55,
            "research_to_sale_ratio": null,
            "price_fair": 54.48,
            "eps_avg_yearly": 1.56,
            "eps_latest_yearly": 0.2,
            "eps_growth_yearly": 246.66
        },
        "20083": {
            "year_quarter": 20083,
            "year": 2008,
            "quarter": 3,
            "eps": 0.3,
            "eps_growth_year": null,
            "eps_4q": 0.1,
            "eps_4q_growth_year": 221.86,
            "roe": 2.4,
            "roe_4q": 1.8000000000000003,
            "gross_profit": 92522,
            "gross_margin": 14.46,
            "gross_margin_4q_avg": 10.84,
            "net_income": 21423,
            "revenue": 639968,
            "common_shares": 616975,
            "book_valuer_per_share": 12.83,
            "book_valuer_per_share_4q_avg": 13,
            "equity": 888971,
            "current_ratio": 89.49,
            "debt_ratio": 57.96,
            "inventory_turnover_ratio": 3.12,
            "account_receivable_turnover_ratio": null,
            "reinvestment_rate": 135.97,
            "research_to_sale_ratio": null,
            "price_fair": 52.95,
            "eps_avg_yearly": 1.51,
            "eps_latest_yearly": 0.2,
            "eps_growth_yearly": 289.18
        },
        "20084": {
            "year_quarter": 20084,
            "year": 2008,
            "quarter": 4,
            "eps": 0.18,
            "eps_growth_year": null,
            "eps_4q": 0.51,
            "eps_4q_growth_year": null,
            "roe": 1.56,
            "roe_4q": 5.79,
            "gross_profit": 87744,
            "gross_margin": 17.55,
            "gross_margin_4q_avg": 13.97,
            "net_income": 13960,
            "revenue": 499939,
            "common_shares": 629315,
            "book_valuer_per_share": 12.8,
            "book_valuer_per_share_4q_avg": 12.95,
            "equity": 905408,
            "current_ratio": 113.07,
            "debt_ratio": 54.58,
            "inventory_turnover_ratio": 2.11,
            "account_receivable_turnover_ratio": 2.42,
            "reinvestment_rate": 132.85,
            "research_to_sale_ratio": null,
            "price_fair": 52.44,
            "eps_avg_yearly": 1.5,
            "eps_latest_yearly": 0.72,
            "eps_growth_yearly": 295.31
        },
        "20091": {
            "year_quarter": 20091,
            "year": 2009,
            "quarter": 1,
            "eps": -0.03,
            "eps_growth_year": -117.65,
            "eps_4q": 0.43,
            "eps_4q_growth_year": null,
            "roe": -0.33,
            "roe_4q": 3.84,
            "gross_profit": 51761,
            "gross_margin": 13.37,
            "gross_margin_4q_avg": 14.31,
            "net_income": -3014,
            "revenue": 387127,
            "common_shares": 629315,
            "book_valuer_per_share": 12.96,
            "book_valuer_per_share_4q_avg": 12.91,
            "equity": 915871,
            "current_ratio": 115.04,
            "debt_ratio": 48.16,
            "inventory_turnover_ratio": 1.99,
            "account_receivable_turnover_ratio": 1.07,
            "reinvestment_rate": 141.33,
            "research_to_sale_ratio": null,
            "price_fair": 49,
            "eps_avg_yearly": 1.4,
            "eps_latest_yearly": 0.72,
            "eps_growth_yearly": 252.12
        },
        "20092": {
            "year_quarter": 20092,
            "year": 2009,
            "quarter": 2,
            "eps": 0.06,
            "eps_growth_year": null,
            "eps_4q": 1.02,
            "eps_4q_growth_year": null,
            "roe": 0.2,
            "roe_4q": 3.83,
            "gross_profit": 50652,
            "gross_margin": 13.49,
            "gross_margin_4q_avg": 14.72,
            "net_income": 1877,
            "revenue": 375554,
            "common_shares": 629315,
            "book_valuer_per_share": 13.13,
            "book_valuer_per_share_4q_avg": 12.93,
            "equity": 924111,
            "current_ratio": 102.78,
            "debt_ratio": 50.56,
            "inventory_turnover_ratio": 2.33,
            "account_receivable_turnover_ratio": 1.19,
            "reinvestment_rate": 156.44,
            "research_to_sale_ratio": null,
            "price_fair": 44.02,
            "eps_avg_yearly": 1.26,
            "eps_latest_yearly": 0.72,
            "eps_growth_yearly": 276.55
        },
        "20093": {
            "year_quarter": 20093,
            "year": 2009,
            "quarter": 3,
            "eps": 0.18,
            "eps_growth_year": -40,
            "eps_4q": 0.55,
            "eps_4q_growth_year": 432.2,
            "roe": 0.86,
            "roe_4q": 2.29,
            "gross_profit": 56828,
            "gross_margin": 13.27,
            "gross_margin_4q_avg": 14.42,
            "net_income": 7927,
            "revenue": 428092,
            "common_shares": 629315,
            "book_valuer_per_share": 13.24,
            "book_valuer_per_share_4q_avg": 13.03,
            "equity": 928211,
            "current_ratio": 104.98,
            "debt_ratio": 50.64,
            "inventory_turnover_ratio": 2.45,
            "account_receivable_turnover_ratio": 1.37,
            "reinvestment_rate": 176.44,
            "research_to_sale_ratio": null,
            "price_fair": 37.64,
            "eps_avg_yearly": 1.08,
            "eps_latest_yearly": 0.72,
            "eps_growth_yearly": 370.74
        },
        "20094": {
            "year_quarter": 20094,
            "year": 2009,
            "quarter": 4,
            "eps": -0.3,
            "eps_growth_year": -266.67,
            "eps_4q": -0.1,
            "eps_4q_growth_year": -119.02,
            "roe": -2.85,
            "roe_4q": -2.12,
            "gross_profit": 33341,
            "gross_margin": 7.78,
            "gross_margin_4q_avg": 11.98,
            "net_income": -26391,
            "revenue": 428809,
            "common_shares": 629315,
            "book_valuer_per_share": 13.27,
            "book_valuer_per_share_4q_avg": 13.15,
            "equity": 922669,
            "current_ratio": 101.24,
            "debt_ratio": 52.31,
            "inventory_turnover_ratio": 2.05,
            "account_receivable_turnover_ratio": 2.6,
            "reinvestment_rate": 476.67,
            "research_to_sale_ratio": null,
            "price_fair": 41.13,
            "eps_avg_yearly": 1.18,
            "eps_latest_yearly": 0.72,
            "eps_growth_yearly": 461.15
        },
        "20101": {
            "year_quarter": 20101,
            "year": 2010,
            "quarter": 1,
            "eps": 0.17,
            "eps_growth_year": null,
            "eps_4q": 0.1,
            "eps_4q_growth_year": -76.62,
            "roe": 1.43,
            "roe_4q": -0.36000000000000015,
            "gross_profit": 56290,
            "gross_margin": 11.48,
            "gross_margin_4q_avg": 11.51,
            "net_income": 13116,
            "revenue": 490277,
            "common_shares": 629315,
            "book_valuer_per_share": 13.08,
            "book_valuer_per_share_4q_avg": 13.18,
            "equity": 913556,
            "current_ratio": 103.79,
            "debt_ratio": 50.8,
            "inventory_turnover_ratio": 2.2,
            "account_receivable_turnover_ratio": 1.51,
            "reinvestment_rate": 729.24,
            "research_to_sale_ratio": null,
            "price_fair": 34,
            "eps_avg_yearly": 0.97,
            "eps_latest_yearly": 0.72,
            "eps_growth_yearly": 53.56
        },
        "20102": {
            "year_quarter": 20102,
            "year": 2010,
            "quarter": 2,
            "eps": -0.01,
            "eps_growth_year": -110.73,
            "eps_4q": 0.04,
            "eps_4q_growth_year": -96.24,
            "roe": -0.22,
            "roe_4q": -0.7800000000000001,
            "gross_profit": 61038,
            "gross_margin": 12.95,
            "gross_margin_4q_avg": 11.37,
            "net_income": -2041,
            "revenue": 471272,
            "common_shares": 629315,
            "book_valuer_per_share": 13.1,
            "book_valuer_per_share_4q_avg": 13.17,
            "equity": 909321,
            "current_ratio": 98.64,
            "debt_ratio": 51.73,
            "inventory_turnover_ratio": 2.32,
            "account_receivable_turnover_ratio": 1.45,
            "reinvestment_rate": 947.69,
            "research_to_sale_ratio": null,
            "price_fair": 32.9,
            "eps_avg_yearly": 0.94,
            "eps_latest_yearly": 0.72,
            "eps_growth_yearly": 99.41
        },
        "20103": {
            "year_quarter": 20103,
            "year": 2010,
            "quarter": 3,
            "eps": 0.36,
            "eps_growth_year": 101.62,
            "eps_4q": 0.22,
            "eps_4q_growth_year": -59.8,
            "roe": 2.68,
            "roe_4q": 1.0399999999999996,
            "gross_profit": 86289,
            "gross_margin": 15.84,
            "gross_margin_4q_avg": 12.01,
            "net_income": 24650,
            "revenue": 544866,
            "common_shares": 629315,
            "book_valuer_per_share": 13.39,
            "book_valuer_per_share_4q_avg": 13.21,
            "equity": 929603,
            "current_ratio": 98.05,
            "debt_ratio": 52.95,
            "inventory_turnover_ratio": 2.54,
            "account_receivable_turnover_ratio": 1.47,
            "reinvestment_rate": 1351.92,
            "research_to_sale_ratio": null,
            "price_fair": 1.61,
            "eps_avg_yearly": 0.54,
            "eps_latest_yearly": 0.72,
            "eps_growth_yearly": -4.84
        },
        "20104": {
            "year_quarter": 20104,
            "year": 2010,
            "quarter": 4,
            "eps": -0.12,
            "eps_growth_year": null,
            "eps_4q": 0.4,
            "eps_4q_growth_year": null,
            "roe": -0.36,
            "roe_4q": 3.5300000000000002,
            "gross_profit": 62102,
            "gross_margin": 11.15,
            "gross_margin_4q_avg": 12.86,
            "net_income": -3280,
            "revenue": 556748,
            "common_shares": 629315,
            "book_valuer_per_share": 12.89,
            "book_valuer_per_share_4q_avg": 13.12,
            "equity": 897763,
            "current_ratio": 89.68,
            "debt_ratio": 54.27,
            "inventory_turnover_ratio": 2.63,
            "account_receivable_turnover_ratio": 1.4,
            "reinvestment_rate": 1368.94,
            "research_to_sale_ratio": null,
            "price_fair": 16.8,
            "eps_avg_yearly": 0.48,
            "eps_latest_yearly": 0.72,
            "eps_growth_yearly": 68.27
        },
        "20111": {
            "year_quarter": 20111,
            "year": 2011,
            "quarter": 1,
            "eps": -0.1,
            "eps_growth_year": -158.82,
            "eps_4q": 0.13,
            "eps_4q_growth_year": 31.08,
            "roe": -0.27,
            "roe_4q": 1.8300000000000003,
            "gross_profit": 50133,
            "gross_margin": 10.22,
            "gross_margin_4q_avg": 12.54,
            "net_income": -2461,
            "revenue": 490689,
            "common_shares": 629315,
            "book_valuer_per_share": 12.74,
            "book_valuer_per_share_4q_avg": 13.03,
            "equity": 896049,
            "current_ratio": 89.51,
            "debt_ratio": 54.6,
            "inventory_turnover_ratio": 2.32,
            "account_receivable_turnover_ratio": 1.28,
            "reinvestment_rate": 2896.95,
            "research_to_sale_ratio": null,
            "price_fair": 19.13,
            "eps_avg_yearly": 0.55,
            "eps_latest_yearly": 0.72,
            "eps_growth_yearly": 175.24
        },
        "20112": {
            "year_quarter": 20112,
            "year": 2011,
            "quarter": 2,
            "eps": -0.21,
            "eps_growth_year": null,
            "eps_4q": -0.07,
            "eps_4q_growth_year": -287.12,
            "roe": -1.33,
            "roe_4q": 0.7200000000000002,
            "gross_profit": 45296,
            "gross_margin": 8.33,
            "gross_margin_4q_avg": 11.39,
            "net_income": -11838,
            "revenue": 543762,
            "common_shares": 629315,
            "book_valuer_per_share": 12.61,
            "book_valuer_per_share_4q_avg": 12.91,
            "equity": 889578,
            "current_ratio": 108.6,
            "debt_ratio": 55.75,
            "inventory_turnover_ratio": 2.61,
            "account_receivable_turnover_ratio": 1.4,
            "reinvestment_rate": 6348.43,
            "research_to_sale_ratio": null,
            "price_fair": 25.2,
            "eps_avg_yearly": 0.72,
            "eps_latest_yearly": 0.72,
            "eps_growth_yearly": 320
        },
        "20113": {
            "year_quarter": 20113,
            "year": 2011,
            "quarter": 3,
            "eps": 0.04,
            "eps_growth_year": -89.53,
            "eps_4q": -0.4,
            "eps_4q_growth_year": -279.15,
            "roe": 0.37,
            "roe_4q": -1.5899999999999999,
            "gross_profit": 56530,
            "gross_margin": 10.33,
            "gross_margin_4q_avg": 10.01,
            "net_income": 3307,
            "revenue": 547060,
            "common_shares": 629315,
            "book_valuer_per_share": 12.75,
            "book_valuer_per_share_4q_avg": 12.75,
            "equity": 898751,
            "current_ratio": 121.83,
            "debt_ratio": 53.91,
            "inventory_turnover_ratio": 2.48,
            "account_receivable_turnover_ratio": 1.38,
            "reinvestment_rate": 2700.45,
            "research_to_sale_ratio": null,
            "price_fair": 25.2,
            "eps_avg_yearly": 0.72,
            "eps_latest_yearly": 0.72,
            "eps_growth_yearly": 320
        },
        "20114": {
            "year_quarter": 20114,
            "year": 2011,
            "quarter": 4,
            "eps": -0.29,
            "eps_growth_year": null,
            "eps_4q": -0.56,
            "eps_4q_growth_year": -241.11,
            "roe": -2.06,
            "roe_4q": -3.29,
            "gross_profit": 32606,
            "gross_margin": 6.2,
            "gross_margin_4q_avg": 8.77,
            "net_income": -19714,
            "revenue": 526223,
            "common_shares": 629315,
            "book_valuer_per_share": 14.1,
            "book_valuer_per_share_4q_avg": 13.05,
            "equity": 1013694,
            "current_ratio": 124.71,
            "debt_ratio": 54.69,
            "inventory_turnover_ratio": 2.5,
            "account_receivable_turnover_ratio": 1.35,
            "reinvestment_rate": 2418.1,
            "research_to_sale_ratio": null,
            "price_fair": 25.2,
            "eps_avg_yearly": 0.72,
            "eps_latest_yearly": 0.72,
            "eps_growth_yearly": 320
        },
        "20121": {
            "year_quarter": 20121,
            "year": 2012,
            "quarter": 1,
            "eps": -0.01,
            "eps_growth_year": null,
            "eps_4q": -0.47,
            "eps_4q_growth_year": -459.17,
            "roe": -0.02,
            "roe_4q": -3.04,
            "gross_profit": 53354,
            "gross_margin": 10.95,
            "gross_margin_4q_avg": 8.95,
            "net_income": -198,
            "revenue": 487394,
            "common_shares": 629315,
            "book_valuer_per_share": 14.06,
            "book_valuer_per_share_4q_avg": 13.38,
            "equity": 1011602,
            "current_ratio": 116.78,
            "debt_ratio": 53.32,
            "inventory_turnover_ratio": 2.4,
            "account_receivable_turnover_ratio": 1.31,
            "reinvestment_rate": 4373.96,
            "research_to_sale_ratio": null,
            "price_fair": 25.2,
            "eps_avg_yearly": 0.72,
            "eps_latest_yearly": 0.72,
            "eps_growth_yearly": 320
        },
        "20122": {
            "year_quarter": 20122,
            "year": 2012,
            "quarter": 2,
            "eps": 0.05,
            "eps_growth_year": null,
            "eps_4q": -0.21,
            "eps_4q_growth_year": null,
            "roe": 0.5,
            "roe_4q": -1.21,
            "gross_profit": 51397,
            "gross_margin": 10.47,
            "gross_margin_4q_avg": 9.49,
            "net_income": 4908,
            "revenue": 491056,
            "common_shares": 629315,
            "book_valuer_per_share": 13.5,
            "book_valuer_per_share_4q_avg": 13.6,
            "equity": 968867,
            "current_ratio": 83.46,
            "debt_ratio": 56.72,
            "inventory_turnover_ratio": 2.3,
            "account_receivable_turnover_ratio": 1.44,
            "reinvestment_rate": 4027.26,
            "research_to_sale_ratio": null,
            "price_fair": 25.2,
            "eps_avg_yearly": 0.72,
            "eps_latest_yearly": 0.72,
            "eps_growth_yearly": 320
        },
        "20123": {
            "year_quarter": 20123,
            "year": 2012,
            "quarter": 3,
            "eps": 0.11,
            "eps_growth_year": 184.61,
            "eps_4q": -0.14,
            "eps_4q_growth_year": null,
            "roe": 0.77,
            "roe_4q": -0.81,
            "gross_profit": 62176,
            "gross_margin": 12.17,
            "gross_margin_4q_avg": 9.95,
            "net_income": 7452,
            "revenue": 510918,
            "common_shares": 629315,
            "book_valuer_per_share": 13.56,
            "book_valuer_per_share_4q_avg": 13.81,
            "equity": 976038,
            "current_ratio": 82.79,
            "debt_ratio": 56.42,
            "inventory_turnover_ratio": 2.01,
            "account_receivable_turnover_ratio": 1.46,
            "reinvestment_rate": 11851.6,
            "research_to_sale_ratio": null,
            "price_fair": 21.93,
            "eps_avg_yearly": 0.63,
            "eps_latest_yearly": 0.44,
            "eps_growth_yearly": 373.33
        },
        "20124": {
            "year_quarter": 20124,
            "year": 2012,
            "quarter": 4,
            "eps": -0.57,
            "eps_growth_year": null,
            "eps_4q": -0.42,
            "eps_4q_growth_year": null,
            "roe": -3.64,
            "roe_4q": -2.39,
            "gross_profit": 8761,
            "gross_margin": 1.68,
            "gross_margin_4q_avg": 8.82,
            "net_income": -34792,
            "revenue": 521988,
            "common_shares": 629315,
            "book_valuer_per_share": 12.92,
            "book_valuer_per_share_4q_avg": 13.51,
            "equity": 935979,
            "current_ratio": 89.91,
            "debt_ratio": 57.65,
            "inventory_turnover_ratio": 2.13,
            "account_receivable_turnover_ratio": 1.4,
            "reinvestment_rate": null,
            "research_to_sale_ratio": null,
            "price_fair": 20.3,
            "eps_avg_yearly": 0.58,
            "eps_latest_yearly": 0.44,
            "eps_growth_yearly": 640
        },
        "20131": {
            "year_quarter": 20131,
            "year": 2013,
            "quarter": 1,
            "eps": 0.12,
            "eps_growth_year": null,
            "eps_4q": -0.28,
            "eps_4q_growth_year": null,
            "roe": 1.07,
            "roe_4q": -1.3000000000000003,
            "gross_profit": 61349,
            "gross_margin": 11.79,
            "gross_margin_4q_avg": 9.03,
            "net_income": 10120,
            "revenue": 520198,
            "common_shares": 629315,
            "book_valuer_per_share": 13.08,
            "book_valuer_per_share_4q_avg": 13.27,
            "equity": 953584,
            "current_ratio": 89.08,
            "debt_ratio": 56.65,
            "inventory_turnover_ratio": 1.98,
            "account_receivable_turnover_ratio": 1.47,
            "reinvestment_rate": null,
            "research_to_sale_ratio": null,
            "price_fair": 20.3,
            "eps_avg_yearly": 0.58,
            "eps_latest_yearly": 0.44,
            "eps_growth_yearly": 640
        },
        "20132": {
            "year_quarter": 20132,
            "year": 2013,
            "quarter": 2,
            "eps": 0.03,
            "eps_growth_year": -38.72,
            "eps_4q": -0.3,
            "eps_4q_growth_year": null,
            "roe": -0.06,
            "roe_4q": -1.8599999999999999,
            "gross_profit": 49327,
            "gross_margin": 10.56,
            "gross_margin_4q_avg": 9.05,
            "net_income": -598,
            "revenue": 466909,
            "common_shares": 629315,
            "book_valuer_per_share": 13.09,
            "book_valuer_per_share_4q_avg": 13.16,
            "equity": 950308,
            "current_ratio": 105.76,
            "debt_ratio": 57.3,
            "inventory_turnover_ratio": 1.9,
            "account_receivable_turnover_ratio": 1.34,
            "reinvestment_rate": null,
            "research_to_sale_ratio": null,
            "price_fair": 14.93,
            "eps_avg_yearly": 0.43,
            "eps_latest_yearly": 0.12,
            "eps_growth_yearly": 326.67
        },
        "20133": {
            "year_quarter": 20133,
            "year": 2013,
            "quarter": 3,
            "eps": 0.34,
            "eps_growth_year": 214.29,
            "eps_4q": -0.07,
            "eps_4q_growth_year": null,
            "roe": 1.92,
            "roe_4q": -0.7100000000000004,
            "gross_profit": 70318,
            "gross_margin": 12.38,
            "gross_margin_4q_avg": 9.1,
            "net_income": 18271,
            "revenue": 567945,
            "common_shares": 629315,
            "book_valuer_per_share": 13.4,
            "book_valuer_per_share_4q_avg": 13.12,
            "equity": 949431,
            "current_ratio": 113.58,
            "debt_ratio": 56.67,
            "inventory_turnover_ratio": 2.3,
            "account_receivable_turnover_ratio": 1.48,
            "reinvestment_rate": null,
            "research_to_sale_ratio": null,
            "price_fair": 22.4,
            "eps_avg_yearly": 0.64,
            "eps_latest_yearly": 1.36,
            "eps_growth_yearly": 1437.78
        },
        "20134": {
            "year_quarter": 20134,
            "year": 2013,
            "quarter": 4,
            "eps": 0.14,
            "eps_growth_year": null,
            "eps_4q": 0.63,
            "eps_4q_growth_year": null,
            "roe": 1.28,
            "roe_4q": 4.21,
            "gross_profit": 56771,
            "gross_margin": 9.24,
            "gross_margin_4q_avg": 10.99,
            "net_income": 12174,
            "revenue": 614390,
            "common_shares": 629315,
            "book_valuer_per_share": 13.46,
            "book_valuer_per_share_4q_avg": 13.26,
            "equity": 957058,
            "current_ratio": 116.93,
            "debt_ratio": 57.44,
            "inventory_turnover_ratio": 2.88,
            "account_receivable_turnover_ratio": 1.38,
            "reinvestment_rate": -7838.15,
            "research_to_sale_ratio": null,
            "price_fair": 21.7,
            "eps_avg_yearly": 0.62,
            "eps_latest_yearly": 0.56,
            "eps_growth_yearly": 1019.51
        },
        "20141": {
            "year_quarter": 20141,
            "year": 2014,
            "quarter": 1,
            "eps": 0.4,
            "eps_growth_year": 233.33,
            "eps_4q": 0.91,
            "eps_4q_growth_year": null,
            "roe": 2.87,
            "roe_4q": 6.010000000000001,
            "gross_profit": 75589,
            "gross_margin": 12.31,
            "gross_margin_4q_avg": 11.12,
            "net_income": 27991,
            "revenue": 614017,
            "common_shares": 630112,
            "book_valuer_per_share": 13.88,
            "book_valuer_per_share_4q_avg": 13.46,
            "equity": 991395,
            "current_ratio": 114.6,
            "debt_ratio": 54.49,
            "inventory_turnover_ratio": 3.34,
            "account_receivable_turnover_ratio": 1.35,
            "reinvestment_rate": -595.86,
            "research_to_sale_ratio": null,
            "price_fair": 28.56,
            "eps_avg_yearly": 0.82,
            "eps_latest_yearly": 1.6,
            "eps_growth_yearly": 964.18
        },
        "20142": {
            "year_quarter": 20142,
            "year": 2014,
            "quarter": 2,
            "eps": 0.89,
            "eps_growth_year": 2866.67,
            "eps_4q": 1.7,
            "eps_4q_growth_year": null,
            "roe": 5.69,
            "roe_4q": 11.76,
            "gross_profit": 102296,
            "gross_margin": 16.85,
            "gross_margin_4q_avg": 12.7,
            "net_income": 57921,
            "revenue": 607148,
            "common_shares": 630776,
            "book_valuer_per_share": 14.66,
            "book_valuer_per_share_4q_avg": 13.85,
            "equity": 1044648,
            "current_ratio": 108.11,
            "debt_ratio": 54.32,
            "inventory_turnover_ratio": 3.41,
            "account_receivable_turnover_ratio": 1.4,
            "reinvestment_rate": -98.61,
            "research_to_sale_ratio": null,
            "price_fair": 44.57,
            "eps_avg_yearly": 1.27,
            "eps_latest_yearly": 3.56,
            "eps_growth_yearly": 885.15
        },
        "20143": {
            "year_quarter": 20143,
            "year": 2014,
            "quarter": 3,
            "eps": 0.8,
            "eps_growth_year": 135.29,
            "eps_4q": 2.18,
            "eps_4q_growth_year": null,
            "roe": 4.96,
            "roe_4q": 14.799999999999999,
            "gross_profit": 106377,
            "gross_margin": 16.33,
            "gross_margin_4q_avg": 13.68,
            "net_income": 53128,
            "revenue": 651362,
            "common_shares": 655949,
            "book_valuer_per_share": 14.89,
            "book_valuer_per_share_4q_avg": 14.22,
            "equity": 1096149,
            "current_ratio": 116.16,
            "debt_ratio": 53.25,
            "inventory_turnover_ratio": 3.55,
            "account_receivable_turnover_ratio": 1.45,
            "reinvestment_rate": -52.32,
            "research_to_sale_ratio": null,
            "price_fair": 54.2,
            "eps_avg_yearly": 1.55,
            "eps_latest_yearly": 3.2,
            "eps_growth_yearly": 752.92
        },
        "20144": {
            "year_quarter": 20144,
            "year": 2014,
            "quarter": 4,
            "eps": 0.64,
            "eps_growth_year": 356.46,
            "eps_4q": 2.44,
            "eps_4q_growth_year": 285.73,
            "roe": 4.22,
            "roe_4q": 17.740000000000002,
            "gross_profit": 121155,
            "gross_margin": 19.19,
            "gross_margin_4q_avg": 16.17,
            "net_income": 50272,
            "revenue": 631437,
            "common_shares": 745949,
            "book_valuer_per_share": 15.6,
            "book_valuer_per_share_4q_avg": 14.76,
            "equity": 1285109,
            "current_ratio": 145.51,
            "debt_ratio": 47.89,
            "inventory_turnover_ratio": 3.25,
            "account_receivable_turnover_ratio": 1.31,
            "reinvestment_rate": -43.6,
            "research_to_sale_ratio": null,
            "price_fair": 58.63,
            "eps_avg_yearly": 1.68,
            "eps_latest_yearly": 2.56,
            "eps_growth_yearly": 648.81
        },
        "20151": {
            "year_quarter": 20151,
            "year": 2015,
            "quarter": 1,
            "eps": 0.58,
            "eps_growth_year": 45,
            "eps_4q": 2.68,
            "eps_4q_growth_year": 194.12,
            "roe": 3.71,
            "roe_4q": 18.580000000000002,
            "gross_profit": 115009,
            "gross_margin": 21.43,
            "gross_margin_4q_avg": 18.45,
            "net_income": 48506,
            "revenue": 536592,
            "common_shares": 745949,
            "book_valuer_per_share": 16.17,
            "book_valuer_per_share_4q_avg": 15.33,
            "equity": 1333040,
            "current_ratio": 158.49,
            "debt_ratio": 42.93,
            "inventory_turnover_ratio": 2.53,
            "account_receivable_turnover_ratio": 1.17,
            "reinvestment_rate": -56.59,
            "research_to_sale_ratio": null,
            "price_fair": 61.13,
            "eps_avg_yearly": 1.75,
            "eps_latest_yearly": 2.32,
            "eps_growth_yearly": 572.55
        },
        "20152": {
            "year_quarter": 20152,
            "year": 2015,
            "quarter": 2,
            "eps": 0.44,
            "eps_growth_year": -50.56,
            "eps_4q": 2.26,
            "eps_4q_growth_year": 32.48,
            "roe": 2.5,
            "roe_4q": 15.39,
            "gross_profit": 74531,
            "gross_margin": 14.94,
            "gross_margin_4q_avg": 17.97,
            "net_income": 32109,
            "revenue": 498911,
            "common_shares": 745949,
            "book_valuer_per_share": 15.09,
            "book_valuer_per_share_4q_avg": 15.44,
            "equity": 1240777,
            "current_ratio": 117.74,
            "debt_ratio": 47.61,
            "inventory_turnover_ratio": 2.51,
            "account_receivable_turnover_ratio": 1.18,
            "reinvestment_rate": -20.22,
            "research_to_sale_ratio": null,
            "price_fair": 61.18,
            "eps_avg_yearly": 1.75,
            "eps_latest_yearly": 1.76,
            "eps_growth_yearly": 505.64
        },
        "20153": {
            "year_quarter": 20153,
            "year": 2015,
            "quarter": 3,
            "eps": 0.48,
            "eps_growth_year": -40,
            "eps_4q": 2.06,
            "eps_4q_growth_year": -5.52,
            "roe": 2.84,
            "roe_4q": 13.27,
            "gross_profit": 102112,
            "gross_margin": 21.46,
            "gross_margin_4q_avg": 19.26,
            "net_income": 35668,
            "revenue": 475867,
            "common_shares": 783246,
            "book_valuer_per_share": 14.84,
            "book_valuer_per_share_4q_avg": 15.43,
            "equity": 1273005,
            "current_ratio": 123.59,
            "debt_ratio": 45.18,
            "inventory_turnover_ratio": 2.21,
            "account_receivable_turnover_ratio": 1.09,
            "reinvestment_rate": -26.84,
            "research_to_sale_ratio": null,
            "price_fair": 61.73,
            "eps_avg_yearly": 1.76,
            "eps_latest_yearly": 1.92,
            "eps_growth_yearly": 462.98
        },
        "20154": {
            "year_quarter": 20154,
            "year": 2015,
            "quarter": 4,
            "eps": 0.18,
            "eps_growth_year": -71.54,
            "eps_4q": 1.63,
            "eps_4q_growth_year": -33.14,
            "roe": 1.36,
            "roe_4q": 10.41,
            "gross_profit": 82734,
            "gross_margin": 16.5,
            "gross_margin_4q_avg": 18.58,
            "net_income": 17490,
            "revenue": 501480,
            "common_shares": 783246,
            "book_valuer_per_share": 14.99,
            "book_valuer_per_share_4q_avg": 15.27,
            "equity": 1290123,
            "current_ratio": 122.79,
            "debt_ratio": 45.83,
            "inventory_turnover_ratio": 2.5,
            "account_receivable_turnover_ratio": 1.18,
            "reinvestment_rate": -88.42,
            "research_to_sale_ratio": null,
            "price_fair": 58.68,
            "eps_avg_yearly": 1.68,
            "eps_latest_yearly": 0.72,
            "eps_growth_yearly": 403.56
        },
        "20161": {
            "year_quarter": 20161,
            "year": 2016,
            "quarter": 1,
            "eps": 0.36,
            "eps_growth_year": -37.93,
            "eps_4q": 1.44,
            "eps_4q_growth_year": -46.43,
            "roe": 2.3,
            "roe_4q": 9,
            "gross_profit": 96629,
            "gross_margin": 19.82,
            "gross_margin_4q_avg": 18.18,
            "net_income": 29909,
            "revenue": 487537,
            "common_shares": 783246,
            "book_valuer_per_share": 15.3,
            "book_valuer_per_share_4q_avg": 15.06,
            "equity": 1316376,
            "current_ratio": 128.54,
            "debt_ratio": 43.33,
            "inventory_turnover_ratio": 2.28,
            "account_receivable_turnover_ratio": 1.21,
            "reinvestment_rate": -102.71,
            "research_to_sale_ratio": null,
            "price_fair": 58.05,
            "eps_avg_yearly": 1.66,
            "eps_latest_yearly": 1.44,
            "eps_growth_yearly": 403.29
        },
        "20162": {
            "year_quarter": 20162,
            "year": 2016,
            "quarter": 2,
            "eps": 0.29,
            "eps_growth_year": -34.09,
            "eps_4q": 1.31,
            "eps_4q_growth_year": -41.96,
            "roe": 1.99,
            "roe_4q": 8.49,
            "gross_profit": 76162,
            "gross_margin": 16.55,
            "gross_margin_4q_avg": 18.58,
            "net_income": 25567,
            "revenue": 460084,
            "common_shares": 783246,
            "book_valuer_per_share": 14.49,
            "book_valuer_per_share_4q_avg": 14.91,
            "equity": 1250581,
            "current_ratio": 117.03,
            "debt_ratio": 47.36,
            "inventory_turnover_ratio": 2.19,
            "account_receivable_turnover_ratio": 1.18,
            "reinvestment_rate": -94.87,
            "research_to_sale_ratio": null,
            "price_fair": 56.8,
            "eps_avg_yearly": 1.62,
            "eps_latest_yearly": 1.16,
            "eps_growth_yearly": 368.93
        },
        "20163": {
            "year_quarter": 20163,
            "year": 2016,
            "quarter": 3,
            "eps": 0.23,
            "eps_growth_year": -52.08,
            "eps_4q": 1.06,
            "eps_4q_growth_year": -48.45,
            "roe": 1.62,
            "roe_4q": 7.2700000000000005,
            "gross_profit": 65832,
            "gross_margin": 14.19,
            "gross_margin_4q_avg": 16.77,
            "net_income": 20373,
            "revenue": 463861,
            "common_shares": 783246,
            "book_valuer_per_share": 14.7,
            "book_valuer_per_share_4q_avg": 14.87,
            "equity": 1268533,
            "current_ratio": 119.03,
            "debt_ratio": 45.62,
            "inventory_turnover_ratio": 2.31,
            "account_receivable_turnover_ratio": 1.14,
            "reinvestment_rate": -94.98,
            "research_to_sale_ratio": null,
            "price_fair": 58,
            "eps_avg_yearly": 1.66,
            "eps_latest_yearly": 0.92,
            "eps_growth_yearly": 328.73
        },
        "20164": {
            "year_quarter": 20164,
            "year": 2016,
            "quarter": 4,
            "eps": 0.18,
            "eps_growth_year": -1.78,
            "eps_4q": 1.06,
            "eps_4q_growth_year": -35.11,
            "roe": 1.28,
            "roe_4q": 7.19,
            "gross_profit": 80800,
            "gross_margin": 15.65,
            "gross_margin_4q_avg": 16.55,
            "net_income": 16315,
            "revenue": 516346,
            "common_shares": 783246,
            "book_valuer_per_share": 14.94,
            "book_valuer_per_share_4q_avg": 14.86,
            "equity": 1272957,
            "current_ratio": 124.25,
            "debt_ratio": 45.18,
            "inventory_turnover_ratio": 2.62,
            "account_receivable_turnover_ratio": 1.21,
            "reinvestment_rate": 21.52,
            "research_to_sale_ratio": null,
            "price_fair": 55.81,
            "eps_avg_yearly": 1.59,
            "eps_latest_yearly": 0.72,
            "eps_growth_yearly": 301.02
        },
        "20171": {
            "year_quarter": 20171,
            "year": 2017,
            "quarter": 1,
            "eps": 0.21,
            "eps_growth_year": -41.67,
            "eps_4q": 0.91,
            "eps_4q_growth_year": -36.7,
            "roe": 1.49,
            "roe_4q": 6.380000000000001,
            "gross_profit": 74751,
            "gross_margin": 15.93,
            "gross_margin_4q_avg": 15.58,
            "net_income": 19182,
            "revenue": 469215,
            "common_shares": 783246,
            "book_valuer_per_share": 15.12,
            "book_valuer_per_share_4q_avg": 14.81,
            "equity": 1295760,
            "current_ratio": 127.77,
            "debt_ratio": 42.34,
            "inventory_turnover_ratio": 2.6,
            "account_receivable_turnover_ratio": 1.18,
            "reinvestment_rate": 18.94,
            "research_to_sale_ratio": null,
            "price_fair": 54.16,
            "eps_avg_yearly": 1.55,
            "eps_latest_yearly": 0.84,
            "eps_growth_yearly": 286.37
        },
        "20172": {
            "year_quarter": 20172,
            "year": 2017,
            "quarter": 2,
            "eps": 0.28,
            "eps_growth_year": -3.45,
            "eps_4q": 0.9,
            "eps_4q_growth_year": -31.52,
            "roe": 1.81,
            "roe_4q": 6.2,
            "gross_profit": 71189,
            "gross_margin": 14.33,
            "gross_margin_4q_avg": 15.03,
            "net_income": 23061,
            "revenue": 496844,
            "common_shares": 783246,
            "book_valuer_per_share": 14.71,
            "book_valuer_per_share_4q_avg": 14.87,
            "equity": 1250323,
            "current_ratio": 115.23,
            "debt_ratio": 44.59,
            "inventory_turnover_ratio": 2.92,
            "account_receivable_turnover_ratio": 1.31,
            "reinvestment_rate": 10.58,
            "research_to_sale_ratio": null,
            "price_fair": 56.35,
            "eps_avg_yearly": 1.61,
            "eps_latest_yearly": 1.12,
            "eps_growth_yearly": 313.45
        },
        "20173": {
            "year_quarter": 20173,
            "year": 2017,
            "quarter": 3,
            "eps": 0.29,
            "eps_growth_year": 26.09,
            "eps_4q": 0.96,
            "eps_4q_growth_year": -9.93,
            "roe": 2,
            "roe_4q": 6.58,
            "gross_profit": 67338,
            "gross_margin": 14.13,
            "gross_margin_4q_avg": 15.01,
            "net_income": 25243,
            "revenue": 476677,
            "common_shares": 783246,
            "book_valuer_per_share": 15,
            "book_valuer_per_share_4q_avg": 14.94,
            "equity": 1275092,
            "current_ratio": 122.21,
            "debt_ratio": 42.24,
            "inventory_turnover_ratio": 2.84,
            "account_receivable_turnover_ratio": 1.19,
            "reinvestment_rate": 25.62,
            "research_to_sale_ratio": null,
            "price_fair": 55.91,
            "eps_avg_yearly": 1.6,
            "eps_latest_yearly": 1.16,
            "eps_growth_yearly": 56.01
        },
        "20174": {
            "year_quarter": 20174,
            "year": 2017,
            "quarter": 4,
            "eps": 0.14,
            "eps_growth_year": -24.34,
            "eps_4q": 0.91,
            "eps_4q_growth_year": -13.78,
            "roe": 0.97,
            "roe_4q": 6.27,
            "gross_profit": 55981,
            "gross_margin": 11.42,
            "gross_margin_4q_avg": 13.95,
            "net_income": 12378,
            "revenue": 490032,
            "common_shares": 783246,
            "book_valuer_per_share": 15.09,
            "book_valuer_per_share_4q_avg": 14.98,
            "equity": 1283870,
            "current_ratio": 118.58,
            "debt_ratio": 41.67,
            "inventory_turnover_ratio": 3.06,
            "account_receivable_turnover_ratio": 1.23,
            "reinvestment_rate": 25.24,
            "research_to_sale_ratio": null,
            "price_fair": 55.91,
            "eps_avg_yearly": 1.6,
            "eps_latest_yearly": 0.56,
            "eps_growth_yearly": 57.79
        },
        "20181": {
            "year_quarter": 20181,
            "year": 2018,
            "quarter": 1,
            "eps": 0.07,
            "eps_growth_year": -66.67,
            "eps_4q": 0.77,
            "eps_4q_growth_year": -15.27,
            "roe": 0.39,
            "roe_4q": 5.17,
            "gross_profit": 57481,
            "gross_margin": 12.8,
            "gross_margin_4q_avg": 13.17,
            "net_income": 5060,
            "revenue": 448922,
            "common_shares": 783246,
            "book_valuer_per_share": 15.12,
            "book_valuer_per_share_4q_avg": 14.98,
            "equity": 1286116,
            "current_ratio": 112.4,
            "debt_ratio": 42.12,
            "inventory_turnover_ratio": 2.75,
            "account_receivable_turnover_ratio": 1.2,
            "reinvestment_rate": 6.95,
            "research_to_sale_ratio": null,
            "price_fair": 4.55,
            "eps_avg_yearly": 1.52,
            "eps_latest_yearly": 0.28,
            "eps_growth_yearly": -1.14
        },
        "20182": {
            "year_quarter": 20182,
            "year": 2018,
            "quarter": 2,
            "eps": 0.06,
            "eps_growth_year": -78.57,
            "eps_4q": 0.55,
            "eps_4q_growth_year": -38.42,
            "roe": 0.31,
            "roe_4q": 3.67,
            "gross_profit": 44594,
            "gross_margin": 9.55,
            "gross_margin_4q_avg": 11.98,
            "net_income": 3949,
            "revenue": 467014,
            "common_shares": 783246,
            "book_valuer_per_share": 14.61,
            "book_valuer_per_share_4q_avg": 14.96,
            "equity": 1237537,
            "current_ratio": 100.46,
            "debt_ratio": 45.03,
            "inventory_turnover_ratio": 2.91,
            "account_receivable_turnover_ratio": 1.29,
            "reinvestment_rate": -6.76,
            "research_to_sale_ratio": null,
            "price_fair": 3.92,
            "eps_avg_yearly": 1.31,
            "eps_latest_yearly": 0.24,
            "eps_growth_yearly": -35.34
        },
        "20183": {
            "year_quarter": 20183,
            "year": 2018,
            "quarter": 3,
            "eps": 0.06,
            "eps_growth_year": -79.31,
            "eps_4q": 0.31,
            "eps_4q_growth_year": -67.11,
            "roe": 0.26,
            "roe_4q": 1.9300000000000002,
            "gross_profit": 40760,
            "gross_margin": 9.15,
            "gross_margin_4q_avg": 10.73,
            "net_income": 3209,
            "revenue": 445344,
            "common_shares": 783246,
            "book_valuer_per_share": 14.63,
            "book_valuer_per_share_4q_avg": 14.86,
            "equity": 1237726,
            "current_ratio": 114.42,
            "debt_ratio": 43.44,
            "inventory_turnover_ratio": 2.86,
            "account_receivable_turnover_ratio": 1.25,
            "reinvestment_rate": -13.48,
            "research_to_sale_ratio": null,
            "price_fair": 3.37,
            "eps_avg_yearly": 1.12,
            "eps_latest_yearly": 0.24,
            "eps_growth_yearly": -32.81
        },
        "20184": {
            "year_quarter": 20184,
            "year": 2018,
            "quarter": 4,
            "eps": -0.12,
            "eps_growth_year": -191.18,
            "eps_4q": 0.06,
            "eps_4q_growth_year": -93.95,
            "roe": -0.85,
            "roe_4q": 0.11000000000000004,
            "gross_profit": 24906,
            "gross_margin": 6.29,
            "gross_margin_4q_avg": 9.45,
            "net_income": -10447,
            "revenue": 395893,
            "common_shares": 783246,
            "book_valuer_per_share": 14.49,
            "book_valuer_per_share_4q_avg": 14.71,
            "equity": 1226316,
            "current_ratio": 105.81,
            "debt_ratio": 43.39,
            "inventory_turnover_ratio": 2.68,
            "account_receivable_turnover_ratio": 1.22,
            "reinvestment_rate": -16.81,
            "research_to_sale_ratio": null,
            "price_fair": 3.08,
            "eps_avg_yearly": 1.03,
            "eps_latest_yearly": 0.24,
            "eps_growth_yearly": -29.66
        },
        "20191": {
            "year_quarter": 20191,
            "year": 2019,
            "quarter": 1,
            "eps": -0.06,
            "eps_growth_year": -185.71,
            "eps_4q": -0.07,
            "eps_4q_growth_year": -109.42,
            "roe": -0.4,
            "roe_4q": -0.6799999999999999,
            "gross_profit": 37422,
            "gross_margin": 9.7,
            "gross_margin_4q_avg": 8.67,
            "net_income": -4929,
            "revenue": 385957,
            "common_shares": 783246,
            "book_valuer_per_share": 14.44,
            "book_valuer_per_share_4q_avg": 14.54,
            "equity": 1222606,
            "current_ratio": 92.8,
            "debt_ratio": 44.02,
            "inventory_turnover_ratio": 2.59,
            "account_receivable_turnover_ratio": 1.28,
            "reinvestment_rate": -10.29,
            "research_to_sale_ratio": null,
            "price_fair": 2.8,
            "eps_avg_yearly": 0.93,
            "eps_latest_yearly": 0.24,
            "eps_growth_yearly": -29.1
        },
        "20192": {
            "year_quarter": 20192,
            "year": 2019,
            "quarter": 2,
            "eps": 0.02,
            "eps_growth_year": -66.67,
            "eps_4q": -0.11,
            "eps_4q_growth_year": -119.18,
            "roe": 0.16,
            "roe_4q": -0.8300000000000001,
            "gross_profit": 29370,
            "gross_margin": 7.43,
            "gross_margin_4q_avg": 8.14,
            "net_income": 1991,
            "revenue": 395284,
            "common_shares": 783246,
            "book_valuer_per_share": 14.48,
            "book_valuer_per_share_4q_avg": 14.51,
            "equity": 1218312,
            "current_ratio": 92.24,
            "debt_ratio": 47.13,
            "inventory_turnover_ratio": 2.8,
            "account_receivable_turnover_ratio": 1.31,
            "reinvestment_rate": 15.92,
            "research_to_sale_ratio": null,
            "price_fair": 2.61,
            "eps_avg_yearly": 0.87,
            "eps_latest_yearly": 0.24,
            "eps_growth_yearly": -23.91
        },
        "20193": {
            "year_quarter": 20193,
            "year": 2019,
            "quarter": 3,
            "eps": -0.12,
            "eps_growth_year": -300,
            "eps_4q": -0.28,
            "eps_4q_growth_year": -189.53,
            "roe": -0.75,
            "roe_4q": -1.8399999999999999,
            "gross_profit": 29119,
            "gross_margin": 7.59,
            "gross_margin_4q_avg": 7.75,
            "net_income": -9063,
            "revenue": 383719,
            "common_shares": 783246,
            "book_valuer_per_share": 14.34,
            "book_valuer_per_share_4q_avg": 14.44,
            "equity": 1208238,
            "current_ratio": 90.83,
            "debt_ratio": 47.63,
            "inventory_turnover_ratio": 2.55,
            "account_receivable_turnover_ratio": 1.25,
            "reinvestment_rate": 43.83,
            "research_to_sale_ratio": null,
            "price_fair": 2.35,
            "eps_avg_yearly": 0.78,
            "eps_latest_yearly": 0.24,
            "eps_growth_yearly": -28.94
        },
        "20194": {
            "year_quarter": 20194,
            "year": 2019,
            "quarter": 4,
            "eps": 0.01,
            "eps_growth_year": null,
            "eps_4q": -0.15,
            "eps_4q_growth_year": -374.08,
            "roe": 0.32,
            "roe_4q": -0.67,
            "gross_profit": 41304,
            "gross_margin": 9.32,
            "gross_margin_4q_avg": 8.51,
            "net_income": 3875,
            "revenue": 443064,
            "common_shares": 783246,
            "book_valuer_per_share": 14.34,
            "book_valuer_per_share_4q_avg": 14.4,
            "equity": 1211689,
            "current_ratio": 94.82,
            "debt_ratio": 48.17,
            "inventory_turnover_ratio": 2.93,
            "account_receivable_turnover_ratio": 1.41,
            "reinvestment_rate": 21.32,
            "research_to_sale_ratio": null,
            "price_fair": 2.37,
            "eps_avg_yearly": 0.79,
            "eps_latest_yearly": 0.24,
            "eps_growth_yearly": -8.84
        },
        "20201": {
            "year_quarter": 20201,
            "year": 2020,
            "quarter": 1,
            "eps": -0.01,
            "eps_growth_year": null,
            "eps_4q": -0.1,
            "eps_4q_growth_year": null,
            "roe": 0.01,
            "roe_4q": -0.26,
            "gross_profit": 43469,
            "gross_margin": 10.5,
            "gross_margin_4q_avg": 8.71,
            "net_income": 173,
            "revenue": 413814,
            "common_shares": 783246,
            "book_valuer_per_share": 14.3,
            "book_valuer_per_share_4q_avg": 14.37,
            "equity": 1210880,
            "current_ratio": 112.51,
            "debt_ratio": 49.37,
            "inventory_turnover_ratio": 2.87,
            "account_receivable_turnover_ratio": 1.23,
            "reinvestment_rate": 22.54,
            "research_to_sale_ratio": null,
            "price_fair": 2.17,
            "eps_avg_yearly": 0.72,
            "eps_latest_yearly": 0.24,
            "eps_growth_yearly": -49.72
        },
        "20202": {
            "year_quarter": 20202,
            "year": 2020,
            "quarter": 2,
            "eps": -0.26,
            "eps_growth_year": -1400,
            "eps_4q": -0.38,
            "eps_4q_growth_year": null,
            "roe": -1.5,
            "roe_4q": -1.92,
            "gross_profit": 39181,
            "gross_margin": 9.41,
            "gross_margin_4q_avg": 9.21,
            "net_income": -17921,
            "revenue": 416272,
            "common_shares": 783246,
            "book_valuer_per_share": 13.98,
            "book_valuer_per_share_4q_avg": 14.24,
            "equity": 1173031,
            "current_ratio": 103.26,
            "debt_ratio": 50.96,
            "inventory_turnover_ratio": 2.93,
            "account_receivable_turnover_ratio": 1.34,
            "reinvestment_rate": 34.97,
            "research_to_sale_ratio": null,
            "price_fair": 2.03,
            "eps_avg_yearly": 0.68,
            "eps_latest_yearly": 0.24,
            "eps_growth_yearly": -46.61
        },
        "20203": {
            "year_quarter": 20203,
            "year": 2020,
            "quarter": 3,
            "eps": 0.55,
            "eps_growth_year": null,
            "eps_4q": 0.29,
            "eps_4q_growth_year": null,
            "roe": 3.75,
            "roe_4q": 2.5799999999999996,
            "gross_profit": 66195,
            "gross_margin": 13.85,
            "gross_margin_4q_avg": 10.77,
            "net_income": 44716,
            "revenue": 478055,
            "common_shares": 783246,
            "book_valuer_per_share": 14.51,
            "book_valuer_per_share_4q_avg": 14.28,
            "equity": 1213324,
            "current_ratio": 120.09,
            "debt_ratio": 50.22,
            "inventory_turnover_ratio": 3.14,
            "account_receivable_turnover_ratio": 1.44,
            "reinvestment_rate": -73.99,
            "research_to_sale_ratio": null,
            "price_fair": 1.94,
            "eps_avg_yearly": 0.65,
            "eps_latest_yearly": 0.24,
            "eps_growth_yearly": -42.09
        },
        "20204": {
            "year_quarter": 20204,
            "year": 2020,
            "quarter": 4,
            "eps": 1.14,
            "eps_growth_year": 16986.08,
            "eps_4q": 1.42,
            "eps_4q_growth_year": null,
            "roe": 8.03,
            "roe_4q": 10.29,
            "gross_profit": 56531,
            "gross_margin": 12.87,
            "gross_margin_4q_avg": 11.66,
            "net_income": 100769,
            "revenue": 439160,
            "common_shares": 783246,
            "book_valuer_per_share": 15.59,
            "book_valuer_per_share_4q_avg": 14.6,
            "equity": 1296556,
            "current_ratio": 126.45,
            "debt_ratio": 44.47,
            "inventory_turnover_ratio": 2.99,
            "account_receivable_turnover_ratio": 1.23,
            "reinvestment_rate": -33.21,
            "research_to_sale_ratio": null,
            "price_fair": 36.47,
            "eps_avg_yearly": 1.13,
            "eps_latest_yearly": 4.56,
            "eps_growth_yearly": 22.42
        },
        "20211": {
            "year_quarter": 20211,
            "year": 2021,
            "quarter": 1,
            "eps": 0.3,
            "eps_growth_year": null,
            "eps_4q": 1.73,
            "eps_4q_growth_year": null,
            "roe": 1.11,
            "roe_4q": 11.389999999999999,
            "gross_profit": 70630,
            "gross_margin": 16.66,
            "gross_margin_4q_avg": 13.2,
            "net_income": 14382,
            "revenue": 423906,
            "common_shares": 783246,
            "book_valuer_per_share": 15.92,
            "book_valuer_per_share_4q_avg": 15,
            "equity": 1301943,
            "current_ratio": 135.16,
            "debt_ratio": 42.71,
            "inventory_turnover_ratio": 4.8,
            "account_receivable_turnover_ratio": 1.36,
            "reinvestment_rate": -79.86,
            "research_to_sale_ratio": null,
            "price_fair": 3.51,
            "eps_avg_yearly": 1.17,
            "eps_latest_yearly": 1.2,
            "eps_growth_yearly": -22.76
        },
        "20212": {
            "year_quarter": 20212,
            "year": 2021,
            "quarter": 2,
            "eps": 0.69,
            "eps_growth_year": null,
            "eps_4q": 2.68,
            "eps_4q_growth_year": null,
            "roe": 4.52,
            "roe_4q": 17.41,
            "gross_profit": 59543,
            "gross_margin": 12.85,
            "gross_margin_4q_avg": 14.06,
            "net_income": 60373,
            "revenue": 463384,
            "common_shares": 783246,
            "book_valuer_per_share": 16.65,
            "book_valuer_per_share_4q_avg": 15.67,
            "equity": 1367078,
            "current_ratio": 130.11,
            "debt_ratio": 43.82,
            "inventory_turnover_ratio": 15.26,
            "account_receivable_turnover_ratio": 1.37,
            "reinvestment_rate": -70.62,
            "research_to_sale_ratio": null,
            "price_fair": 48.13,
            "eps_avg_yearly": 1.38,
            "eps_latest_yearly": 2.76,
            "eps_growth_yearly": 25.58
        },
        "20213": {
            "year_quarter": 20213,
            "year": 2021,
            "quarter": 3,
            "eps": 7.67,
            "eps_growth_year": 1294.55,
            "eps_4q": 9.73,
            "eps_4q_growth_year": 3281.17,
            "roe": 37.98,
            "roe_4q": 51.64,
            "gross_profit": 61873,
            "gross_margin": 11.14,
            "gross_margin_4q_avg": 13.38,
            "net_income": 620931,
            "revenue": 555469,
            "common_shares": 783246,
            "book_valuer_per_share": 23.5,
            "book_valuer_per_share_4q_avg": 17.92,
            "equity": 1902619,
            "current_ratio": 189.05,
            "debt_ratio": 36.14,
            "inventory_turnover_ratio": 11.71,
            "account_receivable_turnover_ratio": 1.42,
            "reinvestment_rate": -5.99,
            "research_to_sale_ratio": null,
            "price_fair": 177.28,
            "eps_avg_yearly": 5.07,
            "eps_latest_yearly": 30.68,
            "eps_growth_yearly": 529.59
        },
        "20214": {
            "year_quarter": 20214,
            "year": 2021,
            "quarter": 4,
            "eps": 0.58,
            "eps_growth_year": -49.32,
            "eps_4q": 9.2,
            "eps_4q_growth_year": 548.23,
            "roe": 2.62,
            "roe_4q": 46.22999999999999,
            "gross_profit": 84362,
            "gross_margin": 15.47,
            "gross_margin_4q_avg": 14.03,
            "net_income": 50491,
            "revenue": 545329,
            "common_shares": 806743,
            "book_valuer_per_share": 23.39,
            "book_valuer_per_share_4q_avg": 19.87,
            "equity": 1947058,
            "current_ratio": 186.22,
            "debt_ratio": 33.15,
            "inventory_turnover_ratio": 7.34,
            "account_receivable_turnover_ratio": 1.12,
            "reinvestment_rate": -0.94,
            "research_to_sale_ratio": null,
            "price_fair": 184.98,
            "eps_avg_yearly": 5.29,
            "eps_latest_yearly": 2.32,
            "eps_growth_yearly": 509.23
        },
        "20221": {
            "year_quarter": 20221,
            "year": 2022,
            "quarter": 1,
            "eps": 0.48,
            "eps_growth_year": 60,
            "eps_4q": 9.39,
            "eps_4q_growth_year": 443.61,
            "roe": 2.12,
            "roe_4q": 47.239999999999995,
            "gross_profit": 91692,
            "gross_margin": 17.08,
            "gross_margin_4q_avg": 14.14,
            "net_income": 41598,
            "revenue": 536861,
            "common_shares": 806743,
            "book_valuer_per_share": 23.81,
            "book_valuer_per_share_4q_avg": 21.84,
            "equity": 1984076,
            "current_ratio": 189.16,
            "debt_ratio": 30.44,
            "inventory_turnover_ratio": 5.63,
            "account_receivable_turnover_ratio": 1,
            "reinvestment_rate": 15.95,
            "research_to_sale_ratio": null,
            "price_fair": 192.15,
            "eps_avg_yearly": 5.49,
            "eps_latest_yearly": 1.92,
            "eps_growth_yearly": 525.61
        },
        "20222": {
            "year_quarter": 20222,
            "year": 2022,
            "quarter": 2,
            "eps": 0.59,
            "eps_growth_year": -14.49,
            "eps_4q": 7.17,
            "eps_4q_growth_year": 167.7,
            "roe": 3.05,
            "roe_4q": 45.769999999999996,
            "gross_profit": 77728,
            "gross_margin": 14.9,
            "gross_margin_4q_avg": 14.65,
            "net_income": 56083,
            "revenue": 521570,
            "common_shares": 806743,
            "book_valuer_per_share": 20.22,
            "book_valuer_per_share_4q_avg": 22.73,
            "equity": 1698730,
            "current_ratio": 114.68,
            "debt_ratio": 41.39,
            "inventory_turnover_ratio": 5.14,
            "account_receivable_turnover_ratio": 1.14,
            "reinvestment_rate": 22.91,
            "research_to_sale_ratio": null,
            "price_fair": 201.43,
            "eps_avg_yearly": 5.76,
            "eps_latest_yearly": 2.36,
            "eps_growth_yearly": 544.21
        },
        "20223": {
            "year_quarter": 20223,
            "year": 2022,
            "quarter": 3,
            "eps": 0.85,
            "eps_growth_year": -88.92,
            "eps_4q": 2.11,
            "eps_4q_growth_year": -78.27,
            "roe": 5.37,
            "roe_4q": 13.16,
            "gross_profit": 83978,
            "gross_margin": 18.21,
            "gross_margin_4q_avg": 16.42,
            "net_income": 93419,
            "revenue": 461119,
            "common_shares": 1048766,
            "book_valuer_per_share": 16.32,
            "book_valuer_per_share_4q_avg": 20.94,
            "equity": 1783757,
            "current_ratio": 134.54,
            "debt_ratio": 31.14,
            "inventory_turnover_ratio": 4.34,
            "account_receivable_turnover_ratio": 1.21,
            "reinvestment_rate": 28.24,
            "research_to_sale_ratio": null,
            "price_fair": 215.25,
            "eps_avg_yearly": 6.15,
            "eps_latest_yearly": 3.4,
            "eps_growth_yearly": 566.24
        },
        "20224": {
            "year_quarter": 20224,
            "year": 2022,
            "quarter": 4,
            "eps": 0.22,
            "eps_growth_year": -61.55,
            "eps_4q": 1.89,
            "eps_4q_growth_year": -79.44,
            "roe": 1.4,
            "roe_4q": 11.940000000000001,
            "gross_profit": 61109,
            "gross_margin": 13.96,
            "gross_margin_4q_avg": 16.04,
            "net_income": 25148,
            "revenue": 437778,
            "common_shares": 1048766,
            "book_valuer_per_share": 16.57,
            "book_valuer_per_share_4q_avg": 19.23,
            "equity": 1811547,
            "current_ratio": 122.95,
            "debt_ratio": 30.76,
            "inventory_turnover_ratio": 4.32,
            "account_receivable_turnover_ratio": 1.34,
            "reinvestment_rate": 32.15,
            "research_to_sale_ratio": null,
            "price_fair": 194.76,
            "eps_avg_yearly": 5.56,
            "eps_latest_yearly": 0.88,
            "eps_growth_yearly": 470.39
        },
        "20231": {
            "year_quarter": 20231,
            "year": 2023,
            "quarter": 1,
            "eps": 0.33,
            "eps_growth_year": -31.25,
            "eps_4q": 1.86,
            "eps_4q_growth_year": -80.24,
            "roe": 1.98,
            "roe_4q": 11.8,
            "gross_profit": 69997,
            "gross_margin": 13.51,
            "gross_margin_4q_avg": 15.15,
            "net_income": 36194,
            "revenue": 518298,
            "common_shares": 1048766,
            "book_valuer_per_share": 16.88,
            "book_valuer_per_share_4q_avg": 17.5,
            "equity": 1846550,
            "current_ratio": 119.3,
            "debt_ratio": 33.02,
            "inventory_turnover_ratio": 4.66,
            "account_receivable_turnover_ratio": 1.52,
            "reinvestment_rate": 32.25,
            "research_to_sale_ratio": null,
            "price_fair": 179.9,
            "eps_avg_yearly": 5.14,
            "eps_latest_yearly": 1.32,
            "eps_growth_yearly": 443.35
        }
    },
    "months": {
        "2001-06": {
            "month": "2001-06",
            "price": "5.44",
            "revenue": 94063
        },
        "2001-07": {
            "month": "2001-07",
            "price": "5.80",
            "revenue": 101058
        },
        "2001-08": {
            "month": "2001-08",
            "price": "5.68",
            "revenue": 90488
        },
        "2001-09": {
            "month": "2001-09",
            "price": "5.81",
            "revenue": 81739
        },
        "2001-10": {
            "month": "2001-10",
            "price": "5.34",
            "revenue": 93723
        },
        "2001-11": {
            "month": "2001-11",
            "price": "5.10",
            "revenue": 97224
        },
        "2001-12": {
            "month": "2001-12",
            "price": "6.90",
            "revenue": 91558
        },
        "2002-01": {
            "month": "2002-01",
            "price": "7.15",
            "revenue": 83760
        },
        "2002-02": {
            "month": "2002-02",
            "price": "6.84",
            "revenue": 68842
        },
        "2002-03": {
            "month": "2002-03",
            "price": "8.13",
            "revenue": 100216
        },
        "2002-04": {
            "month": "2002-04",
            "price": "8.41",
            "revenue": 101389
        },
        "2002-05": {
            "month": "2002-05",
            "price": "7.80",
            "revenue": 92333
        },
        "2002-06": {
            "month": "2002-06",
            "price": "7.58",
            "revenue": 94442
        },
        "2002-07": {
            "month": "2002-07",
            "price": "7.32",
            "revenue": 103570
        },
        "2002-08": {
            "month": "2002-08",
            "price": "6.82",
            "revenue": 108032
        },
        "2002-09": {
            "month": "2002-09",
            "price": "6.80",
            "revenue": 93259
        },
        "2002-10": {
            "month": "2002-10",
            "price": "6.50",
            "revenue": 92749
        },
        "2002-11": {
            "month": "2002-11",
            "price": "5.79",
            "revenue": 152765
        },
        "2002-12": {
            "month": "2002-12",
            "price": "6.47",
            "revenue": 135036
        },
        "2003-01": {
            "month": "2003-01",
            "price": "7.61",
            "revenue": 124180
        },
        "2003-02": {
            "month": "2003-02",
            "price": "7.17",
            "revenue": 84031
        },
        "2003-03": {
            "month": "2003-03",
            "price": "6.43",
            "revenue": 123869
        },
        "2003-04": {
            "month": "2003-04",
            "price": "6.32",
            "revenue": 121235
        },
        "2003-05": {
            "month": "2003-05",
            "price": "5.98",
            "revenue": 97423
        },
        "2003-06": {
            "month": "2003-06",
            "price": "5.89",
            "revenue": 118036
        },
        "2003-07": {
            "month": "2003-07",
            "price": "6.00",
            "revenue": 107106
        },
        "2003-08": {
            "month": "2003-08",
            "price": "5.79",
            "revenue": 93063
        },
        "2003-09": {
            "month": "2003-09",
            "price": "5.55",
            "revenue": 113849
        },
        "2003-10": {
            "month": "2003-10",
            "price": "5.67",
            "revenue": 128169
        },
        "2003-11": {
            "month": "2003-11",
            "price": "5.66",
            "revenue": 135944
        },
        "2003-12": {
            "month": "2003-12",
            "price": "5.57",
            "revenue": 144878
        },
        "2004-01": {
            "month": "2004-01",
            "price": "6.03",
            "revenue": 106157
        },
        "2004-02": {
            "month": "2004-02",
            "price": "8.12",
            "revenue": 153937
        },
        "2004-03": {
            "month": "2004-03",
            "price": "8.59",
            "revenue": 166160
        },
        "2004-04": {
            "month": "2004-04",
            "price": "9.63",
            "revenue": 170562
        },
        "2004-05": {
            "month": "2004-05",
            "price": "11.51",
            "revenue": 187950
        },
        "2004-06": {
            "month": "2004-06",
            "price": "11.57",
            "revenue": 171908
        },
        "2004-07": {
            "month": "2004-07",
            "price": "12.06",
            "revenue": 154900
        },
        "2004-08": {
            "month": "2004-08",
            "price": "11.81",
            "revenue": 167055
        },
        "2004-09": {
            "month": "2004-09",
            "price": "14.85",
            "revenue": 166208
        },
        "2004-10": {
            "month": "2004-10",
            "price": "14.22",
            "revenue": 165955
        },
        "2004-11": {
            "month": "2004-11",
            "price": "12.64",
            "revenue": 139794
        },
        "2004-12": {
            "month": "2004-12",
            "price": "12.37",
            "revenue": 169289
        },
        "2005-01": {
            "month": "2005-01",
            "price": "12.68",
            "revenue": 169340
        },
        "2005-02": {
            "month": "2005-02",
            "price": "13.06",
            "revenue": 156992
        },
        "2005-03": {
            "month": "2005-03",
            "price": "14.07",
            "revenue": 233048
        },
        "2005-04": {
            "month": "2005-04",
            "price": "14.84",
            "revenue": 192168
        },
        "2005-05": {
            "month": "2005-05",
            "price": "14.35",
            "revenue": 170075
        },
        "2005-06": {
            "month": "2005-06",
            "price": "14.66",
            "revenue": 177047
        },
        "2005-07": {
            "month": "2005-07",
            "price": "14.03",
            "revenue": 133851
        },
        "2005-08": {
            "month": "2005-08",
            "price": "12.67",
            "revenue": 148661
        },
        "2005-09": {
            "month": "2005-09",
            "price": "12.27",
            "revenue": 151675
        },
        "2005-10": {
            "month": "2005-10",
            "price": "11.20",
            "revenue": 142357
        },
        "2005-11": {
            "month": "2005-11",
            "price": "11.22",
            "revenue": 167698
        },
        "2005-12": {
            "month": "2005-12",
            "price": "11.37",
            "revenue": 140000
        },
        "2006-01": {
            "month": "2006-01",
            "price": "11.09",
            "revenue": 142373
        },
        "2006-02": {
            "month": "2006-02",
            "price": "10.55",
            "revenue": 106064
        },
        "2006-03": {
            "month": "2006-03",
            "price": "9.70",
            "revenue": 148782
        },
        "2006-04": {
            "month": "2006-04",
            "price": "10.28",
            "revenue": 135526
        },
        "2006-05": {
            "month": "2006-05",
            "price": "11.86",
            "revenue": 123127
        },
        "2006-06": {
            "month": "2006-06",
            "price": "10.59",
            "revenue": 142347
        },
        "2006-07": {
            "month": "2006-07",
            "price": "11.54",
            "revenue": 106415
        },
        "2006-08": {
            "month": "2006-08",
            "price": "11.00",
            "revenue": 169783
        },
        "2006-09": {
            "month": "2006-09",
            "price": "10.75",
            "revenue": 154370
        },
        "2006-10": {
            "month": "2006-10",
            "price": "11.08",
            "revenue": 150686
        },
        "2006-11": {
            "month": "2006-11",
            "price": "13.50",
            "revenue": 114237
        },
        "2006-12": {
            "month": "2006-12",
            "price": "13.76",
            "revenue": 119561
        },
        "2007-01": {
            "month": "2007-01",
            "price": "14.01",
            "revenue": 107510
        },
        "2007-02": {
            "month": "2007-02",
            "price": "13.88",
            "revenue": 73743
        },
        "2007-03": {
            "month": "2007-03",
            "price": "13.27",
            "revenue": 108753
        },
        "2007-04": {
            "month": "2007-04",
            "price": "14.00",
            "revenue": 109827
        },
        "2007-05": {
            "month": "2007-05",
            "price": "12.78",
            "revenue": 116244
        },
        "2007-06": {
            "month": "2007-06",
            "price": "12.88",
            "revenue": 101658
        },
        "2007-07": {
            "month": "2007-07",
            "price": "17.25",
            "revenue": 109858
        },
        "2007-08": {
            "month": "2007-08",
            "price": "16.64",
            "revenue": 107409
        },
        "2007-09": {
            "month": "2007-09",
            "price": "15.68",
            "revenue": 101828
        },
        "2007-10": {
            "month": "2007-10",
            "price": "15.03",
            "revenue": 105226
        },
        "2007-11": {
            "month": "2007-11",
            "price": "13.07",
            "revenue": 119231
        },
        "2007-12": {
            "month": "2007-12",
            "price": "12.28",
            "revenue": 116833
        },
        "2008-01": {
            "month": "2008-01",
            "price": "12.10",
            "revenue": 118986
        },
        "2008-02": {
            "month": "2008-02",
            "price": "12.78",
            "revenue": 100944
        },
        "2008-03": {
            "month": "2008-03",
            "price": "15.32",
            "revenue": 187271
        },
        "2008-04": {
            "month": "2008-04",
            "price": "16.90",
            "revenue": 132953
        },
        "2008-05": {
            "month": "2008-05",
            "price": "16.38",
            "revenue": 116317
        },
        "2008-06": {
            "month": "2008-06",
            "price": "13.68",
            "revenue": 133437
        },
        "2008-07": {
            "month": "2008-07",
            "price": "10.91",
            "revenue": 140311
        },
        "2008-08": {
            "month": "2008-08",
            "price": "13.65",
            "revenue": 136597
        },
        "2008-09": {
            "month": "2008-09",
            "price": "10.34",
            "revenue": 112392
        },
        "2008-10": {
            "month": "2008-10",
            "price": "8.24",
            "revenue": 111665
        },
        "2008-11": {
            "month": "2008-11",
            "price": "7.76",
            "revenue": 84202
        },
        "2008-12": {
            "month": "2008-12",
            "price": "7.59",
            "revenue": 99067
        },
        "2009-01": {
            "month": "2009-01",
            "price": "6.81",
            "revenue": 73464
        },
        "2009-02": {
            "month": "2009-02",
            "price": "6.12",
            "revenue": 64407
        },
        "2009-03": {
            "month": "2009-03",
            "price": "6.98",
            "revenue": 75373
        },
        "2009-04": {
            "month": "2009-04",
            "price": "8.25",
            "revenue": 72860
        },
        "2009-05": {
            "month": "2009-05",
            "price": "8.60",
            "revenue": 77458
        },
        "2009-06": {
            "month": "2009-06",
            "price": "8.18",
            "revenue": 81382
        },
        "2009-07": {
            "month": "2009-07",
            "price": "8.10",
            "revenue": 86093
        },
        "2009-08": {
            "month": "2009-08",
            "price": "8.16",
            "revenue": 91229
        },
        "2009-09": {
            "month": "2009-09",
            "price": "8.24",
            "revenue": 82735
        },
        "2009-10": {
            "month": "2009-10",
            "price": "8.96",
            "revenue": 90028
        },
        "2009-11": {
            "month": "2009-11",
            "price": "9.05",
            "revenue": 78897
        },
        "2009-12": {
            "month": "2009-12",
            "price": "9.91",
            "revenue": 87731
        },
        "2010-01": {
            "month": "2010-01",
            "price": "11.80",
            "revenue": 97798
        },
        "2010-02": {
            "month": "2010-02",
            "price": "11.90",
            "revenue": 73434
        },
        "2010-03": {
            "month": "2010-03",
            "price": "13.49",
            "revenue": 81576
        },
        "2010-04": {
            "month": "2010-04",
            "price": "14.08",
            "revenue": 90035
        },
        "2010-05": {
            "month": "2010-05",
            "price": "13.74",
            "revenue": 99804
        },
        "2010-06": {
            "month": "2010-06",
            "price": "13.16",
            "revenue": 110186
        },
        "2010-07": {
            "month": "2010-07",
            "price": "13.64",
            "revenue": 100676
        },
        "2010-08": {
            "month": "2010-08",
            "price": "13.59",
            "revenue": 120194
        },
        "2010-09": {
            "month": "2010-09",
            "price": "12.42",
            "revenue": 143839
        },
        "2010-10": {
            "month": "2010-10",
            "price": "12.50",
            "revenue": 121361
        },
        "2010-11": {
            "month": "2010-11",
            "price": "11.91",
            "revenue": 109587
        },
        "2010-12": {
            "month": "2010-12",
            "price": "12.17",
            "revenue": 119420
        },
        "2011-01": {
            "month": "2011-01",
            "price": "12.71",
            "revenue": 102932
        },
        "2011-02": {
            "month": "2011-02",
            "price": "12.49",
            "revenue": 73789
        },
        "2011-03": {
            "month": "2011-03",
            "price": "12.45",
            "revenue": 144246
        },
        "2011-04": {
            "month": "2011-04",
            "price": "15.12",
            "revenue": 121923
        },
        "2011-05": {
            "month": "2011-05",
            "price": "15.00",
            "revenue": 163444
        },
        "2011-06": {
            "month": "2011-06",
            "price": "15.65",
            "revenue": 118927
        },
        "2011-07": {
            "month": "2011-07",
            "price": "15.20",
            "revenue": 156680
        },
        "2011-08": {
            "month": "2011-08",
            "price": "13.54",
            "revenue": 124534
        },
        "2011-09": {
            "month": "2011-09",
            "price": "11.23",
            "revenue": 126855
        },
        "2011-10": {
            "month": "2011-10",
            "price": "10.20",
            "revenue": 114177
        },
        "2011-11": {
            "month": "2011-11",
            "price": "11.96",
            "revenue": 119486
        },
        "2011-12": {
            "month": "2011-12",
            "price": "10.56",
            "revenue": 122272
        },
        "2012-01": {
            "month": "2012-01",
            "price": "10.11",
            "revenue": 91815
        },
        "2012-02": {
            "month": "2012-02",
            "price": "10.85",
            "revenue": 89064
        },
        "2012-03": {
            "month": "2012-03",
            "price": "10.44",
            "revenue": 110211
        },
        "2012-04": {
            "month": "2012-04",
            "price": "10.54",
            "revenue": 113938
        },
        "2012-05": {
            "month": "2012-05",
            "price": "10.38",
            "revenue": 108151
        },
        "2012-06": {
            "month": "2012-06",
            "price": "10.12",
            "revenue": 106670
        },
        "2012-07": {
            "month": "2012-07",
            "price": "10.07",
            "revenue": 109000
        },
        "2012-08": {
            "month": "2012-08",
            "price": "10.15",
            "revenue": 103703
        },
        "2012-09": {
            "month": "2012-09",
            "price": "12.50",
            "revenue": 121413
        },
        "2012-10": {
            "month": "2012-10",
            "price": "11.62",
            "revenue": 119997
        },
        "2012-11": {
            "month": "2012-11",
            "price": "10.57",
            "revenue": 115614
        },
        "2012-12": {
            "month": "2012-12",
            "price": "10.50",
            "revenue": 125136
        },
        "2013-01": {
            "month": "2013-01",
            "price": "10.30",
            "revenue": 197813
        },
        "2013-02": {
            "month": "2013-02",
            "price": "9.91",
            "revenue": 140005
        },
        "2013-03": {
            "month": "2013-03",
            "price": "9.88",
            "revenue": 182378
        },
        "2013-04": {
            "month": "2013-04",
            "price": "9.31",
            "revenue": 152628
        },
        "2013-05": {
            "month": "2013-05",
            "price": "9.29",
            "revenue": 160837
        },
        "2013-06": {
            "month": "2013-06",
            "price": "9.59",
            "revenue": 152712
        },
        "2013-07": {
            "month": "2013-07",
            "price": "9.47",
            "revenue": 171826
        },
        "2013-08": {
            "month": "2013-08",
            "price": "9.43",
            "revenue": 191482
        },
        "2013-09": {
            "month": "2013-09",
            "price": "9.43",
            "revenue": 205383
        },
        "2013-10": {
            "month": "2013-10",
            "price": "9.77",
            "revenue": 190261
        },
        "2013-11": {
            "month": "2013-11",
            "price": "9.67",
            "revenue": 196124
        },
        "2013-12": {
            "month": "2013-12",
            "price": "10.82",
            "revenue": 229177
        },
        "2014-01": {
            "month": "2014-01",
            "price": "12.91",
            "revenue": 228639
        },
        "2014-02": {
            "month": "2014-02",
            "price": "14.61",
            "revenue": 183589
        },
        "2014-03": {
            "month": "2014-03",
            "price": "15.60",
            "revenue": 201814
        },
        "2014-04": {
            "month": "2014-04",
            "price": "15.64",
            "revenue": 186780
        },
        "2014-05": {
            "month": "2014-05",
            "price": "15.62",
            "revenue": 206716
        },
        "2014-06": {
            "month": "2014-06",
            "price": "16.21",
            "revenue": 213707
        },
        "2014-07": {
            "month": "2014-07",
            "price": "18.11",
            "revenue": 227385
        },
        "2014-08": {
            "month": "2014-08",
            "price": "20.93",
            "revenue": 213570
        },
        "2014-09": {
            "month": "2014-09",
            "price": "22.37",
            "revenue": 210306
        },
        "2014-10": {
            "month": "2014-10",
            "price": "19.05",
            "revenue": 209565
        },
        "2014-11": {
            "month": "2014-11",
            "price": "21.04",
            "revenue": 203015
        },
        "2014-12": {
            "month": "2014-12",
            "price": "19.85",
            "revenue": 219164
        },
        "2015-01": {
            "month": "2015-01",
            "price": "23.92",
            "revenue": 208790
        },
        "2015-02": {
            "month": "2015-02",
            "price": "22.21",
            "revenue": 163265
        },
        "2015-03": {
            "month": "2015-03",
            "price": "22.61",
            "revenue": 164323
        },
        "2015-04": {
            "month": "2015-04",
            "price": "21.74",
            "revenue": 159449
        },
        "2015-05": {
            "month": "2015-05",
            "price": "20.77",
            "revenue": 145863
        },
        "2015-06": {
            "month": "2015-06",
            "price": "19.83",
            "revenue": 200538
        },
        "2015-07": {
            "month": "2015-07",
            "price": "19.38",
            "revenue": 158652
        },
        "2015-08": {
            "month": "2015-08",
            "price": "16.88",
            "revenue": 158512
        },
        "2015-09": {
            "month": "2015-09",
            "price": "14.94",
            "revenue": 151998
        },
        "2015-10": {
            "month": "2015-10",
            "price": "15.28",
            "revenue": 184540
        },
        "2015-11": {
            "month": "2015-11",
            "price": "15.58",
            "revenue": 153605
        },
        "2015-12": {
            "month": "2015-12",
            "price": "14.45",
            "revenue": 162037
        },
        "2016-01": {
            "month": "2016-01",
            "price": "14.22",
            "revenue": 191535
        },
        "2016-02": {
            "month": "2016-02",
            "price": "15.04",
            "revenue": 134625
        },
        "2016-03": {
            "month": "2016-03",
            "price": "15.64",
            "revenue": 161425
        },
        "2016-04": {
            "month": "2016-04",
            "price": "14.70",
            "revenue": 163609
        },
        "2016-05": {
            "month": "2016-05",
            "price": "14.07",
            "revenue": 142505
        },
        "2016-06": {
            "month": "2016-06",
            "price": "14.06",
            "revenue": 158329
        },
        "2016-07": {
            "month": "2016-07",
            "price": "14.64",
            "revenue": 152456
        },
        "2016-08": {
            "month": "2016-08",
            "price": "14.03",
            "revenue": 167854
        },
        "2016-09": {
            "month": "2016-09",
            "price": "13.64",
            "revenue": 142330
        },
        "2016-10": {
            "month": "2016-10",
            "price": "13.22",
            "revenue": 160176
        },
        "2016-11": {
            "month": "2016-11",
            "price": "12.97",
            "revenue": 164202
        },
        "2016-12": {
            "month": "2016-12",
            "price": "13.50",
            "revenue": 171794
        },
        "2017-01": {
            "month": "2017-01",
            "price": "13.24",
            "revenue": 171955
        },
        "2017-02": {
            "month": "2017-02",
            "price": "13.66",
            "revenue": 128163
        },
        "2017-03": {
            "month": "2017-03",
            "price": "13.92",
            "revenue": 169329
        },
        "2017-04": {
            "month": "2017-04",
            "price": "13.43",
            "revenue": 151582
        },
        "2017-05": {
            "month": "2017-05",
            "price": "12.96",
            "revenue": 164192
        },
        "2017-06": {
            "month": "2017-06",
            "price": "13.00",
            "revenue": 180838
        },
        "2017-07": {
            "month": "2017-07",
            "price": "12.58",
            "revenue": 151424
        },
        "2017-08": {
            "month": "2017-08",
            "price": "12.08",
            "revenue": 156349
        },
        "2017-09": {
            "month": "2017-09",
            "price": "12.42",
            "revenue": 168905
        },
        "2017-10": {
            "month": "2017-10",
            "price": "12.20",
            "revenue": 159338
        },
        "2017-11": {
            "month": "2017-11",
            "price": "12.31",
            "revenue": 165193
        },
        "2017-12": {
            "month": "2017-12",
            "price": "12.28",
            "revenue": 162024
        },
        "2018-01": {
            "month": "2018-01",
            "price": "12.64",
            "revenue": 158893
        },
        "2018-02": {
            "month": "2018-02",
            "price": "12.20",
            "revenue": 125984
        },
        "2018-03": {
            "month": "2018-03",
            "price": "12.24",
            "revenue": 164045
        },
        "2018-04": {
            "month": "2018-04",
            "price": "12.54",
            "revenue": 138773
        },
        "2018-05": {
            "month": "2018-05",
            "price": "12.20",
            "revenue": 172716
        },
        "2018-06": {
            "month": "2018-06",
            "price": "11.87",
            "revenue": 155638
        },
        "2018-07": {
            "month": "2018-07",
            "price": "11.55",
            "revenue": 153680
        },
        "2018-08": {
            "month": "2018-08",
            "price": "11.64",
            "revenue": 138038
        },
        "2018-09": {
            "month": "2018-09",
            "price": "10.46",
            "revenue": 153511
        },
        "2018-10": {
            "month": "2018-10",
            "price": "9.78",
            "revenue": 138709
        },
        "2018-11": {
            "month": "2018-11",
            "price": "9.98",
            "revenue": 124840
        },
        "2018-12": {
            "month": "2018-12",
            "price": "10.95",
            "revenue": 132337
        },
        "2019-01": {
            "month": "2019-01",
            "price": "10.85",
            "revenue": 159535
        },
        "2019-02": {
            "month": "2019-02",
            "price": "10.90",
            "revenue": 95257
        },
        "2019-03": {
            "month": "2019-03",
            "price": "11.44",
            "revenue": 131165
        },
        "2019-04": {
            "month": "2019-04",
            "price": "11.21",
            "revenue": 134464
        },
        "2019-05": {
            "month": "2019-05",
            "price": "10.68",
            "revenue": 137079
        },
        "2019-06": {
            "month": "2019-06",
            "price": "10.48",
            "revenue": 123741
        },
        "2019-07": {
            "month": "2019-07",
            "price": "10.94",
            "revenue": 130483
        },
        "2019-08": {
            "month": "2019-08",
            "price": "11.46",
            "revenue": 122983
        },
        "2019-09": {
            "month": "2019-09",
            "price": "11.57",
            "revenue": 130253
        },
        "2019-10": {
            "month": "2019-10",
            "price": "11.52",
            "revenue": 141899
        },
        "2019-11": {
            "month": "2019-11",
            "price": "11.50",
            "revenue": 147022
        },
        "2019-12": {
            "month": "2019-12",
            "price": "11.45",
            "revenue": 154148
        },
        "2020-01": {
            "month": "2020-01",
            "price": "11.29",
            "revenue": 154218
        },
        "2020-02": {
            "month": "2020-02",
            "price": "10.89",
            "revenue": 126888
        },
        "2020-03": {
            "month": "2020-03",
            "price": "10.02",
            "revenue": 132708
        },
        "2020-04": {
            "month": "2020-04",
            "price": "9.56",
            "revenue": 132646
        },
        "2020-05": {
            "month": "2020-05",
            "price": "9.67",
            "revenue": 122661
        },
        "2020-06": {
            "month": "2020-06",
            "price": "9.48",
            "revenue": 160965
        },
        "2020-07": {
            "month": "2020-07",
            "price": "10.16",
            "revenue": 160743
        },
        "2020-08": {
            "month": "2020-08",
            "price": "10.13",
            "revenue": 151181
        },
        "2020-09": {
            "month": "2020-09",
            "price": "10.19",
            "revenue": 166131
        },
        "2020-10": {
            "month": "2020-10",
            "price": "18.02",
            "revenue": 141411
        },
        "2020-11": {
            "month": "2020-11",
            "price": "20.63",
            "revenue": 136276
        },
        "2020-12": {
            "month": "2020-12",
            "price": "20.03",
            "revenue": 161473
        },
        "2021-01": {
            "month": "2021-01",
            "price": "17.37",
            "revenue": 164789
        },
        "2021-02": {
            "month": "2021-02",
            "price": "17.81",
            "revenue": 121452
        },
        "2021-03": {
            "month": "2021-03",
            "price": "20.84",
            "revenue": 137665
        },
        "2021-04": {
            "month": "2021-04",
            "price": "23.42",
            "revenue": 150041
        },
        "2021-05": {
            "month": "2021-05",
            "price": "23.96",
            "revenue": 162296
        },
        "2021-06": {
            "month": "2021-06",
            "price": "37.07",
            "revenue": 151047
        },
        "2021-07": {
            "month": "2021-07",
            "price": "34.79",
            "revenue": 181599
        },
        "2021-08": {
            "month": "2021-08",
            "price": "30.38",
            "revenue": 168040
        },
        "2021-09": {
            "month": "2021-09",
            "price": "30.77",
            "revenue": 205831
        },
        "2021-10": {
            "month": "2021-10",
            "price": "27.79",
            "revenue": 167651
        },
        "2021-11": {
            "month": "2021-11",
            "price": "31.52",
            "revenue": 173310
        },
        "2021-12": {
            "month": "2021-12",
            "price": "31.66",
            "revenue": 204368
        },
        "2022-01": {
            "month": "2022-01",
            "price": "31.73",
            "revenue": 171589
        },
        "2022-02": {
            "month": "2022-02",
            "price": "32.70",
            "revenue": 152013
        },
        "2022-03": {
            "month": "2022-03",
            "price": "37.71",
            "revenue": 213258
        },
        "2022-04": {
            "month": "2022-04",
            "price": "53.35",
            "revenue": 152639
        },
        "2022-05": {
            "month": "2022-05",
            "price": "47.74",
            "revenue": 182028
        },
        "2022-06": {
            "month": "2022-06",
            "price": "41.98",
            "revenue": 186903
        },
        "2022-07": {
            "month": "2022-07",
            "price": "37.85",
            "revenue": 150995
        },
        "2022-08": {
            "month": "2022-08",
            "price": "40.93",
            "revenue": 174655
        },
        "2022-09": {
            "month": "2022-09",
            "price": "27.14",
            "revenue": 135469
        },
        "2022-10": {
            "month": "2022-10",
            "price": "21.16",
            "revenue": 134957
        },
        "2022-11": {
            "month": "2022-11",
            "price": "20.69",
            "revenue": 140755
        },
        "2022-12": {
            "month": "2022-12",
            "price": "22.68",
            "revenue": 162067
        },
        "2023-01": {
            "month": "2023-01",
            "price": "22.13",
            "revenue": 150910
        },
        "2023-02": {
            "month": "2023-02",
            "price": "23.05",
            "revenue": 159814
        },
        "2023-03": {
            "month": "2023-03",
            "price": "22.58",
            "revenue": 207574
        },
        "2023-04": {
            "month": "2023-04",
            "price": "21.62",
            "revenue": 161004
        },
        "2023-05": {
            "month": "2023-05",
            "price": "20.76",
            "revenue": 143595
        }
    }
}
