{
    "summary": {
        "stock_name": "中連",
        "stock_id": "5604",
        "category": "其他",
        "main_business": "不動產租賃業<br>不動產出售",
        "website_url": "http://www.cltc.com.tw",
        "ceo": "江瑞萌",
        "pe_ratio": 55,
        "report_year_from": 2001,
        "report_year_to": 2023,
        "age": 22,
        "eps_negative_percentage": 0,
        "eps_growth_avg": {
            "last_all": 11.43,
            "last_2y": -21.59,
            "last_4y": 17.02,
            "last_8y": 10.05,
            "last_12y": 10.34,
            "last_16y": 5.87,
            "last_20y": 11.43,
            "at_2006_last_3y": 13.53,
            "at_2007_last_3y": 35.36,
            "at_2008_last_3y": -7.1,
            "at_2009_last_3y": -8.66,
            "at_2010_last_3y": 18.36,
            "at_2011_last_3y": -13.98,
            "at_2012_last_3y": -8.38,
            "at_2013_last_3y": 10.99,
            "at_2014_last_3y": -6.89,
            "at_2015_last_3y": 25.45,
            "at_2016_last_3y": 18.08,
            "at_2017_last_3y": 1.35,
            "at_2018_last_3y": 27.93,
            "at_2019_last_3y": 15.4,
            "at_2020_last_3y": 46.09,
            "at_2021_last_3y": 43.09,
            "at_2022_last_3y": -3.73,
            "at_2023_last_3y": -3.73,
            "at_2006_last_all": 19.46,
            "at_2007_last_all": 32.88,
            "at_2008_last_all": 18.21,
            "at_2009_last_all": 13.2,
            "at_2010_last_all": 18.97,
            "at_2011_last_all": 14.14,
            "at_2012_last_all": 8.54,
            "at_2013_last_all": 12.46,
            "at_2014_last_all": 11.01,
            "at_2015_last_all": 17.37,
            "at_2016_last_all": 11.09,
            "at_2017_last_all": 9.68,
            "at_2018_last_all": 15,
            "at_2019_last_all": 16.93,
            "at_2020_last_all": 18.46,
            "at_2021_last_all": 16.36,
            "at_2022_last_all": 11.43,
            "at_2023_last_all": 11.43
        },
        "latest_eps": 0.83,
        "latest_price": 45.75,
        "latest_roe": 4.06,
        "latest_gross_margin": 81.4,
        "latest_equity": 2160586,
        "latest_revenue": 39732,
        "latest_gross_profit": 32340,
        "latest_net_income": 22354,
        "latest_debt_ratio": 19.73,
        "latest_current_ratio": 1231.9,
        "latest_account_receivable_turnover_ratio": 56.48,
        "latest_inventory_turnover_ratio": null,
        "latest_reinvestment_rate": -143.94,
        "latest_research_to_sale_ratio": null
    },
    "eps_dividends": {
        "1995": {
            "cash": 0,
            "stock": 3.93,
            "eps": 0
        },
        "1996": {
            "cash": 0,
            "stock": 1.86,
            "eps": 0
        },
        "1997": {
            "cash": 0,
            "stock": 1.94,
            "eps": 0
        },
        "1998": {
            "cash": 0,
            "stock": 2.5,
            "eps": 0
        },
        "1999": {
            "cash": 0.5,
            "stock": 1,
            "eps": 0
        },
        "2000": {
            "cash": 0.8,
            "stock": 0.5,
            "eps": 0
        },
        "2001": {
            "cash": 0,
            "stock": 0,
            "eps": 0.88
        },
        "2002": {
            "cash": 0.8,
            "stock": 0,
            "eps": 1.26
        },
        "2003": {
            "cash": 1.13,
            "stock": 0,
            "eps": 1.42
        },
        "2004": {
            "cash": 1.7,
            "stock": 0,
            "eps": 3.51
        },
        "2005": {
            "cash": 3.13,
            "stock": 0,
            "eps": 2.96
        },
        "2006": {
            "cash": 2.72,
            "stock": 0,
            "eps": 1.69
        },
        "2007": {
            "cash": 2.62,
            "stock": 0,
            "eps": 5.6
        },
        "2008": {
            "cash": 5,
            "stock": 0,
            "eps": 1.69
        },
        "2009": {
            "cash": 1.55,
            "stock": 0,
            "eps": 1.32
        },
        "2010": {
            "cash": 1.18,
            "stock": 0,
            "eps": 2.18
        },
        "2011": {
            "cash": 1.96,
            "stock": 0,
            "eps": 1.54
        },
        "2012": {
            "cash": 1.4,
            "stock": 0,
            "eps": 0.81
        },
        "2013": {
            "cash": 1.5,
            "stock": 0,
            "eps": 1.26
        },
        "2014": {
            "cash": 1.8,
            "stock": 0,
            "eps": 1.18
        },
        "2015": {
            "cash": 1.8,
            "stock": 0,
            "eps": 3.81
        },
        "2016": {
            "cash": 3.2,
            "stock": 0,
            "eps": 0.88
        },
        "2017": {
            "cash": 1.8,
            "stock": 0,
            "eps": 0.78
        },
        "2018": {
            "cash": 1.5,
            "stock": 0,
            "eps": 4.03
        },
        "2019": {
            "cash": 3.75,
            "stock": 0,
            "eps": 6.04
        },
        "2020": {
            "cash": 5.55,
            "stock": 0,
            "eps": 8.81
        },
        "2021": {
            "cash": 7.95,
            "stock": 0,
            "eps": 6.75
        },
        "2022": {
            "cash": 6.1,
            "stock": 0,
            "eps": 0.86
        },
        "2023": {
            "cash": 2,
            "stock": 0,
            "eps": 0.41
        }
    },
    "dividends": {
        "1995-05-27": {
            "cash": 0,
            "stock": 3.93
        },
        "1996-05-27": {
            "cash": 0,
            "stock": 1.86
        },
        "1997-03-11": {
            "cash": 0,
            "stock": 1.94
        },
        "1998-03-18": {
            "cash": 0,
            "stock": 2.5
        },
        "1999-04-12": {
            "cash": 0.5,
            "stock": 1
        },
        "2000-06-13": {
            "cash": 0.8,
            "stock": 0.5
        },
        "2002-04-26": {
            "cash": 0.8,
            "stock": 0
        },
        "2003-04-29": {
            "cash": 1.13,
            "stock": 0
        },
        "2004-01-19": {
            "cash": 1.7,
            "stock": 0
        },
        "2005-01-31": {
            "cash": 3.13,
            "stock": 0
        },
        "2006-04-25": {
            "cash": 2.72,
            "stock": 0
        },
        "2007-03-21": {
            "cash": 2.62,
            "stock": 0
        },
        "2008-01-31": {
            "cash": 5,
            "stock": 0
        },
        "2009-01-23": {
            "cash": 1.55,
            "stock": 0
        },
        "2010-02-02": {
            "cash": 1.18,
            "stock": 0
        },
        "2011-01-25": {
            "cash": 1.96,
            "stock": 0
        },
        "2012-06-06": {
            "cash": 1.4,
            "stock": 0
        },
        "2013-06-04": {
            "cash": 1.5,
            "stock": 0
        },
        "2014-06-04": {
            "cash": 1.8,
            "stock": 0
        },
        "2015-07-15": {
            "cash": 1.8,
            "stock": 0
        },
        "2016-07-14": {
            "cash": 3.2,
            "stock": 0
        },
        "2017-07-20": {
            "cash": 1.8,
            "stock": 0
        },
        "2018-07-12": {
            "cash": 1.5,
            "stock": 0
        },
        "2019-07-11": {
            "cash": 3.75,
            "stock": 0
        },
        "2020-07-15": {
            "cash": 5.55,
            "stock": 0
        },
        "2021-09-01": {
            "cash": 7.95,
            "stock": 0
        },
        "2022-07-13": {
            "cash": 6.1,
            "stock": 0
        },
        "2023-03-15": {
            "cash": 2,
            "stock": 0
        }
    },
    "prices": {
        "200101": "10.25",
        "200102": "11.45",
        "200103": "11.56",
        "200104": "11.12",
        "200105": "10.11",
        "200106": "10.50",
        "200107": "10.50",
        "200108": "10.49",
        "200109": "10.48",
        "200110": "10.47",
        "200111": "10.51",
        "200112": "10.73",
        "200201": "10.78",
        "200202": "10.68",
        "200203": "10.81",
        "200204": "11.39",
        "200205": "10.77",
        "200206": "10.08",
        "200207": "9.59",
        "200208": "9.25",
        "200209": "9.12",
        "200210": "9.23",
        "200211": "9.57",
        "200212": "10.02",
        "200301": "10.81",
        "200302": "11.47",
        "200303": "11.53",
        "200304": "11.46",
        "200305": "11.76",
        "200306": "11.47",
        "200307": "11.67",
        "200308": "11.87",
        "200309": "14.92",
        "200310": "15.58",
        "200311": "15.42",
        "200312": "15.50",
        "200401": "16.97",
        "200402": "19.33",
        "200403": "19.03",
        "200404": "19.06",
        "200405": "17.91",
        "200406": "15.96",
        "200407": "15.23",
        "200408": "16.40",
        "200409": "16.56",
        "200410": "17.07",
        "200411": "17.17",
        "200412": "18.13",
        "200501": "19.60",
        "200502": "22.77",
        "200503": "24.04",
        "200504": "24.13",
        "200505": "24.21",
        "200506": "24.17",
        "200507": "21.43",
        "200508": "22.23",
        "200509": "23.39",
        "200510": "23.00",
        "200511": "23.23",
        "200512": "27.88",
        "200601": "27.81",
        "200602": "28.41",
        "200603": "28.05",
        "200604": "28.04",
        "200605": "29.61",
        "200606": "27.20",
        "200607": "25.43",
        "200608": "25.16",
        "200609": "24.14",
        "200610": "23.49",
        "200611": "21.59",
        "200612": "25.27",
        "200701": "24.65",
        "200702": "24.37",
        "200703": "24.34",
        "200704": "26.45",
        "200705": "26.42",
        "200706": "26.54",
        "200707": "27.15",
        "200708": "24.94",
        "200709": "25.04",
        "200710": "25.81",
        "200711": "28.27",
        "200712": "27.47",
        "200801": "27.70",
        "200802": "34.16",
        "200803": "37.39",
        "200804": "41.29",
        "200805": "40.84",
        "200806": "38.84",
        "200807": "33.21",
        "200808": "25.30",
        "200809": "22.27",
        "200810": "18.70",
        "200811": "17.09",
        "200812": "17.18",
        "200901": "17.21",
        "200902": "18.05",
        "200903": "18.86",
        "200904": "21.02",
        "200905": "21.23",
        "200906": "20.94",
        "200907": "19.72",
        "200908": "19.15",
        "200909": "19.68",
        "200910": "20.99",
        "200911": "20.50",
        "200912": "21.05",
        "201001": "21.95",
        "201002": "21.10",
        "201003": "22.62",
        "201004": "24.64",
        "201005": "23.41",
        "201006": "23.09",
        "201007": "22.46",
        "201008": "24.45",
        "201009": "24.35",
        "201010": "25.23",
        "201011": "25.67",
        "201012": "27.01",
        "201101": "28.41",
        "201102": "27.89",
        "201103": "27.82",
        "201104": "28.06",
        "201105": "26.99",
        "201106": "26.64",
        "201107": "24.12",
        "201108": "23.84",
        "201109": "23.55",
        "201110": "23.42",
        "201111": "23.12",
        "201112": "24.11",
        "201201": "24.93",
        "201202": "25.15",
        "201203": "25.38",
        "201204": "25.11",
        "201205": "25.24",
        "201206": "25.30",
        "201207": "25.17",
        "201208": "25.29",
        "201209": "25.81",
        "201210": "25.97",
        "201211": "25.72",
        "201212": "25.88",
        "201301": "26.06",
        "201302": "26.40",
        "201303": "26.36",
        "201304": "26.32",
        "201305": "26.45",
        "201306": "26.36",
        "201307": "25.63",
        "201308": "25.97",
        "201309": "26.05",
        "201310": "26.48",
        "201311": "28.02",
        "201312": "28.22",
        "201401": "28.59",
        "201402": "37.75",
        "201403": "39.70",
        "201404": "35.34",
        "201405": "36.26",
        "201406": "37.96",
        "201407": "36.16",
        "201408": "36.55",
        "201409": "37.19",
        "201410": "37.40",
        "201411": "37.27",
        "201412": "38.38",
        "201501": "39.37",
        "201502": "39.40",
        "201503": "38.40",
        "201504": "38.16",
        "201505": "37.76",
        "201506": "37.40",
        "201507": "34.78",
        "201508": "35.34",
        "201509": "34.24",
        "201510": "35.88",
        "201511": "35.56",
        "201512": "35.34",
        "201601": "35.13",
        "201602": "37.77",
        "201603": "39.11",
        "201604": "38.27",
        "201605": "36.96",
        "201606": "36.50",
        "201607": "33.90",
        "201608": "33.32",
        "201609": "33.46",
        "201610": "32.38",
        "201611": "30.54",
        "201612": "31.47",
        "201701": "31.98",
        "201702": "33.38",
        "201703": "33.31",
        "201704": "33.14",
        "201705": "32.15",
        "201706": "31.03",
        "201707": "29.91",
        "201708": "30.26",
        "201709": "30.34",
        "201710": "29.92",
        "201711": "28.91",
        "201712": "29.30",
        "201801": "29.93",
        "201802": "30.06",
        "201803": "30.62",
        "201804": "32.25",
        "201805": "32.70",
        "201806": "31.07",
        "201807": "30.16",
        "201808": "30.86",
        "201809": "30.80",
        "201810": "30.28",
        "201811": "29.93",
        "201812": "29.92",
        "201901": "30.28",
        "201902": "31.20",
        "201903": "33.26",
        "201904": "33.61",
        "201905": "37.04",
        "201906": "38.63",
        "201907": "35.30",
        "201908": "37.85",
        "201909": "39.15",
        "201910": "38.52",
        "201911": "38.39",
        "201912": "38.38",
        "202001": "39.51",
        "202002": "42.26",
        "202003": "43.78",
        "202004": "46.99",
        "202005": "54.95",
        "202006": "66.49",
        "202007": "60.90",
        "202008": "58.45",
        "202009": "59.58",
        "202010": "64.52",
        "202011": "68.28",
        "202012": "67.95",
        "202101": "65.94",
        "202102": "73.35",
        "202103": "88.87",
        "202104": "89.39",
        "202105": "87.87",
        "202106": "92.94",
        "202107": "90.82",
        "202108": "82.51",
        "202109": "78.11",
        "202110": "76.73",
        "202111": "78.03",
        "202112": "78.08",
        "202201": "79.74",
        "202202": "80.69",
        "202203": "79.43",
        "202204": "78.07",
        "202205": "72.14",
        "202206": "68.60",
        "202207": "61.48",
        "202208": "62.80",
        "202209": "58.06",
        "202210": "49.84",
        "202211": "50.79",
        "202212": "51.80",
        "202301": "53.79",
        "202302": "55.51",
        "202303": "50.36",
        "202304": "49.97",
        "202305": "49.16",
        "202306": "49.39",
        "202307": "48.42",
        "202308": "46.90",
        "202309": "45.86"
    },
    "quarters": {
        "20011": {
            "year_quarter": 20011,
            "year": 2001,
            "quarter": 1,
            "eps": 0.2,
            "eps_growth_year": -39.39,
            "eps_4q": 1.01,
            "eps_4q_growth_year": -24.65,
            "roe": 1.42,
            "roe_4q": 1.42,
            "gross_profit": 165061,
            "gross_margin": 35.3,
            "gross_margin_4q_avg": 35.3,
            "net_income": 49924,
            "revenue": 467655,
            "common_shares": 2545005,
            "book_valuer_per_share": 13.95,
            "book_valuer_per_share_4q_avg": 13.95,
            "equity": 3550980,
            "current_ratio": 317.99,
            "debt_ratio": 32.96,
            "inventory_turnover_ratio": null,
            "account_receivable_turnover_ratio": null,
            "reinvestment_rate": null,
            "research_to_sale_ratio": null,
            "price_fair": 0,
            "eps_avg_yearly": 0,
            "eps_latest_yearly": 0,
            "eps_growth_yearly": 0
        },
        "20012": {
            "year_quarter": 20012,
            "year": 2001,
            "quarter": 2,
            "eps": 0.18,
            "eps_growth_year": -21.74,
            "eps_4q": 0.93,
            "eps_4q_growth_year": -13.35,
            "roe": 1.38,
            "roe_4q": 2.8,
            "gross_profit": 160488,
            "gross_margin": 36.48,
            "gross_margin_4q_avg": 35.89,
            "net_income": 47542,
            "revenue": 439907,
            "common_shares": 2608630,
            "book_valuer_per_share": 12.73,
            "book_valuer_per_share_4q_avg": 13.34,
            "equity": 3320504,
            "current_ratio": 378.2,
            "debt_ratio": 32.51,
            "inventory_turnover_ratio": null,
            "account_receivable_turnover_ratio": null,
            "reinvestment_rate": null,
            "research_to_sale_ratio": null,
            "price_fair": 0,
            "eps_avg_yearly": 0,
            "eps_latest_yearly": 0,
            "eps_growth_yearly": 0
        },
        "20013": {
            "year_quarter": 20013,
            "year": 2001,
            "quarter": 3,
            "eps": 0.17,
            "eps_growth_year": -34.62,
            "eps_4q": 0.87,
            "eps_4q_growth_year": -23.21,
            "roe": 1.3,
            "roe_4q": 4.1,
            "gross_profit": 162597,
            "gross_margin": 37.22,
            "gross_margin_4q_avg": 36.33,
            "net_income": 43073,
            "revenue": 436847,
            "common_shares": 2608630,
            "book_valuer_per_share": 12.77,
            "book_valuer_per_share_4q_avg": 13.15,
            "equity": 3331695,
            "current_ratio": 233.79,
            "debt_ratio": 35.68,
            "inventory_turnover_ratio": null,
            "account_receivable_turnover_ratio": null,
            "reinvestment_rate": null,
            "research_to_sale_ratio": null,
            "price_fair": 0,
            "eps_avg_yearly": 0,
            "eps_latest_yearly": 0,
            "eps_growth_yearly": 0
        },
        "20014": {
            "year_quarter": 20014,
            "year": 2001,
            "quarter": 4,
            "eps": 0.33,
            "eps_growth_year": 6.45,
            "eps_4q": 0.87,
            "eps_4q_growth_year": -19.7,
            "roe": 2.54,
            "roe_4q": 6.64,
            "gross_profit": 192118,
            "gross_margin": 42.46,
            "gross_margin_4q_avg": 37.87,
            "net_income": 85349,
            "revenue": 452492,
            "common_shares": 2548330,
            "book_valuer_per_share": 13.35,
            "book_valuer_per_share_4q_avg": 13.2,
            "equity": 3400828,
            "current_ratio": 457.8,
            "debt_ratio": 31.78,
            "inventory_turnover_ratio": null,
            "account_receivable_turnover_ratio": null,
            "reinvestment_rate": null,
            "research_to_sale_ratio": null,
            "price_fair": 0,
            "eps_avg_yearly": 0,
            "eps_latest_yearly": 0,
            "eps_growth_yearly": 0
        },
        "20021": {
            "year_quarter": 20021,
            "year": 2002,
            "quarter": 1,
            "eps": 0.18,
            "eps_growth_year": -10,
            "eps_4q": 0.86,
            "eps_4q_growth_year": -14.57,
            "roe": 1.36,
            "roe_4q": 6.58,
            "gross_profit": 160085,
            "gross_margin": 38.39,
            "gross_margin_4q_avg": 38.64,
            "net_income": 46296,
            "revenue": 416998,
            "common_shares": 2541800,
            "book_valuer_per_share": 13.47,
            "book_valuer_per_share_4q_avg": 13.08,
            "equity": 3424808,
            "current_ratio": 254.87,
            "debt_ratio": 35.32,
            "inventory_turnover_ratio": null,
            "account_receivable_turnover_ratio": null,
            "reinvestment_rate": null,
            "research_to_sale_ratio": null,
            "price_fair": 2.16,
            "eps_avg_yearly": 0.72,
            "eps_latest_yearly": 0.72,
            "eps_growth_yearly": -181.82
        },
        "20022": {
            "year_quarter": 20022,
            "year": 2002,
            "quarter": 2,
            "eps": 0.27,
            "eps_growth_year": 50,
            "eps_4q": 0.96,
            "eps_4q_growth_year": 3.76,
            "roe": 2.03,
            "roe_4q": 7.2299999999999995,
            "gross_profit": 179119,
            "gross_margin": 42.22,
            "gross_margin_4q_avg": 40.07,
            "net_income": 68242,
            "revenue": 424206,
            "common_shares": 2541800,
            "book_valuer_per_share": 13.02,
            "book_valuer_per_share_4q_avg": 13.15,
            "equity": 3309910,
            "current_ratio": 512.22,
            "debt_ratio": 32.23,
            "inventory_turnover_ratio": null,
            "account_receivable_turnover_ratio": null,
            "reinvestment_rate": null,
            "research_to_sale_ratio": null,
            "price_fair": 17.18,
            "eps_avg_yearly": 0.9,
            "eps_latest_yearly": 1.08,
            "eps_growth_yearly": 9.09
        },
        "20023": {
            "year_quarter": 20023,
            "year": 2002,
            "quarter": 3,
            "eps": 0.28,
            "eps_growth_year": 64.71,
            "eps_4q": 1.08,
            "eps_4q_growth_year": 23.43,
            "roe": 2.09,
            "roe_4q": 8.02,
            "gross_profit": 181735,
            "gross_margin": 41.91,
            "gross_margin_4q_avg": 41.25,
            "net_income": 70045,
            "revenue": 433656,
            "common_shares": 2541800,
            "book_valuer_per_share": 13.3,
            "book_valuer_per_share_4q_avg": 13.29,
            "equity": 3379955,
            "current_ratio": 559.76,
            "debt_ratio": 31.57,
            "inventory_turnover_ratio": null,
            "account_receivable_turnover_ratio": null,
            "reinvestment_rate": null,
            "research_to_sale_ratio": null,
            "price_fair": 20.44,
            "eps_avg_yearly": 0.97,
            "eps_latest_yearly": 1.12,
            "eps_growth_yearly": 11
        },
        "20024": {
            "year_quarter": 20024,
            "year": 2002,
            "quarter": 4,
            "eps": 0.53,
            "eps_growth_year": 60.61,
            "eps_4q": 1.26,
            "eps_4q_growth_year": 43.7,
            "roe": 3.92,
            "roe_4q": 9.399999999999999,
            "gross_profit": 181523,
            "gross_margin": 40.94,
            "gross_margin_4q_avg": 40.87,
            "net_income": 134930,
            "revenue": 443385,
            "common_shares": 2541800,
            "book_valuer_per_share": 13.82,
            "book_valuer_per_share_4q_avg": 13.4,
            "equity": 3512115,
            "current_ratio": 420.39,
            "debt_ratio": 31.69,
            "inventory_turnover_ratio": null,
            "account_receivable_turnover_ratio": null,
            "reinvestment_rate": -27.44,
            "research_to_sale_ratio": null,
            "price_fair": 44.1,
            "eps_avg_yearly": 1.26,
            "eps_latest_yearly": 2.12,
            "eps_growth_yearly": 97.53
        },
        "20031": {
            "year_quarter": 20031,
            "year": 2003,
            "quarter": 1,
            "eps": 0.51,
            "eps_growth_year": 183.33,
            "eps_4q": 1.58,
            "eps_4q_growth_year": 83.37,
            "roe": 3.63,
            "roe_4q": 11.67,
            "gross_profit": 149468,
            "gross_margin": 36.67,
            "gross_margin_4q_avg": 40.44,
            "net_income": 129665,
            "revenue": 407561,
            "common_shares": 2541800,
            "book_valuer_per_share": 14.28,
            "book_valuer_per_share_4q_avg": 13.61,
            "equity": 3628665,
            "current_ratio": 518.18,
            "debt_ratio": 30.2,
            "inventory_turnover_ratio": null,
            "account_receivable_turnover_ratio": null,
            "reinvestment_rate": -35.09,
            "research_to_sale_ratio": null,
            "price_fair": 49.56,
            "eps_avg_yearly": 1.42,
            "eps_latest_yearly": 2.04,
            "eps_growth_yearly": 75.01
        },
        "20032": {
            "year_quarter": 20032,
            "year": 2003,
            "quarter": 2,
            "eps": 0.28,
            "eps_growth_year": 3.7,
            "eps_4q": 1.86,
            "eps_4q_growth_year": 93.68,
            "roe": 1.89,
            "roe_4q": 11.53,
            "gross_profit": 167189,
            "gross_margin": 41.39,
            "gross_margin_4q_avg": 40.23,
            "net_income": 59235,
            "revenue": 403895,
            "common_shares": 1779260,
            "book_valuer_per_share": 14.83,
            "book_valuer_per_share_4q_avg": 14.06,
            "equity": 2639199,
            "current_ratio": 129.32,
            "debt_ratio": 45.43,
            "inventory_turnover_ratio": null,
            "account_receivable_turnover_ratio": null,
            "reinvestment_rate": -31.46,
            "research_to_sale_ratio": null,
            "price_fair": 47.83,
            "eps_avg_yearly": 1.37,
            "eps_latest_yearly": 1.12,
            "eps_growth_yearly": 32.44
        },
        "20033": {
            "year_quarter": 20033,
            "year": 2003,
            "quarter": 3,
            "eps": 0.27,
            "eps_growth_year": -3.57,
            "eps_4q": 1.73,
            "eps_4q_growth_year": 59.87,
            "roe": 2.25,
            "roe_4q": 11.69,
            "gross_profit": 169657,
            "gross_margin": 40.05,
            "gross_margin_4q_avg": 39.76,
            "net_income": 60088,
            "revenue": 423621,
            "common_shares": 1779260,
            "book_valuer_per_share": 15.18,
            "book_valuer_per_share_4q_avg": 14.53,
            "equity": 2700982,
            "current_ratio": 162.2,
            "debt_ratio": 40.58,
            "inventory_turnover_ratio": null,
            "account_receivable_turnover_ratio": null,
            "reinvestment_rate": -31,
            "research_to_sale_ratio": null,
            "price_fair": 46.4,
            "eps_avg_yearly": 1.33,
            "eps_latest_yearly": 1.08,
            "eps_growth_yearly": 25.77
        },
        "20034": {
            "year_quarter": 20034,
            "year": 2003,
            "quarter": 4,
            "eps": 0.36,
            "eps_growth_year": -32.08,
            "eps_4q": 1.52,
            "eps_4q_growth_year": 21.22,
            "roe": 2.82,
            "roe_4q": 10.59,
            "gross_profit": 210025,
            "gross_margin": 46.42,
            "gross_margin_4q_avg": 41.13,
            "net_income": 77180,
            "revenue": 452461,
            "common_shares": 1779260,
            "book_valuer_per_share": 15.61,
            "book_valuer_per_share_4q_avg": 14.98,
            "equity": 2778162,
            "current_ratio": 155.77,
            "debt_ratio": 41.05,
            "inventory_turnover_ratio": null,
            "account_receivable_turnover_ratio": null,
            "reinvestment_rate": -33.93,
            "research_to_sale_ratio": null,
            "price_fair": 46.9,
            "eps_avg_yearly": 1.34,
            "eps_latest_yearly": 1.44,
            "eps_growth_yearly": 39.21
        },
        "20041": {
            "year_quarter": 20041,
            "year": 2004,
            "quarter": 1,
            "eps": 0.17,
            "eps_growth_year": -66.67,
            "eps_4q": 1.31,
            "eps_4q_growth_year": -17.61,
            "roe": 1.05,
            "roe_4q": 8.01,
            "gross_profit": 143399,
            "gross_margin": 35.19,
            "gross_margin_4q_avg": 40.76,
            "net_income": 29416,
            "revenue": 407544,
            "common_shares": 1779260,
            "book_valuer_per_share": 15.77,
            "book_valuer_per_share_4q_avg": 15.35,
            "equity": 2805326,
            "current_ratio": 157.93,
            "debt_ratio": 41.14,
            "inventory_turnover_ratio": null,
            "account_receivable_turnover_ratio": null,
            "reinvestment_rate": -30.8,
            "research_to_sale_ratio": null,
            "price_fair": 27.11,
            "eps_avg_yearly": 1.27,
            "eps_latest_yearly": 0.68,
            "eps_growth_yearly": 11.4
        },
        "20042": {
            "year_quarter": 20042,
            "year": 2004,
            "quarter": 2,
            "eps": 0.73,
            "eps_growth_year": 160.71,
            "eps_4q": 1.69,
            "eps_4q_growth_year": -9.15,
            "roe": 4.83,
            "roe_4q": 10.95,
            "gross_profit": 155367,
            "gross_margin": 38.54,
            "gross_margin_4q_avg": 40.05,
            "net_income": 126557,
            "revenue": 403112,
            "common_shares": 1601334,
            "book_valuer_per_share": 15.19,
            "book_valuer_per_share_4q_avg": 15.44,
            "equity": 2431981,
            "current_ratio": 117.49,
            "debt_ratio": 46.84,
            "inventory_turnover_ratio": null,
            "account_receivable_turnover_ratio": null,
            "reinvestment_rate": -46.77,
            "research_to_sale_ratio": null,
            "price_fair": 50.12,
            "eps_avg_yearly": 1.43,
            "eps_latest_yearly": 2.92,
            "eps_growth_yearly": 142.02
        },
        "20043": {
            "year_quarter": 20043,
            "year": 2004,
            "quarter": 3,
            "eps": 0.94,
            "eps_growth_year": 248.15,
            "eps_4q": 2.31,
            "eps_4q_growth_year": 34.16,
            "roe": 6.43,
            "roe_4q": 15.13,
            "gross_profit": 164910,
            "gross_margin": 39.25,
            "gross_margin_4q_avg": 39.85,
            "net_income": 159458,
            "revenue": 420114,
            "common_shares": 1601334,
            "book_valuer_per_share": 15.79,
            "book_valuer_per_share_4q_avg": 15.59,
            "equity": 2527774,
            "current_ratio": 152.92,
            "debt_ratio": 41.8,
            "inventory_turnover_ratio": null,
            "account_receivable_turnover_ratio": null,
            "reinvestment_rate": -52.85,
            "research_to_sale_ratio": null,
            "price_fair": 57.53,
            "eps_avg_yearly": 1.64,
            "eps_latest_yearly": 3.76,
            "eps_growth_yearly": 139.57
        },
        "20044": {
            "year_quarter": 20044,
            "year": 2004,
            "quarter": 4,
            "eps": 1.67,
            "eps_growth_year": 363.89,
            "eps_4q": 3.54,
            "eps_4q_growth_year": 132.76,
            "roe": 9.82,
            "roe_4q": 22.13,
            "gross_profit": 204894,
            "gross_margin": 41.83,
            "gross_margin_4q_avg": 38.7,
            "net_income": 281522,
            "revenue": 489804,
            "common_shares": 1699734,
            "book_valuer_per_share": 18.86,
            "book_valuer_per_share_4q_avg": 16.4,
            "equity": 3205778,
            "current_ratio": 157.08,
            "debt_ratio": 40.9,
            "inventory_turnover_ratio": null,
            "account_receivable_turnover_ratio": null,
            "reinvestment_rate": 3.84,
            "research_to_sale_ratio": null,
            "price_fair": 72.22,
            "eps_avg_yearly": 2.06,
            "eps_latest_yearly": 6.68,
            "eps_growth_yearly": 153.83
        },
        "20051": {
            "year_quarter": 20051,
            "year": 2005,
            "quarter": 1,
            "eps": 0.92,
            "eps_growth_year": 441.18,
            "eps_4q": 4.26,
            "eps_4q_growth_year": 226.06,
            "roe": 4.6,
            "roe_4q": 25.68,
            "gross_profit": 183533,
            "gross_margin": 37.55,
            "gross_margin_4q_avg": 39.29,
            "net_income": 156460,
            "revenue": 488743,
            "common_shares": 1699734,
            "book_valuer_per_share": 21.17,
            "book_valuer_per_share_4q_avg": 17.75,
            "equity": 3597667,
            "current_ratio": 215.6,
            "debt_ratio": 29.85,
            "inventory_turnover_ratio": null,
            "account_receivable_turnover_ratio": null,
            "reinvestment_rate": -18.35,
            "research_to_sale_ratio": null,
            "price_fair": 76.57,
            "eps_avg_yearly": 2.19,
            "eps_latest_yearly": 3.68,
            "eps_growth_yearly": 128.18
        },
        "20052": {
            "year_quarter": 20052,
            "year": 2005,
            "quarter": 2,
            "eps": 0.91,
            "eps_growth_year": 24.66,
            "eps_4q": 4.44,
            "eps_4q_growth_year": 162.77,
            "roe": 4.54,
            "roe_4q": 25.39,
            "gross_profit": 183862,
            "gross_margin": 39.48,
            "gross_margin_4q_avg": 39.53,
            "net_income": 153810,
            "revenue": 465653,
            "common_shares": 1699734,
            "book_valuer_per_share": 18.74,
            "book_valuer_per_share_4q_avg": 18.64,
            "equity": 3184473,
            "current_ratio": 160.3,
            "debt_ratio": 33.56,
            "inventory_turnover_ratio": null,
            "account_receivable_turnover_ratio": null,
            "reinvestment_rate": -18.88,
            "research_to_sale_ratio": null,
            "price_fair": 80.2,
            "eps_avg_yearly": 2.29,
            "eps_latest_yearly": 3.64,
            "eps_growth_yearly": 118.71
        },
        "20053": {
            "year_quarter": 20053,
            "year": 2005,
            "quarter": 3,
            "eps": 0.64,
            "eps_growth_year": -31.91,
            "eps_4q": 4.18,
            "eps_4q_growth_year": 80.52,
            "roe": 3.5,
            "roe_4q": 22.46,
            "gross_profit": 180120,
            "gross_margin": 38.42,
            "gross_margin_4q_avg": 39.32,
            "net_income": 107050,
            "revenue": 468796,
            "common_shares": 1359787,
            "book_valuer_per_share": 21.62,
            "book_valuer_per_share_4q_avg": 20.1,
            "equity": 2940071,
            "current_ratio": 135.74,
            "debt_ratio": 34.25,
            "inventory_turnover_ratio": null,
            "account_receivable_turnover_ratio": null,
            "reinvestment_rate": -19.99,
            "research_to_sale_ratio": null,
            "price_fair": 80.83,
            "eps_avg_yearly": 2.31,
            "eps_latest_yearly": 2.56,
            "eps_growth_yearly": 102.88
        },
        "20054": {
            "year_quarter": 20054,
            "year": 2005,
            "quarter": 4,
            "eps": 0.49,
            "eps_growth_year": -70.66,
            "eps_4q": 3.1,
            "eps_4q_growth_year": -12.48,
            "roe": 2.69,
            "roe_4q": 15.33,
            "gross_profit": 191603,
            "gross_margin": 39.3,
            "gross_margin_4q_avg": 38.69,
            "net_income": 78372,
            "revenue": 487552,
            "common_shares": 1359787,
            "book_valuer_per_share": 21.28,
            "book_valuer_per_share_4q_avg": 20.7,
            "equity": 2893553,
            "current_ratio": 238.33,
            "debt_ratio": 28.37,
            "inventory_turnover_ratio": null,
            "account_receivable_turnover_ratio": null,
            "reinvestment_rate": -24.1,
            "research_to_sale_ratio": null,
            "price_fair": 80.06,
            "eps_avg_yearly": 2.29,
            "eps_latest_yearly": 1.96,
            "eps_growth_yearly": 90.6
        },
        "20061": {
            "year_quarter": 20061,
            "year": 2006,
            "quarter": 1,
            "eps": 0.15,
            "eps_growth_year": -83.7,
            "eps_4q": 2.58,
            "eps_4q_growth_year": -39.5,
            "roe": 0.72,
            "roe_4q": 11.45,
            "gross_profit": 132007,
            "gross_margin": 30.32,
            "gross_margin_4q_avg": 36.88,
            "net_income": 20977,
            "revenue": 435439,
            "common_shares": 1359787,
            "book_valuer_per_share": 21.48,
            "book_valuer_per_share_4q_avg": 20.78,
            "equity": 2920996,
            "current_ratio": 259.33,
            "debt_ratio": 28.16,
            "inventory_turnover_ratio": null,
            "account_receivable_turnover_ratio": null,
            "reinvestment_rate": -24.06,
            "research_to_sale_ratio": null,
            "price_fair": 79.8,
            "eps_avg_yearly": 2.28,
            "eps_latest_yearly": 0.6,
            "eps_growth_yearly": 84.61
        },
        "20062": {
            "year_quarter": 20062,
            "year": 2006,
            "quarter": 2,
            "eps": 0.63,
            "eps_growth_year": -30.77,
            "eps_4q": 2.14,
            "eps_4q_growth_year": -51.93,
            "roe": 3.11,
            "roe_4q": 10.02,
            "gross_profit": 152590,
            "gross_margin": 35.57,
            "gross_margin_4q_avg": 35.9,
            "net_income": 86307,
            "revenue": 429018,
            "common_shares": 1359787,
            "book_valuer_per_share": 19.3,
            "book_valuer_per_share_4q_avg": 20.92,
            "equity": 2623852,
            "current_ratio": 118.27,
            "debt_ratio": 38.78,
            "inventory_turnover_ratio": null,
            "account_receivable_turnover_ratio": null,
            "reinvestment_rate": -26.1,
            "research_to_sale_ratio": null,
            "price_fair": 82.95,
            "eps_avg_yearly": 2.37,
            "eps_latest_yearly": 2.52,
            "eps_growth_yearly": 152.11
        },
        "20063": {
            "year_quarter": 20063,
            "year": 2006,
            "quarter": 3,
            "eps": 0.31,
            "eps_growth_year": -51.56,
            "eps_4q": 1.72,
            "eps_4q_growth_year": -58.93,
            "roe": 1.63,
            "roe_4q": 8.15,
            "gross_profit": 148423,
            "gross_margin": 34.28,
            "gross_margin_4q_avg": 34.87,
            "net_income": 40932,
            "revenue": 433020,
            "common_shares": 1087830,
            "book_valuer_per_share": 22.03,
            "book_valuer_per_share_4q_avg": 21.02,
            "equity": 2396430,
            "current_ratio": 84.86,
            "debt_ratio": 38.68,
            "inventory_turnover_ratio": null,
            "account_receivable_turnover_ratio": null,
            "reinvestment_rate": -24.33,
            "research_to_sale_ratio": null,
            "price_fair": 83.21,
            "eps_avg_yearly": 2.38,
            "eps_latest_yearly": 1.24,
            "eps_growth_yearly": 138.49
        },
        "20064": {
            "year_quarter": 20064,
            "year": 2006,
            "quarter": 4,
            "eps": 0.6,
            "eps_growth_year": 22.45,
            "eps_4q": 1.78,
            "eps_4q_growth_year": -42.61,
            "roe": 3.11,
            "roe_4q": 8.57,
            "gross_profit": 155331,
            "gross_margin": 35.85,
            "gross_margin_4q_avg": 34.01,
            "net_income": 75462,
            "revenue": 433301,
            "common_shares": 1087830,
            "book_valuer_per_share": 22.61,
            "book_valuer_per_share_4q_avg": 21.36,
            "equity": 2459220,
            "current_ratio": 101.12,
            "debt_ratio": 35.96,
            "inventory_turnover_ratio": null,
            "account_receivable_turnover_ratio": null,
            "reinvestment_rate": -20.12,
            "research_to_sale_ratio": null,
            "price_fair": 83.83,
            "eps_avg_yearly": 2.4,
            "eps_latest_yearly": 2.4,
            "eps_growth_yearly": 139.55
        },
        "20071": {
            "year_quarter": 20071,
            "year": 2007,
            "quarter": 1,
            "eps": 0.16,
            "eps_growth_year": 6.67,
            "eps_4q": 2.05,
            "eps_4q_growth_year": -20.37,
            "roe": 0.69,
            "roe_4q": 8.54,
            "gross_profit": 119601,
            "gross_margin": 29.21,
            "gross_margin_4q_avg": 33.73,
            "net_income": 17150,
            "revenue": 409503,
            "common_shares": 1087830,
            "book_valuer_per_share": 22.78,
            "book_valuer_per_share_4q_avg": 21.68,
            "equity": 2478580,
            "current_ratio": 142.87,
            "debt_ratio": 34.57,
            "inventory_turnover_ratio": null,
            "account_receivable_turnover_ratio": null,
            "reinvestment_rate": -19.69,
            "research_to_sale_ratio": null,
            "price_fair": 80.76,
            "eps_avg_yearly": 2.31,
            "eps_latest_yearly": 0.64,
            "eps_growth_yearly": 122.16
        },
        "20072": {
            "year_quarter": 20072,
            "year": 2007,
            "quarter": 2,
            "eps": 1.28,
            "eps_growth_year": 103.17,
            "eps_4q": 2.51,
            "eps_4q_growth_year": 17.37,
            "roe": 5.84,
            "roe_4q": 11.27,
            "gross_profit": 135160,
            "gross_margin": 33.62,
            "gross_margin_4q_avg": 33.24,
            "net_income": 139234,
            "revenue": 402039,
            "common_shares": 1087830,
            "book_valuer_per_share": 21.08,
            "book_valuer_per_share_4q_avg": 22.13,
            "equity": 2293165,
            "current_ratio": 105.19,
            "debt_ratio": 39.02,
            "inventory_turnover_ratio": null,
            "account_receivable_turnover_ratio": null,
            "reinvestment_rate": -20.33,
            "research_to_sale_ratio": null,
            "price_fair": 89.51,
            "eps_avg_yearly": 2.56,
            "eps_latest_yearly": 5.12,
            "eps_growth_yearly": 308.44
        },
        "20073": {
            "year_quarter": 20073,
            "year": 2007,
            "quarter": 3,
            "eps": 1.14,
            "eps_growth_year": 267.74,
            "eps_4q": 3.27,
            "eps_4q_growth_year": 90.38,
            "roe": 5.31,
            "roe_4q": 14.949999999999998,
            "gross_profit": 141861,
            "gross_margin": 34.13,
            "gross_margin_4q_avg": 33.2,
            "net_income": 124258,
            "revenue": 415649,
            "common_shares": 1087830,
            "book_valuer_per_share": 21.94,
            "book_valuer_per_share_4q_avg": 22.1,
            "equity": 2386438,
            "current_ratio": 161.24,
            "debt_ratio": 32.52,
            "inventory_turnover_ratio": null,
            "account_receivable_turnover_ratio": null,
            "reinvestment_rate": -25.89,
            "research_to_sale_ratio": null,
            "price_fair": 97.13,
            "eps_avg_yearly": 2.78,
            "eps_latest_yearly": 4.56,
            "eps_growth_yearly": 306.6
        },
        "20074": {
            "year_quarter": 20074,
            "year": 2007,
            "quarter": 4,
            "eps": 3.02,
            "eps_growth_year": 403.33,
            "eps_4q": 5.6,
            "eps_4q_growth_year": 214.72,
            "roe": 12.99,
            "roe_4q": 24.830000000000002,
            "gross_profit": 174481,
            "gross_margin": 37.39,
            "gross_margin_4q_avg": 33.59,
            "net_income": 328853,
            "revenue": 466638,
            "common_shares": 1087830,
            "book_valuer_per_share": 24.61,
            "book_valuer_per_share_4q_avg": 22.6,
            "equity": 2677646,
            "current_ratio": 396.72,
            "debt_ratio": 27.59,
            "inventory_turnover_ratio": null,
            "account_receivable_turnover_ratio": null,
            "reinvestment_rate": -30.9,
            "research_to_sale_ratio": null,
            "price_fair": 120.4,
            "eps_avg_yearly": 3.44,
            "eps_latest_yearly": 12.08,
            "eps_growth_yearly": 339.49
        },
        "20081": {
            "year_quarter": 20081,
            "year": 2008,
            "quarter": 1,
            "eps": 0.3,
            "eps_growth_year": 87.5,
            "eps_4q": 5.78,
            "eps_4q_growth_year": 181.69,
            "roe": 1.2,
            "roe_4q": 25.34,
            "gross_profit": 139279,
            "gross_margin": 31.48,
            "gross_margin_4q_avg": 34.16,
            "net_income": 32441,
            "revenue": 442503,
            "common_shares": 1087830,
            "book_valuer_per_share": 24.91,
            "book_valuer_per_share_4q_avg": 23.14,
            "equity": 2710102,
            "current_ratio": 432.93,
            "debt_ratio": 27.16,
            "inventory_turnover_ratio": null,
            "account_receivable_turnover_ratio": null,
            "reinvestment_rate": -30.52,
            "research_to_sale_ratio": null,
            "price_fair": 121.54,
            "eps_avg_yearly": 3.47,
            "eps_latest_yearly": 1.2,
            "eps_growth_yearly": 330.17
        },
        "20082": {
            "year_quarter": 20082,
            "year": 2008,
            "quarter": 2,
            "eps": 0.43,
            "eps_growth_year": -66.41,
            "eps_4q": 4.94,
            "eps_4q_growth_year": 97.05,
            "roe": 1.88,
            "roe_4q": 21.38,
            "gross_profit": 150092,
            "gross_margin": 34.91,
            "gross_margin_4q_avg": 34.48,
            "net_income": 46279,
            "revenue": 429939,
            "common_shares": 1087830,
            "book_valuer_per_share": 20.34,
            "book_valuer_per_share_4q_avg": 22.95,
            "equity": 2212360,
            "current_ratio": 115.57,
            "debt_ratio": 41.16,
            "inventory_turnover_ratio": null,
            "account_receivable_turnover_ratio": null,
            "reinvestment_rate": -19.88,
            "research_to_sale_ratio": null,
            "price_fair": 118.91,
            "eps_avg_yearly": 3.4,
            "eps_latest_yearly": 1.72,
            "eps_growth_yearly": 258.65
        },
        "20083": {
            "year_quarter": 20083,
            "year": 2008,
            "quarter": 3,
            "eps": 0.37,
            "eps_growth_year": -67.54,
            "eps_4q": 4.15,
            "eps_4q_growth_year": 27.07,
            "roe": 1.79,
            "roe_4q": 17.86,
            "gross_profit": 140906,
            "gross_margin": 33.87,
            "gross_margin_4q_avg": 34.41,
            "net_income": 39880,
            "revenue": 416069,
            "common_shares": 1087830,
            "book_valuer_per_share": 20.7,
            "book_valuer_per_share_4q_avg": 22.64,
            "equity": 2252243,
            "current_ratio": 145.8,
            "debt_ratio": 33.45,
            "inventory_turnover_ratio": null,
            "account_receivable_turnover_ratio": null,
            "reinvestment_rate": -11.74,
            "research_to_sale_ratio": null,
            "price_fair": 113.93,
            "eps_avg_yearly": 3.26,
            "eps_latest_yearly": 1.48,
            "eps_growth_yearly": 247.97
        },
        "20084": {
            "year_quarter": 20084,
            "year": 2008,
            "quarter": 4,
            "eps": 0.59,
            "eps_growth_year": -80.46,
            "eps_4q": 1.69,
            "eps_4q_growth_year": -69.87,
            "roe": 2.84,
            "roe_4q": 7.71,
            "gross_profit": 172375,
            "gross_margin": 40.51,
            "gross_margin_4q_avg": 35.19,
            "net_income": 63833,
            "revenue": 425507,
            "common_shares": 1087830,
            "book_valuer_per_share": 20.65,
            "book_valuer_per_share_4q_avg": 21.65,
            "equity": 2246899,
            "current_ratio": 191.17,
            "debt_ratio": 33.31,
            "inventory_turnover_ratio": null,
            "account_receivable_turnover_ratio": 2.55,
            "reinvestment_rate": -61.92,
            "research_to_sale_ratio": null,
            "price_fair": 104.48,
            "eps_avg_yearly": 2.99,
            "eps_latest_yearly": 2.36,
            "eps_growth_yearly": 243.42
        },
        "20091": {
            "year_quarter": 20091,
            "year": 2009,
            "quarter": 1,
            "eps": 0.04,
            "eps_growth_year": -86.67,
            "eps_4q": 1.49,
            "eps_4q_growth_year": -74.14,
            "roe": 0.18,
            "roe_4q": 6.69,
            "gross_profit": 98650,
            "gross_margin": 27.4,
            "gross_margin_4q_avg": 34.17,
            "net_income": 4126,
            "revenue": 360090,
            "common_shares": 1087830,
            "book_valuer_per_share": 20.69,
            "book_valuer_per_share_4q_avg": 20.6,
            "equity": 2251040,
            "current_ratio": 241.45,
            "debt_ratio": 32.15,
            "inventory_turnover_ratio": null,
            "account_receivable_turnover_ratio": 1.16,
            "reinvestment_rate": -43.87,
            "research_to_sale_ratio": null,
            "price_fair": 96.78,
            "eps_avg_yearly": 2.77,
            "eps_latest_yearly": 0.16,
            "eps_growth_yearly": 231.34
        },
        "20092": {
            "year_quarter": 20092,
            "year": 2009,
            "quarter": 2,
            "eps": 0.35,
            "eps_growth_year": -18.6,
            "eps_4q": 1.35,
            "eps_4q_growth_year": -72.59,
            "roe": 1.72,
            "roe_4q": 6.53,
            "gross_profit": 126469,
            "gross_margin": 35.01,
            "gross_margin_4q_avg": 34.2,
            "net_income": 37580,
            "revenue": 361200,
            "common_shares": 1087830,
            "book_valuer_per_share": 19.49,
            "book_valuer_per_share_4q_avg": 20.38,
            "equity": 2119949,
            "current_ratio": 136.79,
            "debt_ratio": 36.58,
            "inventory_turnover_ratio": null,
            "account_receivable_turnover_ratio": 1.26,
            "reinvestment_rate": -45.01,
            "research_to_sale_ratio": null,
            "price_fair": 91.88,
            "eps_avg_yearly": 2.63,
            "eps_latest_yearly": 1.4,
            "eps_growth_yearly": 425.36
        },
        "20093": {
            "year_quarter": 20093,
            "year": 2009,
            "quarter": 3,
            "eps": 0.44,
            "eps_growth_year": 18.92,
            "eps_4q": 1.42,
            "eps_4q_growth_year": -65.82,
            "roe": 2.21,
            "roe_4q": 6.949999999999999,
            "gross_profit": 144343,
            "gross_margin": 37.24,
            "gross_margin_4q_avg": 35.04,
            "net_income": 47446,
            "revenue": 387632,
            "common_shares": 1087830,
            "book_valuer_per_share": 19.92,
            "book_valuer_per_share_4q_avg": 20.19,
            "equity": 2167293,
            "current_ratio": 180.18,
            "debt_ratio": 34.51,
            "inventory_turnover_ratio": null,
            "account_receivable_turnover_ratio": 1.32,
            "reinvestment_rate": -42.7,
            "research_to_sale_ratio": null,
            "price_fair": 90.13,
            "eps_avg_yearly": 2.58,
            "eps_latest_yearly": 1.76,
            "eps_growth_yearly": 439.21
        },
        "20094": {
            "year_quarter": 20094,
            "year": 2009,
            "quarter": 4,
            "eps": 0.49,
            "eps_growth_year": -16.95,
            "eps_4q": 1.31,
            "eps_4q_growth_year": -22.19,
            "roe": 2.45,
            "roe_4q": 6.56,
            "gross_profit": 154485,
            "gross_margin": 37.51,
            "gross_margin_4q_avg": 34.29,
            "net_income": 53578,
            "revenue": 411814,
            "common_shares": 1087830,
            "book_valuer_per_share": 20.24,
            "book_valuer_per_share_4q_avg": 20.09,
            "equity": 2201704,
            "current_ratio": 237.76,
            "debt_ratio": 33.61,
            "inventory_turnover_ratio": null,
            "account_receivable_turnover_ratio": 2.57,
            "reinvestment_rate": -30.93,
            "research_to_sale_ratio": null,
            "price_fair": 90.13,
            "eps_avg_yearly": 2.58,
            "eps_latest_yearly": 1.96,
            "eps_growth_yearly": 447.91
        },
        "20101": {
            "year_quarter": 20101,
            "year": 2010,
            "quarter": 1,
            "eps": 0.22,
            "eps_growth_year": 450,
            "eps_4q": 1.49,
            "eps_4q_growth_year": -0.21,
            "roe": 1.07,
            "roe_4q": 7.45,
            "gross_profit": 117908,
            "gross_margin": 29.91,
            "gross_margin_4q_avg": 34.92,
            "net_income": 23591,
            "revenue": 394181,
            "common_shares": 1087830,
            "book_valuer_per_share": 20.46,
            "book_valuer_per_share_4q_avg": 20.03,
            "equity": 2225295,
            "current_ratio": 265.64,
            "debt_ratio": 33.48,
            "inventory_turnover_ratio": null,
            "account_receivable_turnover_ratio": 1.26,
            "reinvestment_rate": -31.91,
            "research_to_sale_ratio": null,
            "price_fair": 90.74,
            "eps_avg_yearly": 2.59,
            "eps_latest_yearly": 0.88,
            "eps_growth_yearly": 451.48
        },
        "20102": {
            "year_quarter": 20102,
            "year": 2010,
            "quarter": 2,
            "eps": 0.9,
            "eps_growth_year": 157.36,
            "eps_4q": 2.05,
            "eps_4q_growth_year": 51.09,
            "roe": 4.45,
            "roe_4q": 10.18,
            "gross_profit": 138871,
            "gross_margin": 35.57,
            "gross_margin_4q_avg": 35.06,
            "net_income": 97987,
            "revenue": 390375,
            "common_shares": 1087830,
            "book_valuer_per_share": 20.02,
            "book_valuer_per_share_4q_avg": 20.16,
            "equity": 2178113,
            "current_ratio": 199.79,
            "debt_ratio": 35.9,
            "inventory_turnover_ratio": null,
            "account_receivable_turnover_ratio": 1.29,
            "reinvestment_rate": -27.85,
            "research_to_sale_ratio": null,
            "price_fair": 93.1,
            "eps_avg_yearly": 2.66,
            "eps_latest_yearly": 3.6,
            "eps_growth_yearly": 448.75
        },
        "20103": {
            "year_quarter": 20103,
            "year": 2010,
            "quarter": 3,
            "eps": 0.53,
            "eps_growth_year": 20.67,
            "eps_4q": 2.14,
            "eps_4q_growth_year": 50.92,
            "roe": 2.62,
            "roe_4q": 10.59,
            "gross_profit": 152626,
            "gross_margin": 37.25,
            "gross_margin_4q_avg": 35.06,
            "net_income": 57760,
            "revenue": 409734,
            "common_shares": 1087830,
            "book_valuer_per_share": 20.55,
            "book_valuer_per_share_4q_avg": 20.32,
            "equity": 2235875,
            "current_ratio": 333.26,
            "debt_ratio": 33.03,
            "inventory_turnover_ratio": null,
            "account_receivable_turnover_ratio": 1.33,
            "reinvestment_rate": -26.8,
            "research_to_sale_ratio": null,
            "price_fair": 95.03,
            "eps_avg_yearly": 2.72,
            "eps_latest_yearly": 2.12,
            "eps_growth_yearly": 451.17
        },
        "20104": {
            "year_quarter": 20104,
            "year": 2010,
            "quarter": 4,
            "eps": 0.53,
            "eps_growth_year": 8.66,
            "eps_4q": 2.18,
            "eps_4q_growth_year": 66.23,
            "roe": 2.44,
            "roe_4q": 10.580000000000002,
            "gross_profit": 160397,
            "gross_margin": 37.27,
            "gross_margin_4q_avg": 35,
            "net_income": 57918,
            "revenue": 430333,
            "common_shares": 1087830,
            "book_valuer_per_share": 23.07,
            "book_valuer_per_share_4q_avg": 21.03,
            "equity": 2509579,
            "current_ratio": 341.79,
            "debt_ratio": 33.05,
            "inventory_turnover_ratio": null,
            "account_receivable_turnover_ratio": 1.34,
            "reinvestment_rate": 0.97,
            "research_to_sale_ratio": null,
            "price_fair": 94.41,
            "eps_avg_yearly": 2.7,
            "eps_latest_yearly": 2.12,
            "eps_growth_yearly": 427.79
        },
        "20111": {
            "year_quarter": 20111,
            "year": 2011,
            "quarter": 1,
            "eps": 0.2,
            "eps_growth_year": -9.09,
            "eps_4q": 2.17,
            "eps_4q_growth_year": 45.48,
            "roe": 0.88,
            "roe_4q": 10.39,
            "gross_profit": 117806,
            "gross_margin": 29.41,
            "gross_margin_4q_avg": 34.88,
            "net_income": 22291,
            "revenue": 400532,
            "common_shares": 1087830,
            "book_valuer_per_share": 23.27,
            "book_valuer_per_share_4q_avg": 21.73,
            "equity": 2531797,
            "current_ratio": 358.93,
            "debt_ratio": 32.99,
            "inventory_turnover_ratio": null,
            "account_receivable_turnover_ratio": 1.27,
            "reinvestment_rate": 7.38,
            "research_to_sale_ratio": null,
            "price_fair": 94.76,
            "eps_avg_yearly": 2.71,
            "eps_latest_yearly": 0.8,
            "eps_growth_yearly": 430.55
        },
        "20112": {
            "year_quarter": 20112,
            "year": 2011,
            "quarter": 2,
            "eps": 0.38,
            "eps_growth_year": -57.95,
            "eps_4q": 1.65,
            "eps_4q_growth_year": -19.51,
            "roe": 1.65,
            "roe_4q": 7.59,
            "gross_profit": 132045,
            "gross_margin": 34.37,
            "gross_margin_4q_avg": 34.58,
            "net_income": 41199,
            "revenue": 384204,
            "common_shares": 1087830,
            "book_valuer_per_share": 22.55,
            "book_valuer_per_share_4q_avg": 22.36,
            "equity": 2452663,
            "current_ratio": 181.01,
            "debt_ratio": 38.14,
            "inventory_turnover_ratio": null,
            "account_receivable_turnover_ratio": 1.3,
            "reinvestment_rate": 25.8,
            "research_to_sale_ratio": null,
            "price_fair": 86.89,
            "eps_avg_yearly": 2.48,
            "eps_latest_yearly": 1.52,
            "eps_growth_yearly": 278.05
        },
        "20113": {
            "year_quarter": 20113,
            "year": 2011,
            "quarter": 3,
            "eps": 0.43,
            "eps_growth_year": -18.46,
            "eps_4q": 1.55,
            "eps_4q_growth_year": -27.65,
            "roe": 1.9,
            "roe_4q": 6.869999999999999,
            "gross_profit": 139655,
            "gross_margin": 35.26,
            "gross_margin_4q_avg": 34.08,
            "net_income": 47097,
            "revenue": 396064,
            "common_shares": 1087830,
            "book_valuer_per_share": 23.05,
            "book_valuer_per_share_4q_avg": 22.99,
            "equity": 2507840,
            "current_ratio": 337.85,
            "debt_ratio": 34.22,
            "inventory_turnover_ratio": null,
            "account_receivable_turnover_ratio": 1.34,
            "reinvestment_rate": 33.36,
            "research_to_sale_ratio": null,
            "price_fair": 80.68,
            "eps_avg_yearly": 2.31,
            "eps_latest_yearly": 1.72,
            "eps_growth_yearly": 284.08
        },
        "20114": {
            "year_quarter": 20114,
            "year": 2011,
            "quarter": 4,
            "eps": 0.53,
            "eps_growth_year": -0.23,
            "eps_4q": 1.55,
            "eps_4q_growth_year": -29.03,
            "roe": 2.28,
            "roe_4q": 6.71,
            "gross_profit": 145848,
            "gross_margin": 35.95,
            "gross_margin_4q_avg": 33.75,
            "net_income": 57783,
            "revenue": 405740,
            "common_shares": 1087830,
            "book_valuer_per_share": 23.51,
            "book_valuer_per_share_4q_avg": 23.1,
            "equity": 2557620,
            "current_ratio": 351.36,
            "debt_ratio": 34.28,
            "inventory_turnover_ratio": null,
            "account_receivable_turnover_ratio": 1.26,
            "reinvestment_rate": 64.06,
            "research_to_sale_ratio": null,
            "price_fair": 58.89,
            "eps_avg_yearly": 1.68,
            "eps_latest_yearly": 2.12,
            "eps_growth_yearly": 248.66
        },
        "20121": {
            "year_quarter": 20121,
            "year": 2012,
            "quarter": 1,
            "eps": -0.02,
            "eps_growth_year": -110,
            "eps_4q": 1.33,
            "eps_4q_growth_year": -38.86,
            "roe": -0.07,
            "roe_4q": 5.76,
            "gross_profit": 85689,
            "gross_margin": 23.82,
            "gross_margin_4q_avg": 32.35,
            "net_income": -1815,
            "revenue": 359734,
            "common_shares": 1087830,
            "book_valuer_per_share": 25.05,
            "book_valuer_per_share_4q_avg": 23.54,
            "equity": 2725454,
            "current_ratio": 382.63,
            "debt_ratio": 33.89,
            "inventory_turnover_ratio": null,
            "account_receivable_turnover_ratio": 1.09,
            "reinvestment_rate": 102.06,
            "research_to_sale_ratio": null,
            "price_fair": 60.01,
            "eps_avg_yearly": 1.71,
            "eps_latest_yearly": 2.12,
            "eps_growth_yearly": 289.26
        },
        "20122": {
            "year_quarter": 20122,
            "year": 2012,
            "quarter": 2,
            "eps": 0.26,
            "eps_growth_year": -30.53,
            "eps_4q": 1.21,
            "eps_4q_growth_year": -26.5,
            "roe": 1.07,
            "roe_4q": 5.18,
            "gross_profit": 106956,
            "gross_margin": 29.75,
            "gross_margin_4q_avg": 31.2,
            "net_income": 28622,
            "revenue": 359554,
            "common_shares": 1087830,
            "book_valuer_per_share": 23.92,
            "book_valuer_per_share_4q_avg": 23.88,
            "equity": 2602326,
            "current_ratio": 210.05,
            "debt_ratio": 37.04,
            "inventory_turnover_ratio": null,
            "account_receivable_turnover_ratio": 1.15,
            "reinvestment_rate": 103.12,
            "research_to_sale_ratio": null,
            "price_fair": 60,
            "eps_avg_yearly": 1.71,
            "eps_latest_yearly": 2.12,
            "eps_growth_yearly": 297.54
        },
        "20123": {
            "year_quarter": 20123,
            "year": 2012,
            "quarter": 3,
            "eps": 0.25,
            "eps_growth_year": -42.07,
            "eps_4q": 1.03,
            "eps_4q_growth_year": -33.61,
            "roe": 1.04,
            "roe_4q": 4.32,
            "gross_profit": 106296,
            "gross_margin": 29.6,
            "gross_margin_4q_avg": 29.78,
            "net_income": 27285,
            "revenue": 359132,
            "common_shares": 1087830,
            "book_valuer_per_share": 24.17,
            "book_valuer_per_share_4q_avg": 24.16,
            "equity": 2629609,
            "current_ratio": 323.9,
            "debt_ratio": 34.78,
            "inventory_turnover_ratio": null,
            "account_receivable_turnover_ratio": 1.17,
            "reinvestment_rate": 101.4,
            "research_to_sale_ratio": null,
            "price_fair": 58.8,
            "eps_avg_yearly": 1.68,
            "eps_latest_yearly": 1,
            "eps_growth_yearly": 300.43
        },
        "20124": {
            "year_quarter": 20124,
            "year": 2012,
            "quarter": 4,
            "eps": 0.32,
            "eps_growth_year": -39.79,
            "eps_4q": 0.82,
            "eps_4q_growth_year": -47.21,
            "roe": 1.31,
            "roe_4q": 3.35,
            "gross_profit": 116184,
            "gross_margin": 30.84,
            "gross_margin_4q_avg": 28.5,
            "net_income": 34792,
            "revenue": 376702,
            "common_shares": 1087830,
            "book_valuer_per_share": 24.6,
            "book_valuer_per_share_4q_avg": 24.44,
            "equity": 2676176,
            "current_ratio": 349.43,
            "debt_ratio": 34.26,
            "inventory_turnover_ratio": null,
            "account_receivable_turnover_ratio": 1.21,
            "reinvestment_rate": 104.17,
            "research_to_sale_ratio": null,
            "price_fair": 56.1,
            "eps_avg_yearly": 1.6,
            "eps_latest_yearly": 1.28,
            "eps_growth_yearly": 291.44
        },
        "20131": {
            "year_quarter": 20131,
            "year": 2013,
            "quarter": 1,
            "eps": 0.17,
            "eps_growth_year": null,
            "eps_4q": 1.01,
            "eps_4q_growth_year": -24.02,
            "roe": 0.76,
            "roe_4q": 4.180000000000001,
            "gross_profit": 101892,
            "gross_margin": 26.64,
            "gross_margin_4q_avg": 29.21,
            "net_income": 18913,
            "revenue": 382472,
            "common_shares": 1087830,
            "book_valuer_per_share": 21.41,
            "book_valuer_per_share_4q_avg": 23.53,
            "equity": 2329125,
            "current_ratio": 296.87,
            "debt_ratio": 42.76,
            "inventory_turnover_ratio": 214.1,
            "account_receivable_turnover_ratio": 1.24,
            "reinvestment_rate": 101.97,
            "research_to_sale_ratio": null,
            "price_fair": 57.4,
            "eps_avg_yearly": 1.64,
            "eps_latest_yearly": 0.68,
            "eps_growth_yearly": 304.68
        },
        "20132": {
            "year_quarter": 20132,
            "year": 2013,
            "quarter": 2,
            "eps": 0.28,
            "eps_growth_year": 6.42,
            "eps_4q": 1.02,
            "eps_4q_growth_year": -15.76,
            "roe": 1.32,
            "roe_4q": 4.43,
            "gross_profit": 113072,
            "gross_margin": 29,
            "gross_margin_4q_avg": 29.02,
            "net_income": 29942,
            "revenue": 389872,
            "common_shares": 1087830,
            "book_valuer_per_share": 20.19,
            "book_valuer_per_share_4q_avg": 22.59,
            "equity": 2195893,
            "current_ratio": 158.38,
            "debt_ratio": 46.92,
            "inventory_turnover_ratio": 102.8,
            "account_receivable_turnover_ratio": 1.29,
            "reinvestment_rate": 103.41,
            "research_to_sale_ratio": null,
            "price_fair": 56.7,
            "eps_avg_yearly": 1.62,
            "eps_latest_yearly": 1.12,
            "eps_growth_yearly": 101.74
        },
        "20133": {
            "year_quarter": 20133,
            "year": 2013,
            "quarter": 3,
            "eps": 0.35,
            "eps_growth_year": 39.54,
            "eps_4q": 1.11,
            "eps_4q_growth_year": 8.33,
            "roe": 1.7,
            "roe_4q": 5.09,
            "gross_profit": 125381,
            "gross_margin": 30.7,
            "gross_margin_4q_avg": 29.3,
            "net_income": 37550,
            "revenue": 408375,
            "common_shares": 1087830,
            "book_valuer_per_share": 20.53,
            "book_valuer_per_share_4q_avg": 21.68,
            "equity": 2233443,
            "current_ratio": 202.01,
            "debt_ratio": 44.29,
            "inventory_turnover_ratio": 125.75,
            "account_receivable_turnover_ratio": 1.39,
            "reinvestment_rate": 105.03,
            "research_to_sale_ratio": null,
            "price_fair": 55.8,
            "eps_avg_yearly": 1.59,
            "eps_latest_yearly": 1.4,
            "eps_growth_yearly": 101.54
        },
        "20134": {
            "year_quarter": 20134,
            "year": 2013,
            "quarter": 4,
            "eps": 0.46,
            "eps_growth_year": 43.08,
            "eps_4q": 1.25,
            "eps_4q_growth_year": 53.22,
            "roe": 2.19,
            "roe_4q": 5.97,
            "gross_profit": 134615,
            "gross_margin": 31.54,
            "gross_margin_4q_avg": 29.47,
            "net_income": 49780,
            "revenue": 426856,
            "common_shares": 1087830,
            "book_valuer_per_share": 21.26,
            "book_valuer_per_share_4q_avg": 20.85,
            "equity": 2312515,
            "current_ratio": 217.75,
            "debt_ratio": 42.7,
            "inventory_turnover_ratio": 107.46,
            "account_receivable_turnover_ratio": 1.48,
            "reinvestment_rate": 96.04,
            "research_to_sale_ratio": null,
            "price_fair": 55.5,
            "eps_avg_yearly": 1.59,
            "eps_latest_yearly": 1.84,
            "eps_growth_yearly": 107.27
        },
        "20141": {
            "year_quarter": 20141,
            "year": 2014,
            "quarter": 1,
            "eps": 0.2,
            "eps_growth_year": 17.65,
            "eps_4q": 1.28,
            "eps_4q_growth_year": 26.76,
            "roe": 0.93,
            "roe_4q": 6.140000000000001,
            "gross_profit": 98048,
            "gross_margin": 26.24,
            "gross_margin_4q_avg": 29.37,
            "net_income": 21677,
            "revenue": 373638,
            "common_shares": 1087830,
            "book_valuer_per_share": 21.46,
            "book_valuer_per_share_4q_avg": 20.86,
            "equity": 2334192,
            "current_ratio": 243.23,
            "debt_ratio": 41.91,
            "inventory_turnover_ratio": 78.76,
            "account_receivable_turnover_ratio": 1.34,
            "reinvestment_rate": 96.6,
            "research_to_sale_ratio": null,
            "price_fair": 55.3,
            "eps_avg_yearly": 1.58,
            "eps_latest_yearly": 0.8,
            "eps_growth_yearly": 106.86
        },
        "20142": {
            "year_quarter": 20142,
            "year": 2014,
            "quarter": 2,
            "eps": 0.22,
            "eps_growth_year": -21.43,
            "eps_4q": 1.22,
            "eps_4q_growth_year": 20.09,
            "roe": 1.08,
            "roe_4q": 5.9,
            "gross_profit": 105202,
            "gross_margin": 27.7,
            "gross_margin_4q_avg": 29.05,
            "net_income": 24208,
            "revenue": 379829,
            "common_shares": 1087830,
            "book_valuer_per_share": 19.88,
            "book_valuer_per_share_4q_avg": 20.78,
            "equity": 2162591,
            "current_ratio": 133.97,
            "debt_ratio": 46.31,
            "inventory_turnover_ratio": 88.9,
            "account_receivable_turnover_ratio": 1.45,
            "reinvestment_rate": 115.81,
            "research_to_sale_ratio": null,
            "price_fair": 43.52,
            "eps_avg_yearly": 1.39,
            "eps_latest_yearly": 0.88,
            "eps_growth_yearly": 21.41
        },
        "20143": {
            "year_quarter": 20143,
            "year": 2014,
            "quarter": 3,
            "eps": 0.35,
            "eps_growth_year": 0,
            "eps_4q": 1.23,
            "eps_4q_growth_year": 10.7,
            "roe": 1.76,
            "roe_4q": 5.96,
            "gross_profit": 114846,
            "gross_margin": 29.34,
            "gross_margin_4q_avg": 28.71,
            "net_income": 38500,
            "revenue": 391495,
            "common_shares": 1087830,
            "book_valuer_per_share": 20.23,
            "book_valuer_per_share_4q_avg": 20.71,
            "equity": 2201091,
            "current_ratio": 170.66,
            "debt_ratio": 43.26,
            "inventory_turnover_ratio": 97.69,
            "account_receivable_turnover_ratio": 1.46,
            "reinvestment_rate": 120.06,
            "research_to_sale_ratio": null,
            "price_fair": 46.7,
            "eps_avg_yearly": 1.33,
            "eps_latest_yearly": 1.4,
            "eps_growth_yearly": 50.04
        },
        "20144": {
            "year_quarter": 20144,
            "year": 2014,
            "quarter": 4,
            "eps": 0.41,
            "eps_growth_year": -9.53,
            "eps_4q": 1.19,
            "eps_4q_growth_year": -4.97,
            "roe": 2.02,
            "roe_4q": 5.79,
            "gross_profit": 131725,
            "gross_margin": 32.91,
            "gross_margin_4q_avg": 29.05,
            "net_income": 45036,
            "revenue": 400279,
            "common_shares": 1087830,
            "book_valuer_per_share": 20.72,
            "book_valuer_per_share_4q_avg": 20.57,
            "equity": 2253889,
            "current_ratio": 188.8,
            "debt_ratio": 42.18,
            "inventory_turnover_ratio": 115.41,
            "account_receivable_turnover_ratio": 1.45,
            "reinvestment_rate": 60.78,
            "research_to_sale_ratio": null,
            "price_fair": 45.5,
            "eps_avg_yearly": 1.3,
            "eps_latest_yearly": 1.64,
            "eps_growth_yearly": 54.94
        },
        "20151": {
            "year_quarter": 20151,
            "year": 2015,
            "quarter": 1,
            "eps": 0.26,
            "eps_growth_year": 30,
            "eps_4q": 1.25,
            "eps_4q_growth_year": -2.28,
            "roe": 1.24,
            "roe_4q": 6.1,
            "gross_profit": 110501,
            "gross_margin": 31.22,
            "gross_margin_4q_avg": 30.29,
            "net_income": 28035,
            "revenue": 353900,
            "common_shares": 1087830,
            "book_valuer_per_share": 20.98,
            "book_valuer_per_share_4q_avg": 20.45,
            "equity": 2281924,
            "current_ratio": 202.7,
            "debt_ratio": 41.37,
            "inventory_turnover_ratio": 115,
            "account_receivable_turnover_ratio": 1.33,
            "reinvestment_rate": 61.94,
            "research_to_sale_ratio": null,
            "price_fair": 46.1,
            "eps_avg_yearly": 1.32,
            "eps_latest_yearly": 1.04,
            "eps_growth_yearly": 62.27
        },
        "20152": {
            "year_quarter": 20152,
            "year": 2015,
            "quarter": 2,
            "eps": 0.32,
            "eps_growth_year": 45.45,
            "eps_4q": 1.35,
            "eps_4q_growth_year": 9.9,
            "roe": 1.58,
            "roe_4q": 6.6,
            "gross_profit": 117531,
            "gross_margin": 32.44,
            "gross_margin_4q_avg": 31.48,
            "net_income": 34839,
            "revenue": 362316,
            "common_shares": 1087830,
            "book_valuer_per_share": 19.5,
            "book_valuer_per_share_4q_avg": 20.36,
            "equity": 2120954,
            "current_ratio": 110.22,
            "debt_ratio": 45.77,
            "inventory_turnover_ratio": 130.48,
            "account_receivable_turnover_ratio": 1.42,
            "reinvestment_rate": 34.04,
            "research_to_sale_ratio": null,
            "price_fair": 45.5,
            "eps_avg_yearly": 1.3,
            "eps_latest_yearly": 1.28,
            "eps_growth_yearly": 43.15
        },
        "20153": {
            "year_quarter": 20153,
            "year": 2015,
            "quarter": 3,
            "eps": 0.28,
            "eps_growth_year": -20,
            "eps_4q": 1.27,
            "eps_4q_growth_year": 3.28,
            "roe": 1.43,
            "roe_4q": 6.27,
            "gross_profit": 114884,
            "gross_margin": 32.15,
            "gross_margin_4q_avg": 32.18,
            "net_income": 30652,
            "revenue": 357332,
            "common_shares": 1087830,
            "book_valuer_per_share": 19.78,
            "book_valuer_per_share_4q_avg": 20.25,
            "equity": 2151609,
            "current_ratio": 158.85,
            "debt_ratio": 44.02,
            "inventory_turnover_ratio": 140.71,
            "account_receivable_turnover_ratio": 1.34,
            "reinvestment_rate": 10.99,
            "research_to_sale_ratio": null,
            "price_fair": 44,
            "eps_avg_yearly": 1.26,
            "eps_latest_yearly": 1.12,
            "eps_growth_yearly": 35.82
        },
        "20154": {
            "year_quarter": 20154,
            "year": 2015,
            "quarter": 4,
            "eps": 2.95,
            "eps_growth_year": 611.52,
            "eps_4q": 3.81,
            "eps_4q_growth_year": 219.86,
            "roe": 13.94,
            "roe_4q": 18.189999999999998,
            "gross_profit": 130999,
            "gross_margin": 35.35,
            "gross_margin_4q_avg": 32.79,
            "net_income": 320439,
            "revenue": 370620,
            "common_shares": 1087830,
            "book_valuer_per_share": 22.49,
            "book_valuer_per_share_4q_avg": 20.69,
            "equity": 2446473,
            "current_ratio": 305.54,
            "debt_ratio": 38.99,
            "inventory_turnover_ratio": 135.07,
            "account_receivable_turnover_ratio": 1.37,
            "reinvestment_rate": 7.19,
            "research_to_sale_ratio": null,
            "price_fair": 68.2,
            "eps_avg_yearly": 1.95,
            "eps_latest_yearly": 11.8,
            "eps_growth_yearly": 301.63
        },
        "20161": {
            "year_quarter": 20161,
            "year": 2016,
            "quarter": 1,
            "eps": 0.21,
            "eps_growth_year": -19.23,
            "eps_4q": 3.76,
            "eps_4q_growth_year": 201.09,
            "roe": 0.93,
            "roe_4q": 17.880000000000003,
            "gross_profit": 103080,
            "gross_margin": 31.93,
            "gross_margin_4q_avg": 32.97,
            "net_income": 22891,
            "revenue": 322812,
            "common_shares": 1087830,
            "book_valuer_per_share": 22.7,
            "book_valuer_per_share_4q_avg": 21.12,
            "equity": 2469364,
            "current_ratio": 325.11,
            "debt_ratio": 37.41,
            "inventory_turnover_ratio": 150.97,
            "account_receivable_turnover_ratio": 1.31,
            "reinvestment_rate": -24.2,
            "research_to_sale_ratio": null,
            "price_fair": 65.61,
            "eps_avg_yearly": 1.87,
            "eps_latest_yearly": 0.84,
            "eps_growth_yearly": 256.75
        },
        "20162": {
            "year_quarter": 20162,
            "year": 2016,
            "quarter": 2,
            "eps": 0.2,
            "eps_growth_year": -37.5,
            "eps_4q": 3.64,
            "eps_4q_growth_year": 170.31,
            "roe": 0.94,
            "roe_4q": 17.24,
            "gross_profit": 101250,
            "gross_margin": 31.07,
            "gross_margin_4q_avg": 32.63,
            "net_income": 21782,
            "revenue": 325878,
            "common_shares": 1087830,
            "book_valuer_per_share": 19.7,
            "book_valuer_per_share_4q_avg": 21.17,
            "equity": 2143040,
            "current_ratio": 117.56,
            "debt_ratio": 45.74,
            "inventory_turnover_ratio": 132.41,
            "account_receivable_turnover_ratio": 1.43,
            "reinvestment_rate": -24.79,
            "research_to_sale_ratio": null,
            "price_fair": 63.26,
            "eps_avg_yearly": 1.81,
            "eps_latest_yearly": 0.8,
            "eps_growth_yearly": 239.51
        },
        "20163": {
            "year_quarter": 20163,
            "year": 2016,
            "quarter": 3,
            "eps": 0.17,
            "eps_growth_year": -39.29,
            "eps_4q": 3.53,
            "eps_4q_growth_year": 177.21,
            "roe": 0.88,
            "roe_4q": 16.689999999999998,
            "gross_profit": 97908,
            "gross_margin": 30.16,
            "gross_margin_4q_avg": 32.13,
            "net_income": 18990,
            "revenue": 324643,
            "common_shares": 1087830,
            "book_valuer_per_share": 19.87,
            "book_valuer_per_share_4q_avg": 21.19,
            "equity": 2162030,
            "current_ratio": 133.81,
            "debt_ratio": 40.71,
            "inventory_turnover_ratio": 136.01,
            "account_receivable_turnover_ratio": 1.45,
            "reinvestment_rate": -25.37,
            "research_to_sale_ratio": null,
            "price_fair": 62.56,
            "eps_avg_yearly": 1.79,
            "eps_latest_yearly": 0.68,
            "eps_growth_yearly": 236.72
        },
        "20164": {
            "year_quarter": 20164,
            "year": 2016,
            "quarter": 4,
            "eps": 0.3,
            "eps_growth_year": -89.9,
            "eps_4q": 0.88,
            "eps_4q_growth_year": -76.8,
            "roe": 1.47,
            "roe_4q": 4.22,
            "gross_profit": 106196,
            "gross_margin": 31.11,
            "gross_margin_4q_avg": 31.07,
            "net_income": 32370,
            "revenue": 341308,
            "common_shares": 1087830,
            "book_valuer_per_share": 20.52,
            "book_valuer_per_share_4q_avg": 20.7,
            "equity": 2232214,
            "current_ratio": 135.72,
            "debt_ratio": 39.26,
            "inventory_turnover_ratio": 118.12,
            "account_receivable_turnover_ratio": 1.39,
            "reinvestment_rate": -25.11,
            "research_to_sale_ratio": null,
            "price_fair": 62.39,
            "eps_avg_yearly": 1.78,
            "eps_latest_yearly": 1.2,
            "eps_growth_yearly": 248.84
        },
        "20171": {
            "year_quarter": 20171,
            "year": 2017,
            "quarter": 1,
            "eps": 0.05,
            "eps_growth_year": -76.19,
            "eps_4q": 0.73,
            "eps_4q_growth_year": -80.66,
            "roe": 0.26,
            "roe_4q": 3.55,
            "gross_profit": 82363,
            "gross_margin": 27.08,
            "gross_margin_4q_avg": 29.86,
            "net_income": 5909,
            "revenue": 304125,
            "common_shares": 1087830,
            "book_valuer_per_share": 20.57,
            "book_valuer_per_share_4q_avg": 20.17,
            "equity": 2238123,
            "current_ratio": 128.34,
            "debt_ratio": 38.42,
            "inventory_turnover_ratio": 140.49,
            "account_receivable_turnover_ratio": 1.27,
            "reinvestment_rate": -25.25,
            "research_to_sale_ratio": null,
            "price_fair": 61.34,
            "eps_avg_yearly": 1.75,
            "eps_latest_yearly": 0.2,
            "eps_growth_yearly": 239.73
        },
        "20172": {
            "year_quarter": 20172,
            "year": 2017,
            "quarter": 2,
            "eps": 0.03,
            "eps_growth_year": -85,
            "eps_4q": 0.56,
            "eps_4q_growth_year": -84.63,
            "roe": 0.17,
            "roe_4q": 2.78,
            "gross_profit": 77386,
            "gross_margin": 28.47,
            "gross_margin_4q_avg": 29.21,
            "net_income": 3568,
            "revenue": 271833,
            "common_shares": 1087830,
            "book_valuer_per_share": 18.81,
            "book_valuer_per_share_4q_avg": 19.94,
            "equity": 2045882,
            "current_ratio": 67.05,
            "debt_ratio": 43.44,
            "inventory_turnover_ratio": 726.9,
            "account_receivable_turnover_ratio": 1.31,
            "reinvestment_rate": -31.51,
            "research_to_sale_ratio": null,
            "price_fair": 59.15,
            "eps_avg_yearly": 1.69,
            "eps_latest_yearly": 0.12,
            "eps_growth_yearly": 213.55
        },
        "20173": {
            "year_quarter": 20173,
            "year": 2017,
            "quarter": 3,
            "eps": 0.08,
            "eps_growth_year": -52.94,
            "eps_4q": 0.47,
            "eps_4q_growth_year": -86.79,
            "roe": 0.43,
            "roe_4q": 2.33,
            "gross_profit": 80995,
            "gross_margin": 28.79,
            "gross_margin_4q_avg": 28.86,
            "net_income": 8897,
            "revenue": 281332,
            "common_shares": 1087830,
            "book_valuer_per_share": 18.89,
            "book_valuer_per_share_4q_avg": 19.7,
            "equity": 2054779,
            "current_ratio": 69.67,
            "debt_ratio": 42.91,
            "inventory_turnover_ratio": null,
            "account_receivable_turnover_ratio": 1.37,
            "reinvestment_rate": -32.6,
            "research_to_sale_ratio": null,
            "price_fair": 56.79,
            "eps_avg_yearly": 1.62,
            "eps_latest_yearly": 0.32,
            "eps_growth_yearly": 248.97
        },
        "20174": {
            "year_quarter": 20174,
            "year": 2017,
            "quarter": 4,
            "eps": 0.62,
            "eps_growth_year": 107.6,
            "eps_4q": 0.79,
            "eps_4q_growth_year": -10.89,
            "roe": 3.21,
            "roe_4q": 4.07,
            "gross_profit": 83553,
            "gross_margin": 29.71,
            "gross_margin_4q_avg": 28.51,
            "net_income": 67199,
            "revenue": 281214,
            "common_shares": 1087830,
            "book_valuer_per_share": 19.61,
            "book_valuer_per_share_4q_avg": 19.47,
            "equity": 2133495,
            "current_ratio": 137.09,
            "debt_ratio": 40.47,
            "inventory_turnover_ratio": null,
            "account_receivable_turnover_ratio": 1.26,
            "reinvestment_rate": -56.21,
            "research_to_sale_ratio": null,
            "price_fair": 58.19,
            "eps_avg_yearly": 1.66,
            "eps_latest_yearly": 2.48,
            "eps_growth_yearly": 409.86
        },
        "20181": {
            "year_quarter": 20181,
            "year": 2018,
            "quarter": 1,
            "eps": 3.52,
            "eps_growth_year": 6940,
            "eps_4q": 4.26,
            "eps_4q_growth_year": 485.76,
            "roe": 16.49,
            "roe_4q": 20.3,
            "gross_profit": 72818,
            "gross_margin": 27,
            "gross_margin_4q_avg": 28.49,
            "net_income": 383382,
            "revenue": 269744,
            "common_shares": 1087830,
            "book_valuer_per_share": 23.14,
            "book_valuer_per_share_4q_avg": 20.11,
            "equity": 2516877,
            "current_ratio": 317.14,
            "debt_ratio": 32.49,
            "inventory_turnover_ratio": null,
            "account_receivable_turnover_ratio": 1.26,
            "reinvestment_rate": -37.53,
            "research_to_sale_ratio": null,
            "price_fair": 87.24,
            "eps_avg_yearly": 2.49,
            "eps_latest_yearly": 14.08,
            "eps_growth_yearly": 540.92
        },
        "20182": {
            "year_quarter": 20182,
            "year": 2018,
            "quarter": 2,
            "eps": 0.07,
            "eps_growth_year": 133.33,
            "eps_4q": 4.29,
            "eps_4q_growth_year": 667.54,
            "roe": 0.31,
            "roe_4q": 20.439999999999998,
            "gross_profit": 65148,
            "gross_margin": 25.44,
            "gross_margin_4q_avg": 27.74,
            "net_income": 7469,
            "revenue": 256112,
            "common_shares": 1087830,
            "book_valuer_per_share": 21.71,
            "book_valuer_per_share_4q_avg": 20.84,
            "equity": 2361171,
            "current_ratio": 162.73,
            "debt_ratio": 36.93,
            "inventory_turnover_ratio": null,
            "account_receivable_turnover_ratio": 1.27,
            "reinvestment_rate": -38.08,
            "research_to_sale_ratio": null,
            "price_fair": 85.93,
            "eps_avg_yearly": 2.46,
            "eps_latest_yearly": 0.28,
            "eps_growth_yearly": 513.92
        },
        "20183": {
            "year_quarter": 20183,
            "year": 2018,
            "quarter": 3,
            "eps": 0.09,
            "eps_growth_year": 12.5,
            "eps_4q": 4.3,
            "eps_4q_growth_year": 821.4,
            "roe": 0.4,
            "roe_4q": 20.41,
            "gross_profit": 69079,
            "gross_margin": 26.11,
            "gross_margin_4q_avg": 27.07,
            "net_income": 9503,
            "revenue": 264571,
            "common_shares": 1087830,
            "book_valuer_per_share": 21.79,
            "book_valuer_per_share_4q_avg": 21.56,
            "equity": 2370674,
            "current_ratio": 225.17,
            "debt_ratio": 34.06,
            "inventory_turnover_ratio": null,
            "account_receivable_turnover_ratio": 1.28,
            "reinvestment_rate": -39.23,
            "research_to_sale_ratio": null,
            "price_fair": 83.65,
            "eps_avg_yearly": 2.39,
            "eps_latest_yearly": 0.36,
            "eps_growth_yearly": 506.29
        },
        "20184": {
            "year_quarter": 20184,
            "year": 2018,
            "quarter": 4,
            "eps": 0.35,
            "eps_growth_year": -43.61,
            "eps_4q": 4.03,
            "eps_4q_growth_year": 412.13,
            "roe": 1.58,
            "roe_4q": 18.779999999999998,
            "gross_profit": 76632,
            "gross_margin": 28.19,
            "gross_margin_4q_avg": 26.69,
            "net_income": 37892,
            "revenue": 271827,
            "common_shares": 1087830,
            "book_valuer_per_share": 22.24,
            "book_valuer_per_share_4q_avg": 22.22,
            "equity": 2418997,
            "current_ratio": 247.67,
            "debt_ratio": 33.34,
            "inventory_turnover_ratio": null,
            "account_receivable_turnover_ratio": 1.35,
            "reinvestment_rate": -39.74,
            "research_to_sale_ratio": null,
            "price_fair": 83.13,
            "eps_avg_yearly": 2.38,
            "eps_latest_yearly": 1.4,
            "eps_growth_yearly": 574.23
        },
        "20191": {
            "year_quarter": 20191,
            "year": 2019,
            "quarter": 1,
            "eps": 0.03,
            "eps_growth_year": -99.15,
            "eps_4q": 0.53,
            "eps_4q_growth_year": -87.44,
            "roe": 0.14,
            "roe_4q": 2.43,
            "gross_profit": 59514,
            "gross_margin": 24.99,
            "gross_margin_4q_avg": 26.18,
            "net_income": 3313,
            "revenue": 238110,
            "common_shares": 1087830,
            "book_valuer_per_share": 22.27,
            "book_valuer_per_share_4q_avg": 22,
            "equity": 2422310,
            "current_ratio": 172.49,
            "debt_ratio": 35.09,
            "inventory_turnover_ratio": null,
            "account_receivable_turnover_ratio": 1.27,
            "reinvestment_rate": -48.35,
            "research_to_sale_ratio": null,
            "price_fair": 81.11,
            "eps_avg_yearly": 2.32,
            "eps_latest_yearly": 0.12,
            "eps_growth_yearly": 560.52
        },
        "20192": {
            "year_quarter": 20192,
            "year": 2019,
            "quarter": 2,
            "eps": 4.9,
            "eps_growth_year": 6900,
            "eps_4q": 5.36,
            "eps_4q_growth_year": 24.95,
            "roe": 21.39,
            "roe_4q": 23.509999999999998,
            "gross_profit": -10830,
            "gross_margin": -6.43,
            "gross_margin_4q_avg": 18.22,
            "net_income": 532738,
            "revenue": 168543,
            "common_shares": 1087830,
            "book_valuer_per_share": 23.51,
            "book_valuer_per_share_4q_avg": 22.45,
            "equity": 2557731,
            "current_ratio": 128.8,
            "debt_ratio": 35.84,
            "inventory_turnover_ratio": null,
            "account_receivable_turnover_ratio": 1.1,
            "reinvestment_rate": -42.02,
            "research_to_sale_ratio": null,
            "price_fair": 121.19,
            "eps_avg_yearly": 3.46,
            "eps_latest_yearly": 19.6,
            "eps_growth_yearly": 4613.08
        },
        "20193": {
            "year_quarter": 20193,
            "year": 2019,
            "quarter": 3,
            "eps": -0.05,
            "eps_growth_year": -155.56,
            "eps_4q": 5.22,
            "eps_4q_growth_year": 21.53,
            "roe": -0.22,
            "roe_4q": 22.89,
            "gross_profit": 16268,
            "gross_margin": 81.64,
            "gross_margin_4q_avg": 32.1,
            "net_income": -5737,
            "revenue": 19927,
            "common_shares": 1087830,
            "book_valuer_per_share": 23.46,
            "book_valuer_per_share_4q_avg": 22.87,
            "equity": 2551994,
            "current_ratio": 535.29,
            "debt_ratio": 21.03,
            "inventory_turnover_ratio": null,
            "account_receivable_turnover_ratio": 0.29,
            "reinvestment_rate": -225.25,
            "research_to_sale_ratio": null,
            "price_fair": 126.65,
            "eps_avg_yearly": 3.62,
            "eps_latest_yearly": 19.6,
            "eps_growth_yearly": 4923.95
        },
        "20194": {
            "year_quarter": 20194,
            "year": 2019,
            "quarter": 4,
            "eps": 1.16,
            "eps_growth_year": 233.87,
            "eps_4q": 6.04,
            "eps_4q_growth_year": 49.88,
            "roe": 4.83,
            "roe_4q": 26.14,
            "gross_profit": 23143,
            "gross_margin": 73.82,
            "gross_margin_4q_avg": 43.51,
            "net_income": 126509,
            "revenue": 31349,
            "common_shares": 1087830,
            "book_valuer_per_share": 24.65,
            "book_valuer_per_share_4q_avg": 23.47,
            "equity": 2681277,
            "current_ratio": 1431.32,
            "debt_ratio": 19.57,
            "inventory_turnover_ratio": null,
            "account_receivable_turnover_ratio": 20.63,
            "reinvestment_rate": -258.98,
            "research_to_sale_ratio": null,
            "price_fair": 106.2,
            "eps_avg_yearly": 3.03,
            "eps_latest_yearly": 19.6,
            "eps_growth_yearly": 5003.22
        },
        "20201": {
            "year_quarter": 20201,
            "year": 2020,
            "quarter": 1,
            "eps": 0.12,
            "eps_growth_year": 300,
            "eps_4q": 6.13,
            "eps_4q_growth_year": 1046,
            "roe": 0.49,
            "roe_4q": 26.490000000000002,
            "gross_profit": 23084,
            "gross_margin": 74.95,
            "gross_margin_4q_avg": 56,
            "net_income": 13197,
            "revenue": 30799,
            "common_shares": 1087830,
            "book_valuer_per_share": 24.77,
            "book_valuer_per_share_4q_avg": 24.1,
            "equity": 2694474,
            "current_ratio": 1776.79,
            "debt_ratio": 19.15,
            "inventory_turnover_ratio": null,
            "account_receivable_turnover_ratio": 708.02,
            "reinvestment_rate": -260.48,
            "research_to_sale_ratio": null,
            "price_fair": 105.3,
            "eps_avg_yearly": 3.01,
            "eps_latest_yearly": 0.48,
            "eps_growth_yearly": 5004.14
        },
        "20202": {
            "year_quarter": 20202,
            "year": 2020,
            "quarter": 2,
            "eps": 0.3,
            "eps_growth_year": -93.88,
            "eps_4q": 1.53,
            "eps_4q_growth_year": -71.48,
            "roe": 1.35,
            "roe_4q": 6.45,
            "gross_profit": 23615,
            "gross_margin": 75.56,
            "gross_margin_4q_avg": 76.49,
            "net_income": 32439,
            "revenue": 31255,
            "common_shares": 1087830,
            "book_valuer_per_share": 19.52,
            "book_valuer_per_share_4q_avg": 23.1,
            "equity": 2123168,
            "current_ratio": 66.47,
            "debt_ratio": 36.97,
            "inventory_turnover_ratio": null,
            "account_receivable_turnover_ratio": 2.82,
            "reinvestment_rate": -257.89,
            "research_to_sale_ratio": null,
            "price_fair": 106.3,
            "eps_avg_yearly": 3.04,
            "eps_latest_yearly": 1.2,
            "eps_growth_yearly": 5048.36
        },
        "20203": {
            "year_quarter": 20203,
            "year": 2020,
            "quarter": 3,
            "eps": 8.24,
            "eps_growth_year": null,
            "eps_4q": 9.82,
            "eps_4q_growth_year": 87.98,
            "roe": 34.85,
            "roe_4q": 41.52,
            "gross_profit": 22056,
            "gross_margin": 71.85,
            "gross_margin_4q_avg": 74.05,
            "net_income": 895995,
            "revenue": 30699,
            "common_shares": 1087830,
            "book_valuer_per_share": 27.75,
            "book_valuer_per_share_4q_avg": 24.17,
            "equity": 3019163,
            "current_ratio": 4511.45,
            "debt_ratio": 16.62,
            "inventory_turnover_ratio": null,
            "account_receivable_turnover_ratio": 2.77,
            "reinvestment_rate": -152.65,
            "research_to_sale_ratio": null,
            "price_fair": 187,
            "eps_avg_yearly": 5.34,
            "eps_latest_yearly": 32.96,
            "eps_growth_yearly": 5808.83
        },
        "20204": {
            "year_quarter": 20204,
            "year": 2020,
            "quarter": 4,
            "eps": 0.15,
            "eps_growth_year": -87.31,
            "eps_4q": 8.8,
            "eps_4q_growth_year": 45.8,
            "roe": 0.53,
            "roe_4q": 37.220000000000006,
            "gross_profit": 25327,
            "gross_margin": 77.73,
            "gross_margin_4q_avg": 75.02,
            "net_income": 16050,
            "revenue": 32582,
            "common_shares": 1087830,
            "book_valuer_per_share": 27.91,
            "book_valuer_per_share_4q_avg": 24.99,
            "equity": 3035778,
            "current_ratio": 908.45,
            "debt_ratio": 19.1,
            "inventory_turnover_ratio": null,
            "account_receivable_turnover_ratio": 153.33,
            "reinvestment_rate": -153.61,
            "research_to_sale_ratio": null,
            "price_fair": 185.5,
            "eps_avg_yearly": 5.3,
            "eps_latest_yearly": 0.6,
            "eps_growth_yearly": 5758.93
        },
        "20211": {
            "year_quarter": 20211,
            "year": 2021,
            "quarter": 1,
            "eps": 5.97,
            "eps_growth_year": 4875,
            "eps_4q": 14.65,
            "eps_4q_growth_year": 139,
            "roe": 19.31,
            "roe_4q": 56.04,
            "gross_profit": 27667,
            "gross_margin": 79.18,
            "gross_margin_4q_avg": 76.08,
            "net_income": 648935,
            "revenue": 34940,
            "common_shares": 1087830,
            "book_valuer_per_share": 33.87,
            "book_valuer_per_share_4q_avg": 27.26,
            "equity": 3684713,
            "current_ratio": 7456.13,
            "debt_ratio": 13.33,
            "inventory_turnover_ratio": null,
            "account_receivable_turnover_ratio": 84.09,
            "reinvestment_rate": -117.93,
            "research_to_sale_ratio": null,
            "price_fair": 244.7,
            "eps_avg_yearly": 6.99,
            "eps_latest_yearly": 23.88,
            "eps_growth_yearly": 6891.31
        },
        "20212": {
            "year_quarter": 20212,
            "year": 2021,
            "quarter": 2,
            "eps": 0.19,
            "eps_growth_year": -36.67,
            "eps_4q": 14.54,
            "eps_4q_growth_year": 850.24,
            "roe": 0.55,
            "roe_4q": 55.24,
            "gross_profit": 28082,
            "gross_margin": 79.07,
            "gross_margin_4q_avg": 76.96,
            "net_income": 20298,
            "revenue": 35517,
            "common_shares": 1087830,
            "book_valuer_per_share": 34.06,
            "book_valuer_per_share_4q_avg": 30.9,
            "equity": 3705011,
            "current_ratio": 6755.03,
            "debt_ratio": 13.34,
            "inventory_turnover_ratio": null,
            "account_receivable_turnover_ratio": 115.5,
            "reinvestment_rate": -115.57,
            "research_to_sale_ratio": null,
            "price_fair": 246.3,
            "eps_avg_yearly": 7.04,
            "eps_latest_yearly": 0.76,
            "eps_growth_yearly": 6875.08
        },
        "20213": {
            "year_quarter": 20213,
            "year": 2021,
            "quarter": 3,
            "eps": 0.19,
            "eps_growth_year": -97.69,
            "eps_4q": 6.49,
            "eps_4q_growth_year": -33.87,
            "roe": 0.64,
            "roe_4q": 21.03,
            "gross_profit": 31903,
            "gross_margin": 80.82,
            "gross_margin_4q_avg": 79.2,
            "net_income": 21083,
            "revenue": 39475,
            "common_shares": 1087830,
            "book_valuer_per_share": 26.3,
            "book_valuer_per_share_4q_avg": 30.54,
            "equity": 2861269,
            "current_ratio": 1418.42,
            "debt_ratio": 16.32,
            "inventory_turnover_ratio": null,
            "account_receivable_turnover_ratio": 138.51,
            "reinvestment_rate": -114.88,
            "research_to_sale_ratio": null,
            "price_fair": 247.4,
            "eps_avg_yearly": 7.07,
            "eps_latest_yearly": 0.76,
            "eps_growth_yearly": 6827.46
        },
        "20214": {
            "year_quarter": 20214,
            "year": 2021,
            "quarter": 4,
            "eps": 0.4,
            "eps_growth_year": 172.6,
            "eps_4q": 6.75,
            "eps_4q_growth_year": -23.35,
            "roe": 1.52,
            "roe_4q": 22.02,
            "gross_profit": 32891,
            "gross_margin": 82.54,
            "gross_margin_4q_avg": 80.4,
            "net_income": 43753,
            "revenue": 39850,
            "common_shares": 1087830,
            "book_valuer_per_share": 26.7,
            "book_valuer_per_share_4q_avg": 30.23,
            "equity": 2905022,
            "current_ratio": 2493.69,
            "debt_ratio": 15.46,
            "inventory_turnover_ratio": null,
            "account_receivable_turnover_ratio": 106.84,
            "reinvestment_rate": -109.37,
            "research_to_sale_ratio": null,
            "price_fair": 245.2,
            "eps_avg_yearly": 7.01,
            "eps_latest_yearly": 1.6,
            "eps_growth_yearly": 6666.18
        },
        "20221": {
            "year_quarter": 20221,
            "year": 2022,
            "quarter": 1,
            "eps": 0.22,
            "eps_growth_year": -96.31,
            "eps_4q": 1,
            "eps_4q_growth_year": -93.18,
            "roe": 0.81,
            "roe_4q": 3.5200000000000005,
            "gross_profit": 32955,
            "gross_margin": 81.74,
            "gross_margin_4q_avg": 81.04,
            "net_income": 23493,
            "revenue": 40318,
            "common_shares": 1087830,
            "book_valuer_per_share": 26.92,
            "book_valuer_per_share_4q_avg": 28.5,
            "equity": 2928515,
            "current_ratio": 2477.36,
            "debt_ratio": 15.37,
            "inventory_turnover_ratio": null,
            "account_receivable_turnover_ratio": 80.88,
            "reinvestment_rate": -125.36,
            "research_to_sale_ratio": null,
            "price_fair": 212.2,
            "eps_avg_yearly": 6.06,
            "eps_latest_yearly": 0.88,
            "eps_growth_yearly": 6519.68
        },
        "20222": {
            "year_quarter": 20222,
            "year": 2022,
            "quarter": 2,
            "eps": 0.21,
            "eps_growth_year": 10.53,
            "eps_4q": 1.02,
            "eps_4q_growth_year": -92.96,
            "roe": 0.88,
            "roe_4q": 3.85,
            "gross_profit": 32773,
            "gross_margin": 81.91,
            "gross_margin_4q_avg": 81.75,
            "net_income": 22998,
            "revenue": 40009,
            "common_shares": 1087830,
            "book_valuer_per_share": 21.03,
            "book_valuer_per_share_4q_avg": 25.24,
            "equity": 2287937,
            "current_ratio": 57.97,
            "debt_ratio": 34.35,
            "inventory_turnover_ratio": null,
            "account_receivable_turnover_ratio": 83.96,
            "reinvestment_rate": -124.34,
            "research_to_sale_ratio": null,
            "price_fair": 213.6,
            "eps_avg_yearly": 6.1,
            "eps_latest_yearly": 0.84,
            "eps_growth_yearly": 6546.39
        },
        "20223": {
            "year_quarter": 20223,
            "year": 2022,
            "quarter": 3,
            "eps": 0.21,
            "eps_growth_year": 10.53,
            "eps_4q": 1.04,
            "eps_4q_growth_year": -84.01,
            "roe": 0.99,
            "roe_4q": 4.2,
            "gross_profit": 33022,
            "gross_margin": 81.85,
            "gross_margin_4q_avg": 82.01,
            "net_income": 22719,
            "revenue": 40345,
            "common_shares": 1087830,
            "book_valuer_per_share": 21.24,
            "book_valuer_per_share_4q_avg": 23.97,
            "equity": 2310656,
            "current_ratio": 1737.44,
            "debt_ratio": 18.86,
            "inventory_turnover_ratio": null,
            "account_receivable_turnover_ratio": 96.52,
            "reinvestment_rate": -123.45,
            "research_to_sale_ratio": null,
            "price_fair": 214.8,
            "eps_avg_yearly": 6.14,
            "eps_latest_yearly": 0.84,
            "eps_growth_yearly": 6538.23
        },
        "20224": {
            "year_quarter": 20224,
            "year": 2022,
            "quarter": 4,
            "eps": 0.22,
            "eps_growth_year": -46.49,
            "eps_4q": 0.85,
            "eps_4q_growth_year": -87.38,
            "roe": 1.01,
            "roe_4q": 3.69,
            "gross_profit": 33141,
            "gross_margin": 81.1,
            "gross_margin_4q_avg": 81.65,
            "net_income": 23411,
            "revenue": 40863,
            "common_shares": 1087830,
            "book_valuer_per_share": 21.46,
            "book_valuer_per_share_4q_avg": 22.66,
            "equity": 2334067,
            "current_ratio": 2943.49,
            "debt_ratio": 18.47,
            "inventory_turnover_ratio": null,
            "account_receivable_turnover_ratio": 66.44,
            "reinvestment_rate": -123.96,
            "research_to_sale_ratio": null,
            "price_fair": 213.5,
            "eps_avg_yearly": 6.1,
            "eps_latest_yearly": 0.88,
            "eps_growth_yearly": 6457.05
        },
        "20231": {
            "year_quarter": 20231,
            "year": 2023,
            "quarter": 1,
            "eps": 0.2,
            "eps_growth_year": -9.09,
            "eps_4q": 0.84,
            "eps_4q_growth_year": -16.36,
            "roe": 0.97,
            "roe_4q": 3.8499999999999996,
            "gross_profit": 32772,
            "gross_margin": 81.74,
            "gross_margin_4q_avg": 81.65,
            "net_income": 21731,
            "revenue": 40094,
            "common_shares": 1087830,
            "book_valuer_per_share": 19.66,
            "book_valuer_per_share_4q_avg": 20.85,
            "equity": 2138232,
            "current_ratio": 1254.3,
            "debt_ratio": 19.83,
            "inventory_turnover_ratio": null,
            "account_receivable_turnover_ratio": 57.07,
            "reinvestment_rate": -119.76,
            "research_to_sale_ratio": null,
            "price_fair": 215.2,
            "eps_avg_yearly": 6.15,
            "eps_latest_yearly": 0.8,
            "eps_growth_yearly": 6480.57
        },
        "20232": {
            "year_quarter": 20232,
            "year": 2023,
            "quarter": 2,
            "eps": 0.21,
            "eps_growth_year": 0,
            "eps_4q": 0.83,
            "eps_4q_growth_year": -18.96,
            "roe": 1.04,
            "roe_4q": 4.01,
            "gross_profit": 32340,
            "gross_margin": 81.4,
            "gross_margin_4q_avg": 81.52,
            "net_income": 22354,
            "revenue": 39732,
            "common_shares": 1087830,
            "book_valuer_per_share": 19.86,
            "book_valuer_per_share_4q_avg": 20.56,
            "equity": 2160586,
            "current_ratio": 1231.9,
            "debt_ratio": 19.73,
            "inventory_turnover_ratio": null,
            "account_receivable_turnover_ratio": 56.48,
            "reinvestment_rate": -143.94,
            "research_to_sale_ratio": null,
            "price_fair": 168.3,
            "eps_avg_yearly": 4.81,
            "eps_latest_yearly": 0.84,
            "eps_growth_yearly": 1843.9
        }
    },
    "months": {
        "2001-06": {
            "month": "2001-06",
            "price": "10.50",
            "revenue": 140239
        },
        "2001-07": {
            "month": "2001-07",
            "price": "10.50",
            "revenue": 141398
        },
        "2001-08": {
            "month": "2001-08",
            "price": "10.49",
            "revenue": 158802
        },
        "2001-09": {
            "month": "2001-09",
            "price": "10.48",
            "revenue": 136644
        },
        "2001-10": {
            "month": "2001-10",
            "price": "10.47",
            "revenue": 153257
        },
        "2001-11": {
            "month": "2001-11",
            "price": "10.51",
            "revenue": 153941
        },
        "2001-12": {
            "month": "2001-12",
            "price": "10.73",
            "revenue": 145292
        },
        "2002-01": {
            "month": "2002-01",
            "price": "10.78",
            "revenue": 160612
        },
        "2002-02": {
            "month": "2002-02",
            "price": "10.68",
            "revenue": 108859
        },
        "2002-03": {
            "month": "2002-03",
            "price": "10.81",
            "revenue": 147528
        },
        "2002-04": {
            "month": "2002-04",
            "price": "11.39",
            "revenue": 146231
        },
        "2002-05": {
            "month": "2002-05",
            "price": "10.77",
            "revenue": 146975
        },
        "2002-06": {
            "month": "2002-06",
            "price": "10.08",
            "revenue": 131004
        },
        "2002-07": {
            "month": "2002-07",
            "price": "9.59",
            "revenue": 147624
        },
        "2002-08": {
            "month": "2002-08",
            "price": "9.25",
            "revenue": 146639
        },
        "2002-09": {
            "month": "2002-09",
            "price": "9.12",
            "revenue": 138726
        },
        "2002-10": {
            "month": "2002-10",
            "price": "9.23",
            "revenue": 147841
        },
        "2002-11": {
            "month": "2002-11",
            "price": "9.57",
            "revenue": 146340
        },
        "2002-12": {
            "month": "2002-12",
            "price": "10.02",
            "revenue": 149647
        },
        "2003-01": {
            "month": "2003-01",
            "price": "10.81",
            "revenue": 157721
        },
        "2003-02": {
            "month": "2003-02",
            "price": "11.47",
            "revenue": 107086
        },
        "2003-03": {
            "month": "2003-03",
            "price": "11.53",
            "revenue": 142753
        },
        "2003-04": {
            "month": "2003-04",
            "price": "11.46",
            "revenue": 138435
        },
        "2003-05": {
            "month": "2003-05",
            "price": "11.76",
            "revenue": 139602
        },
        "2003-06": {
            "month": "2003-06",
            "price": "11.47",
            "revenue": 125867
        },
        "2003-07": {
            "month": "2003-07",
            "price": "11.67",
            "revenue": 145162
        },
        "2003-08": {
            "month": "2003-08",
            "price": "11.87",
            "revenue": 137079
        },
        "2003-09": {
            "month": "2003-09",
            "price": "14.92",
            "revenue": 141371
        },
        "2003-10": {
            "month": "2003-10",
            "price": "15.58",
            "revenue": 148938
        },
        "2003-11": {
            "month": "2003-11",
            "price": "15.42",
            "revenue": 139364
        },
        "2003-12": {
            "month": "2003-12",
            "price": "15.50",
            "revenue": 164160
        },
        "2004-01": {
            "month": "2004-01",
            "price": "16.97",
            "revenue": 129827
        },
        "2004-02": {
            "month": "2004-02",
            "price": "19.33",
            "revenue": 132103
        },
        "2004-03": {
            "month": "2004-03",
            "price": "19.03",
            "revenue": 145620
        },
        "2004-04": {
            "month": "2004-04",
            "price": "19.06",
            "revenue": 138559
        },
        "2004-05": {
            "month": "2004-05",
            "price": "17.91",
            "revenue": 132688
        },
        "2004-06": {
            "month": "2004-06",
            "price": "15.96",
            "revenue": 131846
        },
        "2004-07": {
            "month": "2004-07",
            "price": "15.23",
            "revenue": 136262
        },
        "2004-08": {
            "month": "2004-08",
            "price": "16.40",
            "revenue": 134948
        },
        "2004-09": {
            "month": "2004-09",
            "price": "16.56",
            "revenue": 148917
        },
        "2004-10": {
            "month": "2004-10",
            "price": "17.07",
            "revenue": 152230
        },
        "2004-11": {
            "month": "2004-11",
            "price": "17.17",
            "revenue": 162129
        },
        "2004-12": {
            "month": "2004-12",
            "price": "18.13",
            "revenue": 175473
        },
        "2005-01": {
            "month": "2005-01",
            "price": "19.60",
            "revenue": 195072
        },
        "2005-02": {
            "month": "2005-02",
            "price": "22.77",
            "revenue": 114062
        },
        "2005-03": {
            "month": "2005-03",
            "price": "24.04",
            "revenue": 179617
        },
        "2005-04": {
            "month": "2005-04",
            "price": "24.13",
            "revenue": 158394
        },
        "2005-05": {
            "month": "2005-05",
            "price": "24.21",
            "revenue": 158333
        },
        "2005-06": {
            "month": "2005-06",
            "price": "24.17",
            "revenue": 148927
        },
        "2005-07": {
            "month": "2005-07",
            "price": "21.43",
            "revenue": 150403
        },
        "2005-08": {
            "month": "2005-08",
            "price": "22.23",
            "revenue": 162286
        },
        "2005-09": {
            "month": "2005-09",
            "price": "23.39",
            "revenue": 156107
        },
        "2005-10": {
            "month": "2005-10",
            "price": "23.00",
            "revenue": 153728
        },
        "2005-11": {
            "month": "2005-11",
            "price": "23.23",
            "revenue": 163617
        },
        "2005-12": {
            "month": "2005-12",
            "price": "27.88",
            "revenue": 170202
        },
        "2006-01": {
            "month": "2006-01",
            "price": "27.81",
            "revenue": 157275
        },
        "2006-02": {
            "month": "2006-02",
            "price": "28.41",
            "revenue": 120521
        },
        "2006-03": {
            "month": "2006-03",
            "price": "28.05",
            "revenue": 157655
        },
        "2006-04": {
            "month": "2006-04",
            "price": "28.04",
            "revenue": 138315
        },
        "2006-05": {
            "month": "2006-05",
            "price": "29.61",
            "revenue": 147168
        },
        "2006-06": {
            "month": "2006-06",
            "price": "27.20",
            "revenue": 143523
        },
        "2006-07": {
            "month": "2006-07",
            "price": "25.43",
            "revenue": 141798
        },
        "2006-08": {
            "month": "2006-08",
            "price": "25.16",
            "revenue": 147575
        },
        "2006-09": {
            "month": "2006-09",
            "price": "24.14",
            "revenue": 143647
        },
        "2006-10": {
            "month": "2006-10",
            "price": "23.49",
            "revenue": 138543
        },
        "2006-11": {
            "month": "2006-11",
            "price": "21.59",
            "revenue": 149006
        },
        "2006-12": {
            "month": "2006-12",
            "price": "25.27",
            "revenue": 145751
        },
        "2007-01": {
            "month": "2007-01",
            "price": "24.65",
            "revenue": 157968
        },
        "2007-02": {
            "month": "2007-02",
            "price": "24.37",
            "revenue": 107950
        },
        "2007-03": {
            "month": "2007-03",
            "price": "24.34",
            "revenue": 143586
        },
        "2007-04": {
            "month": "2007-04",
            "price": "26.45",
            "revenue": 130688
        },
        "2007-05": {
            "month": "2007-05",
            "price": "26.42",
            "revenue": 142077
        },
        "2007-06": {
            "month": "2007-06",
            "price": "26.54",
            "revenue": 129273
        },
        "2007-07": {
            "month": "2007-07",
            "price": "27.15",
            "revenue": 141920
        },
        "2007-08": {
            "month": "2007-08",
            "price": "24.94",
            "revenue": 143340
        },
        "2007-09": {
            "month": "2007-09",
            "price": "25.04",
            "revenue": 130389
        },
        "2007-10": {
            "month": "2007-10",
            "price": "25.81",
            "revenue": 151573
        },
        "2007-11": {
            "month": "2007-11",
            "price": "28.27",
            "revenue": 155483
        },
        "2007-12": {
            "month": "2007-12",
            "price": "27.47",
            "revenue": 159496
        },
        "2008-01": {
            "month": "2008-01",
            "price": "27.70",
            "revenue": 184401
        },
        "2008-02": {
            "month": "2008-02",
            "price": "34.16",
            "revenue": 109384
        },
        "2008-03": {
            "month": "2008-03",
            "price": "37.39",
            "revenue": 148718
        },
        "2008-04": {
            "month": "2008-04",
            "price": "41.29",
            "revenue": 145922
        },
        "2008-05": {
            "month": "2008-05",
            "price": "40.84",
            "revenue": 145316
        },
        "2008-06": {
            "month": "2008-06",
            "price": "38.84",
            "revenue": 138768
        },
        "2008-07": {
            "month": "2008-07",
            "price": "33.21",
            "revenue": 143651
        },
        "2008-08": {
            "month": "2008-08",
            "price": "25.30",
            "revenue": 138800
        },
        "2008-09": {
            "month": "2008-09",
            "price": "22.27",
            "revenue": 133551
        },
        "2008-10": {
            "month": "2008-10",
            "price": "18.70",
            "revenue": 144220
        },
        "2008-11": {
            "month": "2008-11",
            "price": "17.09",
            "revenue": 131356
        },
        "2008-12": {
            "month": "2008-12",
            "price": "17.18",
            "revenue": 149931
        },
        "2009-01": {
            "month": "2009-01",
            "price": "17.21",
            "revenue": 117846
        },
        "2009-02": {
            "month": "2009-02",
            "price": "18.05",
            "revenue": 117003
        },
        "2009-03": {
            "month": "2009-03",
            "price": "18.86",
            "revenue": 125241
        },
        "2009-04": {
            "month": "2009-04",
            "price": "21.02",
            "revenue": 122853
        },
        "2009-05": {
            "month": "2009-05",
            "price": "21.23",
            "revenue": 112613
        },
        "2009-06": {
            "month": "2009-06",
            "price": "20.94",
            "revenue": 125733
        },
        "2009-07": {
            "month": "2009-07",
            "price": "19.72",
            "revenue": 128103
        },
        "2009-08": {
            "month": "2009-08",
            "price": "19.15",
            "revenue": 126609
        },
        "2009-09": {
            "month": "2009-09",
            "price": "19.68",
            "revenue": 132760
        },
        "2009-10": {
            "month": "2009-10",
            "price": "20.99",
            "revenue": 131010
        },
        "2009-11": {
            "month": "2009-11",
            "price": "20.50",
            "revenue": 132831
        },
        "2009-12": {
            "month": "2009-12",
            "price": "21.05",
            "revenue": 148133
        },
        "2010-01": {
            "month": "2010-01",
            "price": "21.95",
            "revenue": 147352
        },
        "2010-02": {
            "month": "2010-02",
            "price": "21.10",
            "revenue": 105611
        },
        "2010-03": {
            "month": "2010-03",
            "price": "22.62",
            "revenue": 141218
        },
        "2010-04": {
            "month": "2010-04",
            "price": "24.64",
            "revenue": 133383
        },
        "2010-05": {
            "month": "2010-05",
            "price": "23.41",
            "revenue": 130068
        },
        "2010-06": {
            "month": "2010-06",
            "price": "23.09",
            "revenue": 126923
        },
        "2010-07": {
            "month": "2010-07",
            "price": "22.46",
            "revenue": 138768
        },
        "2010-08": {
            "month": "2010-08",
            "price": "24.45",
            "revenue": 138610
        },
        "2010-09": {
            "month": "2010-09",
            "price": "24.35",
            "revenue": 132357
        },
        "2010-10": {
            "month": "2010-10",
            "price": "25.23",
            "revenue": 135538
        },
        "2010-11": {
            "month": "2010-11",
            "price": "25.67",
            "revenue": 144158
        },
        "2010-12": {
            "month": "2010-12",
            "price": "27.01",
            "revenue": 150637
        },
        "2011-01": {
            "month": "2011-01",
            "price": "28.41",
            "revenue": 161615
        },
        "2011-02": {
            "month": "2011-02",
            "price": "27.89",
            "revenue": 90565
        },
        "2011-03": {
            "month": "2011-03",
            "price": "27.82",
            "revenue": 148364
        },
        "2011-04": {
            "month": "2011-04",
            "price": "28.06",
            "revenue": 128126
        },
        "2011-05": {
            "month": "2011-05",
            "price": "26.99",
            "revenue": 129891
        },
        "2011-06": {
            "month": "2011-06",
            "price": "26.64",
            "revenue": 126175
        },
        "2011-07": {
            "month": "2011-07",
            "price": "24.12",
            "revenue": 129450
        },
        "2011-08": {
            "month": "2011-08",
            "price": "23.84",
            "revenue": 136752
        },
        "2011-09": {
            "month": "2011-09",
            "price": "23.55",
            "revenue": 129862
        },
        "2011-10": {
            "month": "2011-10",
            "price": "23.42",
            "revenue": 129499
        },
        "2011-11": {
            "month": "2011-11",
            "price": "23.12",
            "revenue": 135060
        },
        "2011-12": {
            "month": "2011-12",
            "price": "24.11",
            "revenue": 141181
        },
        "2012-01": {
            "month": "2012-01",
            "price": "24.93",
            "revenue": 113334
        },
        "2012-02": {
            "month": "2012-02",
            "price": "25.15",
            "revenue": 115022
        },
        "2012-03": {
            "month": "2012-03",
            "price": "25.38",
            "revenue": 131379
        },
        "2012-04": {
            "month": "2012-04",
            "price": "25.11",
            "revenue": 119465
        },
        "2012-05": {
            "month": "2012-05",
            "price": "25.24",
            "revenue": 126838
        },
        "2012-06": {
            "month": "2012-06",
            "price": "25.30",
            "revenue": 113250
        },
        "2012-07": {
            "month": "2012-07",
            "price": "25.17",
            "revenue": 120106
        },
        "2012-08": {
            "month": "2012-08",
            "price": "25.29",
            "revenue": 122742
        },
        "2012-09": {
            "month": "2012-09",
            "price": "25.81",
            "revenue": 116283
        },
        "2012-10": {
            "month": "2012-10",
            "price": "25.97",
            "revenue": 128101
        },
        "2012-11": {
            "month": "2012-11",
            "price": "25.72",
            "revenue": 126513
        },
        "2012-12": {
            "month": "2012-12",
            "price": "25.88",
            "revenue": 122089
        },
        "2013-01": {
            "month": "2013-01",
            "price": "26.06",
            "revenue": 157983
        },
        "2013-02": {
            "month": "2013-02",
            "price": "26.40",
            "revenue": 91908
        },
        "2013-03": {
            "month": "2013-03",
            "price": "26.36",
            "revenue": 132590
        },
        "2013-04": {
            "month": "2013-04",
            "price": "26.32",
            "revenue": 130709
        },
        "2013-05": {
            "month": "2013-05",
            "price": "26.45",
            "revenue": 136325
        },
        "2013-06": {
            "month": "2013-06",
            "price": "26.36",
            "revenue": 122849
        },
        "2013-07": {
            "month": "2013-07",
            "price": "25.63",
            "revenue": 141548
        },
        "2013-08": {
            "month": "2013-08",
            "price": "25.97",
            "revenue": 137578
        },
        "2013-09": {
            "month": "2013-09",
            "price": "26.05",
            "revenue": 129258
        },
        "2013-10": {
            "month": "2013-10",
            "price": "26.48",
            "revenue": 143051
        },
        "2013-11": {
            "month": "2013-11",
            "price": "28.02",
            "revenue": 137705
        },
        "2013-12": {
            "month": "2013-12",
            "price": "28.22",
            "revenue": 146111
        },
        "2014-01": {
            "month": "2014-01",
            "price": "28.59",
            "revenue": 140886
        },
        "2014-02": {
            "month": "2014-02",
            "price": "37.75",
            "revenue": 102799
        },
        "2014-03": {
            "month": "2014-03",
            "price": "39.70",
            "revenue": 129963
        },
        "2014-04": {
            "month": "2014-04",
            "price": "35.34",
            "revenue": 130055
        },
        "2014-05": {
            "month": "2014-05",
            "price": "36.26",
            "revenue": 126936
        },
        "2014-06": {
            "month": "2014-06",
            "price": "37.96",
            "revenue": 122848
        },
        "2014-07": {
            "month": "2014-07",
            "price": "36.16",
            "revenue": 136480
        },
        "2014-08": {
            "month": "2014-08",
            "price": "36.55",
            "revenue": 128466
        },
        "2014-09": {
            "month": "2014-09",
            "price": "37.19",
            "revenue": 126558
        },
        "2014-10": {
            "month": "2014-10",
            "price": "37.40",
            "revenue": 136417
        },
        "2014-11": {
            "month": "2014-11",
            "price": "37.27",
            "revenue": 122108
        },
        "2014-12": {
            "month": "2014-12",
            "price": "38.38",
            "revenue": 141764
        },
        "2015-01": {
            "month": "2015-01",
            "price": "39.37",
            "revenue": 132150
        },
        "2015-02": {
            "month": "2015-02",
            "price": "39.40",
            "revenue": 93502
        },
        "2015-03": {
            "month": "2015-03",
            "price": "38.40",
            "revenue": 128258
        },
        "2015-04": {
            "month": "2015-04",
            "price": "38.16",
            "revenue": 123345
        },
        "2015-05": {
            "month": "2015-05",
            "price": "37.76",
            "revenue": 117508
        },
        "2015-06": {
            "month": "2015-06",
            "price": "37.40",
            "revenue": 121472
        },
        "2015-07": {
            "month": "2015-07",
            "price": "34.78",
            "revenue": 125239
        },
        "2015-08": {
            "month": "2015-08",
            "price": "35.34",
            "revenue": 116723
        },
        "2015-09": {
            "month": "2015-09",
            "price": "34.24",
            "revenue": 115380
        },
        "2015-10": {
            "month": "2015-10",
            "price": "35.88",
            "revenue": 125189
        },
        "2015-11": {
            "month": "2015-11",
            "price": "35.56",
            "revenue": 117853
        },
        "2015-12": {
            "month": "2015-12",
            "price": "35.34",
            "revenue": 127589
        },
        "2016-01": {
            "month": "2016-01",
            "price": "35.13",
            "revenue": 122357
        },
        "2016-02": {
            "month": "2016-02",
            "price": "37.77",
            "revenue": 79095
        },
        "2016-03": {
            "month": "2016-03",
            "price": "39.11",
            "revenue": 121370
        },
        "2016-04": {
            "month": "2016-04",
            "price": "38.27",
            "revenue": 106003
        },
        "2016-05": {
            "month": "2016-05",
            "price": "36.96",
            "revenue": 112460
        },
        "2016-06": {
            "month": "2016-06",
            "price": "36.50",
            "revenue": 107425
        },
        "2016-07": {
            "month": "2016-07",
            "price": "33.90",
            "revenue": 108584
        },
        "2016-08": {
            "month": "2016-08",
            "price": "33.32",
            "revenue": 117852
        },
        "2016-09": {
            "month": "2016-09",
            "price": "33.46",
            "revenue": 98187
        },
        "2016-10": {
            "month": "2016-10",
            "price": "32.38",
            "revenue": 108445
        },
        "2016-11": {
            "month": "2016-11",
            "price": "30.54",
            "revenue": 116210
        },
        "2016-12": {
            "month": "2016-12",
            "price": "31.47",
            "revenue": 116653
        },
        "2017-01": {
            "month": "2017-01",
            "price": "31.98",
            "revenue": 101979
        },
        "2017-02": {
            "month": "2017-02",
            "price": "33.38",
            "revenue": 84840
        },
        "2017-03": {
            "month": "2017-03",
            "price": "33.31",
            "revenue": 117306
        },
        "2017-04": {
            "month": "2017-04",
            "price": "33.14",
            "revenue": 85055
        },
        "2017-05": {
            "month": "2017-05",
            "price": "32.15",
            "revenue": 91359
        },
        "2017-06": {
            "month": "2017-06",
            "price": "31.03",
            "revenue": 95419
        },
        "2017-07": {
            "month": "2017-07",
            "price": "29.91",
            "revenue": 90298
        },
        "2017-08": {
            "month": "2017-08",
            "price": "30.26",
            "revenue": 99718
        },
        "2017-09": {
            "month": "2017-09",
            "price": "30.34",
            "revenue": 91316
        },
        "2017-10": {
            "month": "2017-10",
            "price": "29.92",
            "revenue": 88103
        },
        "2017-11": {
            "month": "2017-11",
            "price": "28.91",
            "revenue": 97883
        },
        "2017-12": {
            "month": "2017-12",
            "price": "29.30",
            "revenue": 95227
        },
        "2018-01": {
            "month": "2018-01",
            "price": "29.93",
            "revenue": 105583
        },
        "2018-02": {
            "month": "2018-02",
            "price": "30.06",
            "revenue": 65277
        },
        "2018-03": {
            "month": "2018-03",
            "price": "30.62",
            "revenue": 98884
        },
        "2018-04": {
            "month": "2018-04",
            "price": "32.25",
            "revenue": 81953
        },
        "2018-05": {
            "month": "2018-05",
            "price": "32.70",
            "revenue": 92885
        },
        "2018-06": {
            "month": "2018-06",
            "price": "31.07",
            "revenue": 81274
        },
        "2018-07": {
            "month": "2018-07",
            "price": "30.16",
            "revenue": 89137
        },
        "2018-08": {
            "month": "2018-08",
            "price": "30.86",
            "revenue": 92918
        },
        "2018-09": {
            "month": "2018-09",
            "price": "30.80",
            "revenue": 82516
        },
        "2018-10": {
            "month": "2018-10",
            "price": "30.28",
            "revenue": 96137
        },
        "2018-11": {
            "month": "2018-11",
            "price": "29.93",
            "revenue": 89759
        },
        "2018-12": {
            "month": "2018-12",
            "price": "29.92",
            "revenue": 85931
        },
        "2019-01": {
            "month": "2019-01",
            "price": "30.28",
            "revenue": 105353
        },
        "2019-02": {
            "month": "2019-02",
            "price": "31.20",
            "revenue": 54121
        },
        "2019-03": {
            "month": "2019-03",
            "price": "33.26",
            "revenue": 78636
        },
        "2019-04": {
            "month": "2019-04",
            "price": "33.61",
            "revenue": 72879
        },
        "2019-05": {
            "month": "2019-05",
            "price": "37.04",
            "revenue": 59928
        },
        "2019-06": {
            "month": "2019-06",
            "price": "38.63",
            "revenue": 35736
        },
        "2019-07": {
            "month": "2019-07",
            "price": "35.30",
            "revenue": 8885
        },
        "2019-08": {
            "month": "2019-08",
            "price": "37.85",
            "revenue": 6431
        },
        "2019-09": {
            "month": "2019-09",
            "price": "39.15",
            "revenue": 10654
        },
        "2019-10": {
            "month": "2019-10",
            "price": "38.52",
            "revenue": 10673
        },
        "2019-11": {
            "month": "2019-11",
            "price": "38.39",
            "revenue": 10782
        },
        "2019-12": {
            "month": "2019-12",
            "price": "38.38",
            "revenue": 9894
        },
        "2020-01": {
            "month": "2020-01",
            "price": "39.51",
            "revenue": 10139
        },
        "2020-02": {
            "month": "2020-02",
            "price": "42.26",
            "revenue": 10381
        },
        "2020-03": {
            "month": "2020-03",
            "price": "43.78",
            "revenue": 10278
        },
        "2020-04": {
            "month": "2020-04",
            "price": "46.99",
            "revenue": 10399
        },
        "2020-05": {
            "month": "2020-05",
            "price": "54.95",
            "revenue": 10402
        },
        "2020-06": {
            "month": "2020-06",
            "price": "66.49",
            "revenue": 10455
        },
        "2020-07": {
            "month": "2020-07",
            "price": "60.90",
            "revenue": 9560
        },
        "2020-08": {
            "month": "2020-08",
            "price": "58.45",
            "revenue": 10574
        },
        "2020-09": {
            "month": "2020-09",
            "price": "59.58",
            "revenue": 10564
        },
        "2020-10": {
            "month": "2020-10",
            "price": "64.52",
            "revenue": 10661
        },
        "2020-11": {
            "month": "2020-11",
            "price": "68.28",
            "revenue": 10713
        },
        "2020-12": {
            "month": "2020-12",
            "price": "67.95",
            "revenue": 11208
        },
        "2021-01": {
            "month": "2021-01",
            "price": "65.94",
            "revenue": 11609
        },
        "2021-02": {
            "month": "2021-02",
            "price": "73.35",
            "revenue": 11673
        },
        "2021-03": {
            "month": "2021-03",
            "price": "88.87",
            "revenue": 11655
        },
        "2021-04": {
            "month": "2021-04",
            "price": "89.39",
            "revenue": 11768
        },
        "2021-05": {
            "month": "2021-05",
            "price": "87.87",
            "revenue": 11657
        },
        "2021-06": {
            "month": "2021-06",
            "price": "92.94",
            "revenue": 12095
        },
        "2021-07": {
            "month": "2021-07",
            "price": "90.82",
            "revenue": 13048
        },
        "2021-08": {
            "month": "2021-08",
            "price": "82.51",
            "revenue": 13211
        },
        "2021-09": {
            "month": "2021-09",
            "price": "78.11",
            "revenue": 13216
        },
        "2021-10": {
            "month": "2021-10",
            "price": "76.73",
            "revenue": 13264
        },
        "2021-11": {
            "month": "2021-11",
            "price": "78.03",
            "revenue": 13278
        },
        "2021-12": {
            "month": "2021-12",
            "price": "78.08",
            "revenue": 13308
        },
        "2022-01": {
            "month": "2022-01",
            "price": "79.74",
            "revenue": 13336
        },
        "2022-02": {
            "month": "2022-02",
            "price": "80.69",
            "revenue": 13631
        },
        "2022-03": {
            "month": "2022-03",
            "price": "79.43",
            "revenue": 13351
        },
        "2022-04": {
            "month": "2022-04",
            "price": "78.07",
            "revenue": 13401
        },
        "2022-05": {
            "month": "2022-05",
            "price": "72.14",
            "revenue": 13297
        },
        "2022-06": {
            "month": "2022-06",
            "price": "68.60",
            "revenue": 13311
        },
        "2022-07": {
            "month": "2022-07",
            "price": "61.48",
            "revenue": 13345
        },
        "2022-08": {
            "month": "2022-08",
            "price": "62.80",
            "revenue": 13504
        },
        "2022-09": {
            "month": "2022-09",
            "price": "58.06",
            "revenue": 13496
        },
        "2022-10": {
            "month": "2022-10",
            "price": "49.84",
            "revenue": 13602
        },
        "2022-11": {
            "month": "2022-11",
            "price": "50.79",
            "revenue": 13552
        },
        "2022-12": {
            "month": "2022-12",
            "price": "51.80",
            "revenue": 13709
        },
        "2023-01": {
            "month": "2023-01",
            "price": "53.79",
            "revenue": 13837
        },
        "2023-02": {
            "month": "2023-02",
            "price": "55.51",
            "revenue": 13119
        },
        "2023-03": {
            "month": "2023-03",
            "price": "50.36",
            "revenue": 13138
        },
        "2023-04": {
            "month": "2023-04",
            "price": "49.97",
            "revenue": 13274
        },
        "2023-05": {
            "month": "2023-05",
            "price": "49.16",
            "revenue": 13206
        },
        "2023-06": {
            "month": "2023-06",
            "price": "49.39",
            "revenue": 13252
        },
        "2023-07": {
            "month": "2023-07",
            "price": "48.42",
            "revenue": 13275
        },
        "2023-08": {
            "month": "2023-08",
            "price": "46.90",
            "revenue": 13411
        }
    }
}
