{
    "summary": {
        "stock_name": "遠雄港",
        "stock_id": "5607",
        "category": "航運",
        "main_business": "一般投資業",
        "website_url": "http://www.ftz.com.tw",
        "ceo": "賴嘉玲",
        "pe_ratio": 17,
        "report_year_from": 2001,
        "report_year_to": 2023,
        "age": 22,
        "eps_negative_percentage": 13,
        "eps_growth_avg": {
            "last_all": 3.78,
            "last_2y": 19.66,
            "last_4y": 28.25,
            "last_8y": 21.68,
            "last_12y": 35.92,
            "last_16y": 7.41,
            "last_20y": 3.78,
            "at_2006_last_3y": -30.39,
            "at_2007_last_3y": -45.32,
            "at_2008_last_3y": -74.32,
            "at_2009_last_3y": -97.14,
            "at_2010_last_3y": -100,
            "at_2011_last_3y": -100,
            "at_2012_last_3y": 0,
            "at_2013_last_3y": 100,
            "at_2014_last_3y": 74.38,
            "at_2015_last_3y": 48.83,
            "at_2016_last_3y": 27.22,
            "at_2017_last_3y": 13.46,
            "at_2018_last_3y": 3.24,
            "at_2019_last_3y": 35.19,
            "at_2020_last_3y": 22.71,
            "at_2021_last_3y": 17.44,
            "at_2022_last_3y": 39.74,
            "at_2023_last_3y": 39.74,
            "at_2006_last_all": -25.42,
            "at_2007_last_all": -37.85,
            "at_2008_last_all": -37.85,
            "at_2009_last_all": -46.73,
            "at_2010_last_all": -46.73,
            "at_2011_last_all": -46.73,
            "at_2012_last_all": -28.39,
            "at_2013_last_all": -14.12,
            "at_2014_last_all": -10.4,
            "at_2015_last_all": -11.98,
            "at_2016_last_all": -9.85,
            "at_2017_last_all": -5.64,
            "at_2018_last_all": -6.5,
            "at_2019_last_all": 0.6,
            "at_2020_last_all": -1.71,
            "at_2021_last_all": -0.21,
            "at_2022_last_all": 3.78,
            "at_2023_last_all": 3.78
        },
        "latest_eps": 3.92,
        "latest_price": 65,
        "latest_roe": 14.18,
        "latest_gross_margin": 58.33,
        "latest_equity": 8217023,
        "latest_revenue": 686325,
        "latest_gross_profit": 400334,
        "latest_net_income": 229071,
        "latest_debt_ratio": 63.44,
        "latest_current_ratio": 20.29,
        "latest_account_receivable_turnover_ratio": 3.29,
        "latest_inventory_turnover_ratio": null,
        "latest_reinvestment_rate": 123.28,
        "latest_research_to_sale_ratio": null
    },
    "eps_dividends": {
        "1999": {
            "cash": 0,
            "stock": 2,
            "eps": 0
        },
        "2000": {
            "cash": 0,
            "stock": 2,
            "eps": 0
        },
        "2001": {
            "cash": 2,
            "stock": 2,
            "eps": 2.34
        },
        "2002": {
            "cash": 2,
            "stock": 0,
            "eps": 2.21
        },
        "2003": {
            "cash": 1,
            "stock": 0,
            "eps": 1.32
        },
        "2004": {
            "cash": 1,
            "stock": 0,
            "eps": 1.87
        },
        "2005": {
            "cash": 0,
            "stock": 1,
            "eps": 1.28
        },
        "2006": {
            "cash": 0,
            "stock": 1,
            "eps": 0.11
        },
        "2007": {
            "cash": 0,
            "stock": 0,
            "eps": -1.98
        },
        "2008": {
            "cash": 0,
            "stock": 0,
            "eps": 1.46
        },
        "2009": {
            "cash": 0,
            "stock": 0,
            "eps": -0.81
        },
        "2010": {
            "cash": 0,
            "stock": 0,
            "eps": -0.09
        },
        "2011": {
            "cash": 0,
            "stock": 0,
            "eps": 0.08
        },
        "2012": {
            "cash": 0,
            "stock": 0,
            "eps": 0.53
        },
        "2013": {
            "cash": 0,
            "stock": 0,
            "eps": 1.08
        },
        "2014": {
            "cash": 0,
            "stock": 0,
            "eps": 1.33
        },
        "2015": {
            "cash": 0,
            "stock": 0,
            "eps": 0.96
        },
        "2016": {
            "cash": 0,
            "stock": 0,
            "eps": 1.09
        },
        "2017": {
            "cash": 0,
            "stock": 0,
            "eps": 1.58
        },
        "2018": {
            "cash": 0,
            "stock": 0,
            "eps": 1.3
        },
        "2019": {
            "cash": 0,
            "stock": 0,
            "eps": 3.16
        },
        "2020": {
            "cash": 1,
            "stock": 0,
            "eps": 2.01
        },
        "2021": {
            "cash": 1,
            "stock": 0,
            "eps": 2.49
        },
        "2022": {
            "cash": 2,
            "stock": 0,
            "eps": 4.27
        },
        "2023": {
            "cash": 1,
            "stock": 1,
            "eps": 0.84
        }
    },
    "dividends": {
        "1999-06-30": {
            "cash": 0,
            "stock": 1.5
        },
        "2000-06-28": {
            "cash": 0,
            "stock": 2
        },
        "2001-06-27": {
            "cash": 1.5,
            "stock": 1.5
        },
        "2002-06-27": {
            "cash": 2,
            "stock": 0
        },
        "2003-04-07": {
            "cash": 1,
            "stock": 0
        },
        "2004-04-07": {
            "cash": 1,
            "stock": 0
        },
        "2005-04-08": {
            "cash": 0,
            "stock": 1
        },
        "2006-03-15": {
            "cash": 0.3,
            "stock": 0.5
        },
        "2018-08-30": {
            "cash": 0.2,
            "stock": 0
        },
        "2019-08-30": {
            "cash": 0.4,
            "stock": 0
        },
        "2020-08-31": {
            "cash": 1,
            "stock": 0
        },
        "2021-09-10": {
            "cash": 1.2,
            "stock": 0
        },
        "2022-08-30": {
            "cash": 1.6,
            "stock": 0
        },
        "2023-03-14": {
            "cash": 1.2,
            "stock": 1
        }
    },
    "prices": {
        "200101": "44.39",
        "200102": "37.96",
        "200103": "31.60",
        "200104": "30.00",
        "200105": "28.20",
        "200106": "22.88",
        "200107": "21.52",
        "200108": "22.75",
        "200109": "24.62",
        "200110": "18.57",
        "200111": "16.88",
        "200112": "19.33",
        "200201": "17.53",
        "200202": "17.72",
        "200203": "17.38",
        "200204": "19.76",
        "200205": "21.41",
        "200206": "20.88",
        "200207": "18.72",
        "200208": "17.80",
        "200209": "15.95",
        "200210": "15.05",
        "200211": "16.56",
        "200212": "17.51",
        "200301": "18.27",
        "200302": "18.31",
        "200303": "18.66",
        "200304": "17.54",
        "200305": "17.15",
        "200306": "16.01",
        "200307": "16.31",
        "200308": "16.85",
        "200309": "16.26",
        "200310": "15.97",
        "200311": "15.80",
        "200312": "15.77",
        "200401": "18.95",
        "200402": "24.05",
        "200403": "26.70",
        "200404": "25.19",
        "200405": "24.04",
        "200406": "23.11",
        "200407": "24.47",
        "200408": "24.32",
        "200409": "23.89",
        "200410": "22.75",
        "200411": "22.53",
        "200412": "24.33",
        "200501": "22.93",
        "200502": "22.75",
        "200503": "22.50",
        "200504": "21.54",
        "200505": "22.10",
        "200506": "21.68",
        "200507": "20.92",
        "200508": "19.68",
        "200509": "17.62",
        "200510": "16.91",
        "200511": "16.14",
        "200512": "16.77",
        "200601": "17.19",
        "200602": "16.08",
        "200603": "15.45",
        "200604": "14.71",
        "200605": "17.16",
        "200606": "17.83",
        "200607": "16.53",
        "200608": "15.78",
        "200609": "14.88",
        "200610": "15.18",
        "200611": "14.91",
        "200612": "21.94",
        "200701": "19.26",
        "200702": "21.39",
        "200703": "23.18",
        "200704": "22.02",
        "200705": "18.96",
        "200706": "19.88",
        "200707": "22.03",
        "200708": "20.38",
        "200709": "19.64",
        "200710": "20.28",
        "200711": "19.30",
        "200712": "19.22",
        "200801": "24.45",
        "200802": "35.85",
        "200803": "48.54",
        "200804": "49.54",
        "200805": "51.60",
        "200806": "40.91",
        "200807": "34.28",
        "200808": "29.56",
        "200809": "25.69",
        "200810": "22.34",
        "200811": "29.00",
        "200812": "28.03",
        "200901": "23.97",
        "200902": "22.47",
        "200903": "23.94",
        "200904": "26.81",
        "200905": "37.45",
        "200906": "38.88",
        "200907": "39.53",
        "200908": "32.20",
        "200909": "35.30",
        "200910": "37.60",
        "200911": "35.28",
        "200912": "33.88",
        "201001": "34.92",
        "201002": "29.37",
        "201003": "30.39",
        "201004": "32.34",
        "201005": "30.18",
        "201006": "30.85",
        "201007": "30.82",
        "201008": "32.04",
        "201009": "29.21",
        "201010": "30.12",
        "201011": "31.02",
        "201012": "31.02",
        "201101": "33.62",
        "201102": "30.15",
        "201103": "29.61",
        "201104": "31.04",
        "201105": "32.55",
        "201106": "29.57",
        "201107": "28.65",
        "201108": "22.67",
        "201109": "17.96",
        "201110": "17.45",
        "201111": "17.15",
        "201112": "14.82",
        "201201": "15.66",
        "201202": "19.91",
        "201203": "19.67",
        "201204": "16.46",
        "201205": "16.43",
        "201206": "15.48",
        "201207": "15.90",
        "201208": "18.57",
        "201209": "20.82",
        "201210": "21.47",
        "201211": "20.98",
        "201212": "22.31",
        "201301": "22.03",
        "201302": "22.63",
        "201303": "22.46",
        "201304": "21.42",
        "201305": "21.43",
        "201306": "20.86",
        "201307": "20.48",
        "201308": "20.77",
        "201309": "20.91",
        "201310": "22.38",
        "201311": "22.06",
        "201312": "24.13",
        "201401": "27.06",
        "201402": "27.79",
        "201403": "26.93",
        "201404": "25.09",
        "201405": "23.99",
        "201406": "21.16",
        "201407": "21.65",
        "201408": "22.10",
        "201409": "21.59",
        "201410": "20.26",
        "201411": "20.83",
        "201412": "20.53",
        "201501": "20.84",
        "201502": "20.25",
        "201503": "19.71",
        "201504": "18.52",
        "201505": "17.30",
        "201506": "15.41",
        "201507": "15.28",
        "201508": "14.85",
        "201509": "15.83",
        "201510": "15.78",
        "201511": "15.43",
        "201512": "14.77",
        "201601": "14.55",
        "201602": "14.80",
        "201603": "15.22",
        "201604": "14.94",
        "201605": "13.93",
        "201606": "13.60",
        "201607": "13.60",
        "201608": "13.59",
        "201609": "13.72",
        "201610": "13.88",
        "201611": "13.98",
        "201612": "14.38",
        "201701": "14.62",
        "201702": "15.36",
        "201703": "15.27",
        "201704": "14.35",
        "201705": "14.27",
        "201706": "14.21",
        "201707": "13.62",
        "201708": "13.81",
        "201709": "13.98",
        "201710": "14.14",
        "201711": "15.41",
        "201712": "17.22",
        "201801": "17.88",
        "201802": "17.39",
        "201803": "19.24",
        "201804": "18.92",
        "201805": "17.78",
        "201806": "17.34",
        "201807": "16.79",
        "201808": "16.59",
        "201809": "16.56",
        "201810": "18.53",
        "201811": "19.14",
        "201812": "18.55",
        "201901": "18.09",
        "201902": "18.60",
        "201903": "18.56",
        "201904": "17.72",
        "201905": "19.05",
        "201906": "20.49",
        "201907": "20.37",
        "201908": "22.87",
        "201909": "21.28",
        "201910": "21.18",
        "201911": "23.09",
        "201912": "26.81",
        "202001": "25.73",
        "202002": "22.58",
        "202003": "19.69",
        "202004": "20.98",
        "202005": "22.14",
        "202006": "24.69",
        "202007": "25.97",
        "202008": "25.95",
        "202009": "27.76",
        "202010": "28.59",
        "202011": "30.03",
        "202012": "29.55",
        "202101": "27.43",
        "202102": "27.54",
        "202103": "28.41",
        "202104": "30.82",
        "202105": "30.99",
        "202106": "36.02",
        "202107": "36.05",
        "202108": "38.96",
        "202109": "38.83",
        "202110": "45.54",
        "202111": "53.43",
        "202112": "65.58",
        "202201": "67.97",
        "202202": "63.91",
        "202203": "61.22",
        "202204": "53.96",
        "202205": "51.58",
        "202206": "48.96",
        "202207": "48.50",
        "202208": "51.68",
        "202209": "54.45",
        "202210": "56.22",
        "202211": "54.21",
        "202212": "51.61",
        "202301": "52.48",
        "202302": "55.00",
        "202303": "64.08",
        "202304": "71.23",
        "202305": "68.87"
    },
    "quarters": {
        "20011": {
            "year_quarter": 20011,
            "year": 2001,
            "quarter": 1,
            "eps": 0.59,
            "eps_growth_year": -26.25,
            "eps_4q": 3.34,
            "eps_4q_growth_year": 12.19,
            "roe": 3.92,
            "roe_4q": 3.92,
            "gross_profit": 89514,
            "gross_margin": 54.69,
            "gross_margin_4q_avg": 54.69,
            "net_income": 48642,
            "revenue": 163680,
            "common_shares": 828000,
            "book_valuer_per_share": 15.29,
            "book_valuer_per_share_4q_avg": 15.29,
            "equity": 1266420,
            "current_ratio": 130.34,
            "debt_ratio": 33.82,
            "inventory_turnover_ratio": null,
            "account_receivable_turnover_ratio": null,
            "reinvestment_rate": null,
            "research_to_sale_ratio": null,
            "price_fair": 0,
            "eps_avg_yearly": 0,
            "eps_latest_yearly": 0,
            "eps_growth_yearly": 0
        },
        "20012": {
            "year_quarter": 20012,
            "year": 2001,
            "quarter": 2,
            "eps": 0.35,
            "eps_growth_year": -63.16,
            "eps_4q": 2.4,
            "eps_4q_growth_year": -17.69,
            "roe": 2.77,
            "roe_4q": 6.6899999999999995,
            "gross_profit": 83136,
            "gross_margin": 53.03,
            "gross_margin_4q_avg": 53.86,
            "net_income": 33637,
            "revenue": 156786,
            "common_shares": 828000,
            "book_valuer_per_share": 14.08,
            "book_valuer_per_share_4q_avg": 14.69,
            "equity": 1165507,
            "current_ratio": 86.84,
            "debt_ratio": 41.05,
            "inventory_turnover_ratio": null,
            "account_receivable_turnover_ratio": null,
            "reinvestment_rate": null,
            "research_to_sale_ratio": null,
            "price_fair": 0,
            "eps_avg_yearly": 0,
            "eps_latest_yearly": 0,
            "eps_growth_yearly": 0
        },
        "20013": {
            "year_quarter": 20013,
            "year": 2001,
            "quarter": 3,
            "eps": 0.86,
            "eps_growth_year": -22.52,
            "eps_4q": 2.32,
            "eps_4q_growth_year": -33.16,
            "roe": 6.76,
            "roe_4q": 13.45,
            "gross_profit": 72592,
            "gross_margin": 49.76,
            "gross_margin_4q_avg": 52.49,
            "net_income": 81599,
            "revenue": 145873,
            "common_shares": 952200,
            "book_valuer_per_share": 13.1,
            "book_valuer_per_share_4q_avg": 14.16,
            "equity": 1247107,
            "current_ratio": 171.45,
            "debt_ratio": 33.5,
            "inventory_turnover_ratio": null,
            "account_receivable_turnover_ratio": null,
            "reinvestment_rate": null,
            "research_to_sale_ratio": null,
            "price_fair": 0,
            "eps_avg_yearly": 0,
            "eps_latest_yearly": 0,
            "eps_growth_yearly": 0
        },
        "20014": {
            "year_quarter": 20014,
            "year": 2001,
            "quarter": 4,
            "eps": 0.54,
            "eps_growth_year": -20.59,
            "eps_4q": 2.25,
            "eps_4q_growth_year": -34.02,
            "roe": 4.07,
            "roe_4q": 17.52,
            "gross_profit": 97640,
            "gross_margin": 57.51,
            "gross_margin_4q_avg": 53.75,
            "net_income": 51841,
            "revenue": 169787,
            "common_shares": 952200,
            "book_valuer_per_share": 13.64,
            "book_valuer_per_share_4q_avg": 14.03,
            "equity": 1298948,
            "current_ratio": 165.44,
            "debt_ratio": 33.95,
            "inventory_turnover_ratio": null,
            "account_receivable_turnover_ratio": null,
            "reinvestment_rate": null,
            "research_to_sale_ratio": null,
            "price_fair": 0,
            "eps_avg_yearly": 0,
            "eps_latest_yearly": 0,
            "eps_growth_yearly": 0
        },
        "20021": {
            "year_quarter": 20021,
            "year": 2002,
            "quarter": 1,
            "eps": 0.35,
            "eps_growth_year": -40.68,
            "eps_4q": 2.12,
            "eps_4q_growth_year": -36.52,
            "roe": 2.51,
            "roe_4q": 16.11,
            "gross_profit": 80508,
            "gross_margin": 53.4,
            "gross_margin_4q_avg": 53.43,
            "net_income": 33043,
            "revenue": 150759,
            "common_shares": 952200,
            "book_valuer_per_share": 13.99,
            "book_valuer_per_share_4q_avg": 13.7,
            "equity": 1331991,
            "current_ratio": 173.97,
            "debt_ratio": 32.71,
            "inventory_turnover_ratio": null,
            "account_receivable_turnover_ratio": null,
            "reinvestment_rate": null,
            "research_to_sale_ratio": null,
            "price_fair": 4.2,
            "eps_avg_yearly": 1.4,
            "eps_latest_yearly": 1.4,
            "eps_growth_yearly": -140.74
        },
        "20022": {
            "year_quarter": 20022,
            "year": 2002,
            "quarter": 2,
            "eps": 0.44,
            "eps_growth_year": 25.71,
            "eps_4q": 2.18,
            "eps_4q_growth_year": -8.92,
            "roe": 3.35,
            "roe_4q": 16.689999999999998,
            "gross_profit": 90925,
            "gross_margin": 54.59,
            "gross_margin_4q_avg": 53.82,
            "net_income": 42062,
            "revenue": 166562,
            "common_shares": 952200,
            "book_valuer_per_share": 12.36,
            "book_valuer_per_share_4q_avg": 13.27,
            "equity": 1176705,
            "current_ratio": 100.71,
            "debt_ratio": 45.34,
            "inventory_turnover_ratio": null,
            "account_receivable_turnover_ratio": null,
            "reinvestment_rate": null,
            "research_to_sale_ratio": null,
            "price_fair": 4.74,
            "eps_avg_yearly": 1.58,
            "eps_latest_yearly": 1.76,
            "eps_growth_yearly": -18.94
        },
        "20023": {
            "year_quarter": 20023,
            "year": 2002,
            "quarter": 3,
            "eps": 0.64,
            "eps_growth_year": -25.58,
            "eps_4q": 1.97,
            "eps_4q_growth_year": -15.16,
            "roe": 5.07,
            "roe_4q": 15,
            "gross_profit": 84282,
            "gross_margin": 53.02,
            "gross_margin_4q_avg": 54.63,
            "net_income": 61160,
            "revenue": 158957,
            "common_shares": 952200,
            "book_valuer_per_share": 13,
            "book_valuer_per_share_4q_avg": 13.25,
            "equity": 1237865,
            "current_ratio": 55.44,
            "debt_ratio": 43.76,
            "inventory_turnover_ratio": null,
            "account_receivable_turnover_ratio": null,
            "reinvestment_rate": null,
            "research_to_sale_ratio": null,
            "price_fair": 66.73,
            "eps_avg_yearly": 1.91,
            "eps_latest_yearly": 2.56,
            "eps_growth_yearly": 47.98
        },
        "20024": {
            "year_quarter": 20024,
            "year": 2002,
            "quarter": 4,
            "eps": 0.78,
            "eps_growth_year": 44.44,
            "eps_4q": 2.21,
            "eps_4q_growth_year": -1.79,
            "roe": 5.84,
            "roe_4q": 16.77,
            "gross_profit": 94377,
            "gross_margin": 54.28,
            "gross_margin_4q_avg": 53.82,
            "net_income": 74490,
            "revenue": 173875,
            "common_shares": 952200,
            "book_valuer_per_share": 13.78,
            "book_valuer_per_share_4q_avg": 13.28,
            "equity": 1312355,
            "current_ratio": 72.62,
            "debt_ratio": 42.33,
            "inventory_turnover_ratio": null,
            "account_receivable_turnover_ratio": null,
            "reinvestment_rate": 3.61,
            "research_to_sale_ratio": null,
            "price_fair": 77.35,
            "eps_avg_yearly": 2.21,
            "eps_latest_yearly": 3.12,
            "eps_growth_yearly": 57.86
        },
        "20031": {
            "year_quarter": 20031,
            "year": 2003,
            "quarter": 1,
            "eps": 0.45,
            "eps_growth_year": 28.57,
            "eps_4q": 2.32,
            "eps_4q_growth_year": 9.43,
            "roe": 3.21,
            "roe_4q": 17.470000000000002,
            "gross_profit": 74865,
            "gross_margin": 52.25,
            "gross_margin_4q_avg": 53.54,
            "net_income": 42775,
            "revenue": 143277,
            "common_shares": 952200,
            "book_valuer_per_share": 14.23,
            "book_valuer_per_share_4q_avg": 13.34,
            "equity": 1355130,
            "current_ratio": 117.96,
            "debt_ratio": 33.81,
            "inventory_turnover_ratio": null,
            "account_receivable_turnover_ratio": null,
            "reinvestment_rate": 4.54,
            "research_to_sale_ratio": null,
            "price_fair": 47.75,
            "eps_avg_yearly": 2.13,
            "eps_latest_yearly": 1.8,
            "eps_growth_yearly": 12.44
        },
        "20032": {
            "year_quarter": 20032,
            "year": 2003,
            "quarter": 2,
            "eps": 0.18,
            "eps_growth_year": -59.09,
            "eps_4q": 2.07,
            "eps_4q_growth_year": -4.93,
            "roe": 1.29,
            "roe_4q": 15.41,
            "gross_profit": 76935,
            "gross_margin": 52.75,
            "gross_margin_4q_avg": 53.08,
            "net_income": 16957,
            "revenue": 145840,
            "common_shares": 952200,
            "book_valuer_per_share": 13.37,
            "book_valuer_per_share_4q_avg": 13.6,
            "equity": 1272899,
            "current_ratio": 76.37,
            "debt_ratio": 49.99,
            "inventory_turnover_ratio": null,
            "account_receivable_turnover_ratio": null,
            "reinvestment_rate": 5.7,
            "research_to_sale_ratio": null,
            "price_fair": 5.68,
            "eps_avg_yearly": 1.89,
            "eps_latest_yearly": 0.72,
            "eps_growth_yearly": -29.63
        },
        "20033": {
            "year_quarter": 20033,
            "year": 2003,
            "quarter": 3,
            "eps": 0.3,
            "eps_growth_year": -53.12,
            "eps_4q": 1.7,
            "eps_4q_growth_year": -13.43,
            "roe": 2.23,
            "roe_4q": 12.57,
            "gross_profit": 78691,
            "gross_margin": 53.23,
            "gross_margin_4q_avg": 53.13,
            "net_income": 28680,
            "revenue": 147844,
            "common_shares": 952200,
            "book_valuer_per_share": 13.67,
            "book_valuer_per_share_4q_avg": 13.76,
            "equity": 1301580,
            "current_ratio": 80.22,
            "debt_ratio": 47.56,
            "inventory_turnover_ratio": null,
            "account_receivable_turnover_ratio": null,
            "reinvestment_rate": 7.14,
            "research_to_sale_ratio": null,
            "price_fair": 40.72,
            "eps_avg_yearly": 1.79,
            "eps_latest_yearly": 1.2,
            "eps_growth_yearly": 12.7
        },
        "20034": {
            "year_quarter": 20034,
            "year": 2003,
            "quarter": 4,
            "eps": 0.39,
            "eps_growth_year": -50,
            "eps_4q": 1.32,
            "eps_4q_growth_year": -39.97,
            "roe": 2.8,
            "roe_4q": 9.53,
            "gross_profit": 97004,
            "gross_margin": 56.08,
            "gross_margin_4q_avg": 53.58,
            "net_income": 36889,
            "revenue": 172974,
            "common_shares": 952200,
            "book_valuer_per_share": 14.04,
            "book_valuer_per_share_4q_avg": 13.83,
            "equity": 1336528,
            "current_ratio": 132.94,
            "debt_ratio": 48.31,
            "inventory_turnover_ratio": null,
            "account_receivable_turnover_ratio": null,
            "reinvestment_rate": 8.06,
            "research_to_sale_ratio": null,
            "price_fair": 61.78,
            "eps_avg_yearly": 1.77,
            "eps_latest_yearly": 1.56,
            "eps_growth_yearly": 26.11
        },
        "20041": {
            "year_quarter": 20041,
            "year": 2004,
            "quarter": 1,
            "eps": 1.13,
            "eps_growth_year": 151.11,
            "eps_4q": 2,
            "eps_4q_growth_year": -13.87,
            "roe": 7.73,
            "roe_4q": 14.05,
            "gross_profit": 75423,
            "gross_margin": 52.6,
            "gross_margin_4q_avg": 53.67,
            "net_income": 107443,
            "revenue": 143388,
            "common_shares": 952200,
            "book_valuer_per_share": 15.16,
            "book_valuer_per_share_4q_avg": 14.06,
            "equity": 1443971,
            "current_ratio": 108.38,
            "debt_ratio": 42.27,
            "inventory_turnover_ratio": null,
            "account_receivable_turnover_ratio": null,
            "reinvestment_rate": 9.2,
            "research_to_sale_ratio": null,
            "price_fair": 72.49,
            "eps_avg_yearly": 2.07,
            "eps_latest_yearly": 4.52,
            "eps_growth_yearly": 107.54
        },
        "20042": {
            "year_quarter": 20042,
            "year": 2004,
            "quarter": 2,
            "eps": 0.13,
            "eps_growth_year": -27.78,
            "eps_4q": 1.93,
            "eps_4q_growth_year": -6.82,
            "roe": 0.89,
            "roe_4q": 13.650000000000002,
            "gross_profit": 79749,
            "gross_margin": 53.05,
            "gross_margin_4q_avg": 53.74,
            "net_income": 12477,
            "revenue": 150340,
            "common_shares": 952200,
            "book_valuer_per_share": 14.35,
            "book_valuer_per_share_4q_avg": 14.31,
            "equity": 1366159,
            "current_ratio": 54.89,
            "debt_ratio": 45.04,
            "inventory_turnover_ratio": null,
            "account_receivable_turnover_ratio": null,
            "reinvestment_rate": -20.57,
            "research_to_sale_ratio": null,
            "price_fair": 67.06,
            "eps_avg_yearly": 1.92,
            "eps_latest_yearly": 0.52,
            "eps_growth_yearly": 61.39
        },
        "20043": {
            "year_quarter": 20043,
            "year": 2004,
            "quarter": 3,
            "eps": 0.34,
            "eps_growth_year": 13.33,
            "eps_4q": 2,
            "eps_4q_growth_year": 17.15,
            "roe": 2.33,
            "roe_4q": 13.75,
            "gross_profit": 75347,
            "gross_margin": 51.41,
            "gross_margin_4q_avg": 53.29,
            "net_income": 32189,
            "revenue": 146553,
            "common_shares": 952200,
            "book_valuer_per_share": 14.69,
            "book_valuer_per_share_4q_avg": 14.56,
            "equity": 1398348,
            "current_ratio": 60.77,
            "debt_ratio": 43.44,
            "inventory_turnover_ratio": null,
            "account_receivable_turnover_ratio": null,
            "reinvestment_rate": -32.29,
            "research_to_sale_ratio": null,
            "price_fair": 65.29,
            "eps_avg_yearly": 1.87,
            "eps_latest_yearly": 1.36,
            "eps_growth_yearly": 114.55
        },
        "20044": {
            "year_quarter": 20044,
            "year": 2004,
            "quarter": 4,
            "eps": 0.27,
            "eps_growth_year": -30.77,
            "eps_4q": 1.84,
            "eps_4q_growth_year": 39.24,
            "roe": 1.63,
            "roe_4q": 12.58,
            "gross_profit": 88977,
            "gross_margin": 54.05,
            "gross_margin_4q_avg": 52.78,
            "net_income": 26083,
            "revenue": 164620,
            "common_shares": 952200,
            "book_valuer_per_share": 14.91,
            "book_valuer_per_share_4q_avg": 14.78,
            "equity": 1798376,
            "current_ratio": 71.42,
            "debt_ratio": 38.62,
            "inventory_turnover_ratio": null,
            "account_receivable_turnover_ratio": null,
            "reinvestment_rate": 86.38,
            "research_to_sale_ratio": null,
            "price_fair": 63,
            "eps_avg_yearly": 1.8,
            "eps_latest_yearly": 1.08,
            "eps_growth_yearly": 98.14
        },
        "20051": {
            "year_quarter": 20051,
            "year": 2005,
            "quarter": 1,
            "eps": 0.2,
            "eps_growth_year": -82.3,
            "eps_4q": 0.96,
            "eps_4q_growth_year": -51.85,
            "roe": 1.15,
            "roe_4q": 5.999999999999999,
            "gross_profit": 66635,
            "gross_margin": 50.14,
            "gross_margin_4q_avg": 52.16,
            "net_income": 18568,
            "revenue": 132908,
            "common_shares": 952200,
            "book_valuer_per_share": 15.11,
            "book_valuer_per_share_4q_avg": 14.77,
            "equity": 1438470,
            "current_ratio": 80.51,
            "debt_ratio": 39.28,
            "inventory_turnover_ratio": null,
            "account_receivable_turnover_ratio": null,
            "reinvestment_rate": -31.44,
            "research_to_sale_ratio": null,
            "price_fair": 60.31,
            "eps_avg_yearly": 1.72,
            "eps_latest_yearly": 0.8,
            "eps_growth_yearly": 82.61
        },
        "20052": {
            "year_quarter": 20052,
            "year": 2005,
            "quarter": 2,
            "eps": 0.6,
            "eps_growth_year": 361.54,
            "eps_4q": 1.41,
            "eps_4q_growth_year": -26.87,
            "roe": 3.87,
            "roe_4q": 8.98,
            "gross_profit": 76137,
            "gross_margin": 52.81,
            "gross_margin_4q_avg": 52.1,
            "net_income": 56680,
            "revenue": 144183,
            "common_shares": 952200,
            "book_valuer_per_share": 15.66,
            "book_valuer_per_share_4q_avg": 15.09,
            "equity": 1491182,
            "current_ratio": 81.09,
            "debt_ratio": 36.64,
            "inventory_turnover_ratio": null,
            "account_receivable_turnover_ratio": null,
            "reinvestment_rate": -28.69,
            "research_to_sale_ratio": null,
            "price_fair": 62,
            "eps_avg_yearly": 1.77,
            "eps_latest_yearly": 2.4,
            "eps_growth_yearly": 133.85
        },
        "20053": {
            "year_quarter": 20053,
            "year": 2005,
            "quarter": 3,
            "eps": 0.36,
            "eps_growth_year": 5.88,
            "eps_4q": 1.32,
            "eps_4q_growth_year": -33.93,
            "roe": 2.47,
            "roe_4q": 9.120000000000001,
            "gross_profit": 62212,
            "gross_margin": 47.12,
            "gross_margin_4q_avg": 51.03,
            "net_income": 38044,
            "revenue": 132031,
            "common_shares": 1047420,
            "book_valuer_per_share": 15.21,
            "book_valuer_per_share_4q_avg": 15.22,
            "equity": 1593610,
            "current_ratio": 53.13,
            "debt_ratio": 37.29,
            "inventory_turnover_ratio": null,
            "account_receivable_turnover_ratio": null,
            "reinvestment_rate": -28.37,
            "research_to_sale_ratio": null,
            "price_fair": 61.23,
            "eps_avg_yearly": 1.75,
            "eps_latest_yearly": 1.44,
            "eps_growth_yearly": 114.26
        },
        "20054": {
            "year_quarter": 20054,
            "year": 2005,
            "quarter": 4,
            "eps": 0.12,
            "eps_growth_year": -55.56,
            "eps_4q": 1.18,
            "eps_4q_growth_year": -35.9,
            "roe": 0.67,
            "roe_4q": 8.16,
            "gross_profit": 66080,
            "gross_margin": 47.36,
            "gross_margin_4q_avg": 49.36,
            "net_income": 12798,
            "revenue": 139537,
            "common_shares": 1047420,
            "book_valuer_per_share": 15.13,
            "book_valuer_per_share_4q_avg": 15.28,
            "equity": 2229635,
            "current_ratio": 22.74,
            "debt_ratio": 68.47,
            "inventory_turnover_ratio": null,
            "account_receivable_turnover_ratio": null,
            "reinvestment_rate": 743.89,
            "research_to_sale_ratio": null,
            "price_fair": 58.45,
            "eps_avg_yearly": 1.67,
            "eps_latest_yearly": 0.48,
            "eps_growth_yearly": 90.46
        },
        "20061": {
            "year_quarter": 20061,
            "year": 2006,
            "quarter": 1,
            "eps": -0.49,
            "eps_growth_year": -345,
            "eps_4q": 0.54,
            "eps_4q_growth_year": -43.53,
            "roe": -2.57,
            "roe_4q": 4.44,
            "gross_profit": 19620,
            "gross_margin": 26.96,
            "gross_margin_4q_avg": 43.56,
            "net_income": -50990,
            "revenue": 72788,
            "common_shares": 1047420,
            "book_valuer_per_share": 16.61,
            "book_valuer_per_share_4q_avg": 15.65,
            "equity": 1739530,
            "current_ratio": 156.9,
            "debt_ratio": 36.11,
            "inventory_turnover_ratio": null,
            "account_receivable_turnover_ratio": null,
            "reinvestment_rate": -154.78,
            "research_to_sale_ratio": null,
            "price_fair": 59.08,
            "eps_avg_yearly": 1.69,
            "eps_latest_yearly": 0.48,
            "eps_growth_yearly": 105.87
        },
        "20062": {
            "year_quarter": 20062,
            "year": 2006,
            "quarter": 2,
            "eps": 0.51,
            "eps_growth_year": -15,
            "eps_4q": 0.51,
            "eps_4q_growth_year": -64.02,
            "roe": 2.88,
            "roe_4q": 3.45,
            "gross_profit": 42954,
            "gross_margin": 30,
            "gross_margin_4q_avg": 37.86,
            "net_income": 53936,
            "revenue": 143161,
            "common_shares": 1047420,
            "book_valuer_per_share": 19.21,
            "book_valuer_per_share_4q_avg": 16.54,
            "equity": 2011807,
            "current_ratio": 345.59,
            "debt_ratio": 11.11,
            "inventory_turnover_ratio": null,
            "account_receivable_turnover_ratio": null,
            "reinvestment_rate": -231.29,
            "research_to_sale_ratio": null,
            "price_fair": 58.9,
            "eps_avg_yearly": 1.68,
            "eps_latest_yearly": 0.48,
            "eps_growth_yearly": 106.08
        },
        "20063": {
            "year_quarter": 20063,
            "year": 2006,
            "quarter": 3,
            "eps": -0.28,
            "eps_growth_year": -177.78,
            "eps_4q": -0.14,
            "eps_4q_growth_year": -110.43,
            "roe": -3.01,
            "roe_4q": -2.03,
            "gross_profit": 73161,
            "gross_margin": 32.6,
            "gross_margin_4q_avg": 34.23,
            "net_income": -67292,
            "revenue": 224433,
            "common_shares": 1099791,
            "book_valuer_per_share": 17.47,
            "book_valuer_per_share_4q_avg": 17.11,
            "equity": 2459834,
            "current_ratio": 55.53,
            "debt_ratio": 68.09,
            "inventory_turnover_ratio": null,
            "account_receivable_turnover_ratio": null,
            "reinvestment_rate": 1039.63,
            "research_to_sale_ratio": null,
            "price_fair": 56.54,
            "eps_avg_yearly": 1.62,
            "eps_latest_yearly": 0.48,
            "eps_growth_yearly": 100.26
        },
        "20064": {
            "year_quarter": 20064,
            "year": 2006,
            "quarter": 4,
            "eps": 0.37,
            "eps_growth_year": 208.33,
            "eps_4q": 1.43,
            "eps_4q_growth_year": 20.72,
            "roe": -0.14,
            "roe_4q": -2.84,
            "gross_profit": -97935,
            "gross_margin": -163.91,
            "gross_margin_4q_avg": -18.59,
            "net_income": -3368,
            "revenue": 59750,
            "common_shares": 1099791,
            "book_valuer_per_share": 18.43,
            "book_valuer_per_share_4q_avg": 17.93,
            "equity": 2521061,
            "current_ratio": 100.31,
            "debt_ratio": 69.81,
            "inventory_turnover_ratio": null,
            "account_receivable_turnover_ratio": null,
            "reinvestment_rate": 1249.91,
            "research_to_sale_ratio": null,
            "price_fair": 52.15,
            "eps_avg_yearly": 1.49,
            "eps_latest_yearly": 0.48,
            "eps_growth_yearly": 101.32
        },
        "20071": {
            "year_quarter": 20071,
            "year": 2007,
            "quarter": 1,
            "eps": -0.6,
            "eps_growth_year": null,
            "eps_4q": -0.01,
            "eps_4q_growth_year": -101.7,
            "roe": -4.19,
            "roe_4q": -4.46,
            "gross_profit": 41850,
            "gross_margin": 21.82,
            "gross_margin_4q_avg": -19.87,
            "net_income": -103436,
            "revenue": 191831,
            "common_shares": 1099791,
            "book_valuer_per_share": 17.79,
            "book_valuer_per_share_4q_avg": 18.23,
            "equity": 2412816,
            "current_ratio": 87.11,
            "debt_ratio": 69.18,
            "inventory_turnover_ratio": null,
            "account_receivable_turnover_ratio": null,
            "reinvestment_rate": 2076.6,
            "research_to_sale_ratio": null,
            "price_fair": 51.16,
            "eps_avg_yearly": 1.46,
            "eps_latest_yearly": 0.48,
            "eps_growth_yearly": 125.92
        },
        "20072": {
            "year_quarter": 20072,
            "year": 2007,
            "quarter": 2,
            "eps": -0.62,
            "eps_growth_year": -221.57,
            "eps_4q": -0.89,
            "eps_4q_growth_year": -275.94,
            "roe": -3.77,
            "roe_4q": -11.110000000000001,
            "gross_profit": 69489,
            "gross_margin": 30.41,
            "gross_margin_4q_avg": -19.77,
            "net_income": -102126,
            "revenue": 228480,
            "common_shares": 1499791,
            "book_valuer_per_share": 16.89,
            "book_valuer_per_share_4q_avg": 17.65,
            "equity": 3005951,
            "current_ratio": 134.5,
            "debt_ratio": 61.71,
            "inventory_turnover_ratio": null,
            "account_receivable_turnover_ratio": null,
            "reinvestment_rate": 4600.95,
            "research_to_sale_ratio": null,
            "price_fair": 53.76,
            "eps_avg_yearly": 1.54,
            "eps_latest_yearly": 0.48,
            "eps_growth_yearly": 162.51
        },
        "20073": {
            "year_quarter": 20073,
            "year": 2007,
            "quarter": 3,
            "eps": -0.23,
            "eps_growth_year": null,
            "eps_4q": -0.9,
            "eps_4q_growth_year": null,
            "roe": -1.72,
            "roe_4q": -9.82,
            "gross_profit": 79704,
            "gross_margin": 32.76,
            "gross_margin_4q_avg": -19.73,
            "net_income": -51316,
            "revenue": 243291,
            "common_shares": 1499791,
            "book_valuer_per_share": 16.77,
            "book_valuer_per_share_4q_avg": 17.47,
            "equity": 2968244,
            "current_ratio": 106.3,
            "debt_ratio": 61.3,
            "inventory_turnover_ratio": null,
            "account_receivable_turnover_ratio": null,
            "reinvestment_rate": 27439.41,
            "research_to_sale_ratio": null,
            "price_fair": 55.07,
            "eps_avg_yearly": 1.57,
            "eps_latest_yearly": 0.48,
            "eps_growth_yearly": 150.94
        },
        "20074": {
            "year_quarter": 20074,
            "year": 2007,
            "quarter": 4,
            "eps": -0.53,
            "eps_growth_year": -243.24,
            "eps_4q": -1.28,
            "eps_4q_growth_year": -189.87,
            "roe": -3.07,
            "roe_4q": -12.75,
            "gross_profit": 113028,
            "gross_margin": 40.89,
            "gross_margin_4q_avg": 31.47,
            "net_income": -92738,
            "revenue": 276452,
            "common_shares": 1499791,
            "book_valuer_per_share": 17.59,
            "book_valuer_per_share_4q_avg": 17.26,
            "equity": 3072747,
            "current_ratio": 109.05,
            "debt_ratio": 60.29,
            "inventory_turnover_ratio": null,
            "account_receivable_turnover_ratio": null,
            "reinvestment_rate": null,
            "research_to_sale_ratio": null,
            "price_fair": 55.13,
            "eps_avg_yearly": 1.58,
            "eps_latest_yearly": 0.48,
            "eps_growth_yearly": 154.8
        },
        "20081": {
            "year_quarter": 20081,
            "year": 2008,
            "quarter": 1,
            "eps": 1.88,
            "eps_growth_year": null,
            "eps_4q": 0.7,
            "eps_4q_growth_year": null,
            "roe": 8.42,
            "roe_4q": -0.14000000000000012,
            "gross_profit": 81811,
            "gross_margin": 34.24,
            "gross_margin_4q_avg": 34.58,
            "net_income": 267503,
            "revenue": 238966,
            "common_shares": 1499791,
            "book_valuer_per_share": 19.09,
            "book_valuer_per_share_4q_avg": 17.59,
            "equity": 3282244,
            "current_ratio": 131.82,
            "debt_ratio": 58.62,
            "inventory_turnover_ratio": null,
            "account_receivable_turnover_ratio": null,
            "reinvestment_rate": 9438.09,
            "research_to_sale_ratio": null,
            "price_fair": 40.4,
            "eps_avg_yearly": 1.15,
            "eps_latest_yearly": 0.48,
            "eps_growth_yearly": 68.49
        },
        "20082": {
            "year_quarter": 20082,
            "year": 2008,
            "quarter": 2,
            "eps": 0.32,
            "eps_growth_year": null,
            "eps_4q": 2.25,
            "eps_4q_growth_year": null,
            "roe": 1.01,
            "roe_4q": 4.64,
            "gross_profit": 93451,
            "gross_margin": 37.27,
            "gross_margin_4q_avg": 36.29,
            "net_income": 32101,
            "revenue": 250755,
            "common_shares": 1499791,
            "book_valuer_per_share": 17.81,
            "book_valuer_per_share_4q_avg": 17.82,
            "equity": 3102700,
            "current_ratio": 105.45,
            "debt_ratio": 59.33,
            "inventory_turnover_ratio": null,
            "account_receivable_turnover_ratio": null,
            "reinvestment_rate": 6691.29,
            "research_to_sale_ratio": null,
            "price_fair": 44.2,
            "eps_avg_yearly": 1.26,
            "eps_latest_yearly": 1.28,
            "eps_growth_yearly": 71.65
        },
        "20083": {
            "year_quarter": 20083,
            "year": 2008,
            "quarter": 3,
            "eps": -0.24,
            "eps_growth_year": null,
            "eps_4q": 1.47,
            "eps_4q_growth_year": null,
            "roe": -1.78,
            "roe_4q": 4.58,
            "gross_profit": 85192,
            "gross_margin": 34.86,
            "gross_margin_4q_avg": 36.82,
            "net_income": -51570,
            "revenue": 244363,
            "common_shares": 1499791,
            "book_valuer_per_share": 15.14,
            "book_valuer_per_share_4q_avg": 17.41,
            "equity": 2687228,
            "current_ratio": 53.55,
            "debt_ratio": 63.14,
            "inventory_turnover_ratio": null,
            "account_receivable_turnover_ratio": null,
            "reinvestment_rate": null,
            "research_to_sale_ratio": null,
            "price_fair": 3.74,
            "eps_avg_yearly": 1.25,
            "eps_latest_yearly": 1.28,
            "eps_growth_yearly": -24.11
        },
        "20084": {
            "year_quarter": 20084,
            "year": 2008,
            "quarter": 4,
            "eps": -0.5,
            "eps_growth_year": null,
            "eps_4q": 1.96,
            "eps_4q_growth_year": null,
            "roe": -3.15,
            "roe_4q": 4.5,
            "gross_profit": 79635,
            "gross_margin": 34.83,
            "gross_margin_4q_avg": 35.3,
            "net_income": -92108,
            "revenue": 228617,
            "common_shares": 1699791,
            "book_valuer_per_share": 15.46,
            "book_valuer_per_share_4q_avg": 16.88,
            "equity": 3153883,
            "current_ratio": 67.03,
            "debt_ratio": 57.8,
            "inventory_turnover_ratio": null,
            "account_receivable_turnover_ratio": 11.09,
            "reinvestment_rate": null,
            "research_to_sale_ratio": null,
            "price_fair": 3.84,
            "eps_avg_yearly": 1.28,
            "eps_latest_yearly": 1.28,
            "eps_growth_yearly": -12.46
        },
        "20091": {
            "year_quarter": 20091,
            "year": 2009,
            "quarter": 1,
            "eps": -0.3,
            "eps_growth_year": -115.96,
            "eps_4q": -0.68,
            "eps_4q_growth_year": -197.63,
            "roe": -1.98,
            "roe_4q": -5.9,
            "gross_profit": 46775,
            "gross_margin": 23.8,
            "gross_margin_4q_avg": 32.69,
            "net_income": -62017,
            "revenue": 196535,
            "common_shares": 1699791,
            "book_valuer_per_share": 15.28,
            "book_valuer_per_share_4q_avg": 15.92,
            "equity": 3110213,
            "current_ratio": 50.83,
            "debt_ratio": 57.25,
            "inventory_turnover_ratio": null,
            "account_receivable_turnover_ratio": 4.26,
            "reinvestment_rate": null,
            "research_to_sale_ratio": null,
            "price_fair": 28.5,
            "eps_avg_yearly": 1.4,
            "eps_latest_yearly": 1.28,
            "eps_growth_yearly": 10.35
        },
        "20092": {
            "year_quarter": 20092,
            "year": 2009,
            "quarter": 2,
            "eps": -0.22,
            "eps_growth_year": -168.75,
            "eps_4q": -1.18,
            "eps_4q_growth_year": -152.49,
            "roe": -1.37,
            "roe_4q": -8.28,
            "gross_profit": 79066,
            "gross_margin": 34.31,
            "gross_margin_4q_avg": 31.95,
            "net_income": -44274,
            "revenue": 230427,
            "common_shares": 1699791,
            "book_valuer_per_share": 16.75,
            "book_valuer_per_share_4q_avg": 15.66,
            "equity": 3353566,
            "current_ratio": 64.32,
            "debt_ratio": 54.26,
            "inventory_turnover_ratio": null,
            "account_receivable_turnover_ratio": 4.17,
            "reinvestment_rate": null,
            "research_to_sale_ratio": null,
            "price_fair": 3.2,
            "eps_avg_yearly": 1.07,
            "eps_latest_yearly": 1.28,
            "eps_growth_yearly": -252.86
        },
        "20093": {
            "year_quarter": 20093,
            "year": 2009,
            "quarter": 3,
            "eps": -0.18,
            "eps_growth_year": null,
            "eps_4q": -1.15,
            "eps_4q_growth_year": -178.4,
            "roe": -1.15,
            "roe_4q": -7.65,
            "gross_profit": 77616,
            "gross_margin": 32.27,
            "gross_margin_4q_avg": 31.3,
            "net_income": -38238,
            "revenue": 240510,
            "common_shares": 1699791,
            "book_valuer_per_share": 16.51,
            "book_valuer_per_share_4q_avg": 16,
            "equity": 3305367,
            "current_ratio": 66.93,
            "debt_ratio": 53.95,
            "inventory_turnover_ratio": null,
            "account_receivable_turnover_ratio": 4.06,
            "reinvestment_rate": null,
            "research_to_sale_ratio": null,
            "price_fair": 2.64,
            "eps_avg_yearly": 0.88,
            "eps_latest_yearly": 1.28,
            "eps_growth_yearly": -299.29
        },
        "20094": {
            "year_quarter": 20094,
            "year": 2009,
            "quarter": 4,
            "eps": -0.11,
            "eps_growth_year": null,
            "eps_4q": -0.81,
            "eps_4q_growth_year": -141.12,
            "roe": -0.66,
            "roe_4q": -5.16,
            "gross_profit": 99226,
            "gross_margin": 38.23,
            "gross_margin_4q_avg": 32.15,
            "net_income": -21618,
            "revenue": 259526,
            "common_shares": 1699791,
            "book_valuer_per_share": 16.17,
            "book_valuer_per_share_4q_avg": 16.18,
            "equity": 3245568,
            "current_ratio": 61.36,
            "debt_ratio": 53.68,
            "inventory_turnover_ratio": null,
            "account_receivable_turnover_ratio": 7.89,
            "reinvestment_rate": null,
            "research_to_sale_ratio": null,
            "price_fair": 3.84,
            "eps_avg_yearly": 1.28,
            "eps_latest_yearly": 1.28,
            "eps_growth_yearly": -331.91
        },
        "20101": {
            "year_quarter": 20101,
            "year": 2010,
            "quarter": 1,
            "eps": -0.12,
            "eps_growth_year": null,
            "eps_4q": -0.62,
            "eps_4q_growth_year": null,
            "roe": -0.61,
            "roe_4q": -3.79,
            "gross_profit": 96450,
            "gross_margin": 37.57,
            "gross_margin_4q_avg": 35.6,
            "net_income": -19745,
            "revenue": 256739,
            "common_shares": 1699791,
            "book_valuer_per_share": 15.96,
            "book_valuer_per_share_4q_avg": 16.35,
            "equity": 3208115,
            "current_ratio": 57.39,
            "debt_ratio": 54.06,
            "inventory_turnover_ratio": null,
            "account_receivable_turnover_ratio": 3.73,
            "reinvestment_rate": null,
            "research_to_sale_ratio": null,
            "price_fair": 3.84,
            "eps_avg_yearly": 1.28,
            "eps_latest_yearly": 1.28,
            "eps_growth_yearly": -331.91
        },
        "20102": {
            "year_quarter": 20102,
            "year": 2010,
            "quarter": 2,
            "eps": -0.06,
            "eps_growth_year": null,
            "eps_4q": -0.46,
            "eps_4q_growth_year": null,
            "roe": -0.28,
            "roe_4q": -2.7,
            "gross_profit": 117302,
            "gross_margin": 41.58,
            "gross_margin_4q_avg": 37.41,
            "net_income": -8817,
            "revenue": 282099,
            "common_shares": 1699791,
            "book_valuer_per_share": 15.79,
            "book_valuer_per_share_4q_avg": 16.11,
            "equity": 3180484,
            "current_ratio": 50.88,
            "debt_ratio": 53.72,
            "inventory_turnover_ratio": null,
            "account_receivable_turnover_ratio": 3.64,
            "reinvestment_rate": null,
            "research_to_sale_ratio": null,
            "price_fair": 3.84,
            "eps_avg_yearly": 1.28,
            "eps_latest_yearly": 1.28,
            "eps_growth_yearly": -331.91
        },
        "20103": {
            "year_quarter": 20103,
            "year": 2010,
            "quarter": 3,
            "eps": 0.13,
            "eps_growth_year": null,
            "eps_4q": -0.15,
            "eps_4q_growth_year": null,
            "roe": 0.7,
            "roe_4q": -0.8500000000000001,
            "gross_profit": 135145,
            "gross_margin": 44.63,
            "gross_margin_4q_avg": 40.5,
            "net_income": 22506,
            "revenue": 302830,
            "common_shares": 1699791,
            "book_valuer_per_share": 16.31,
            "book_valuer_per_share_4q_avg": 16.06,
            "equity": 3268286,
            "current_ratio": 54.35,
            "debt_ratio": 52.37,
            "inventory_turnover_ratio": null,
            "account_receivable_turnover_ratio": 3.52,
            "reinvestment_rate": null,
            "research_to_sale_ratio": null,
            "price_fair": 3.84,
            "eps_avg_yearly": 1.28,
            "eps_latest_yearly": 1.28,
            "eps_growth_yearly": -331.91
        },
        "20104": {
            "year_quarter": 20104,
            "year": 2010,
            "quarter": 4,
            "eps": -0.04,
            "eps_growth_year": null,
            "eps_4q": -0.08,
            "eps_4q_growth_year": null,
            "roe": -0.16,
            "roe_4q": -0.3500000000000001,
            "gross_profit": 124470,
            "gross_margin": 42.1,
            "gross_margin_4q_avg": 41.47,
            "net_income": -5338,
            "revenue": 295687,
            "common_shares": 1699791,
            "book_valuer_per_share": 16.34,
            "book_valuer_per_share_4q_avg": 16.1,
            "equity": 3276782,
            "current_ratio": 48.69,
            "debt_ratio": 51.68,
            "inventory_turnover_ratio": null,
            "account_receivable_turnover_ratio": 3.43,
            "reinvestment_rate": null,
            "research_to_sale_ratio": null,
            "price_fair": 3.84,
            "eps_avg_yearly": 1.28,
            "eps_latest_yearly": 1.28,
            "eps_growth_yearly": -331.91
        },
        "20111": {
            "year_quarter": 20111,
            "year": 2011,
            "quarter": 1,
            "eps": 0.02,
            "eps_growth_year": null,
            "eps_4q": 0.03,
            "eps_4q_growth_year": null,
            "roe": 0.07,
            "roe_4q": 0.32999999999999996,
            "gross_profit": 123496,
            "gross_margin": 42.93,
            "gross_margin_4q_avg": 42.81,
            "net_income": 2312,
            "revenue": 287645,
            "common_shares": 1699791,
            "book_valuer_per_share": 15.83,
            "book_valuer_per_share_4q_avg": 16.07,
            "equity": 3191664,
            "current_ratio": 43.04,
            "debt_ratio": 52.11,
            "inventory_turnover_ratio": null,
            "account_receivable_turnover_ratio": 3.43,
            "reinvestment_rate": null,
            "research_to_sale_ratio": null,
            "price_fair": 3.84,
            "eps_avg_yearly": 1.28,
            "eps_latest_yearly": 1.28,
            "eps_growth_yearly": -331.91
        },
        "20112": {
            "year_quarter": 20112,
            "year": 2011,
            "quarter": 2,
            "eps": -0.05,
            "eps_growth_year": null,
            "eps_4q": 0.03,
            "eps_4q_growth_year": null,
            "roe": -0.24,
            "roe_4q": 0.37,
            "gross_profit": 118568,
            "gross_margin": 41.58,
            "gross_margin_4q_avg": 42.81,
            "net_income": -7691,
            "revenue": 285132,
            "common_shares": 1699791,
            "book_valuer_per_share": 16.06,
            "book_valuer_per_share_4q_avg": 16.14,
            "equity": 3233222,
            "current_ratio": 119.26,
            "debt_ratio": 51.52,
            "inventory_turnover_ratio": null,
            "account_receivable_turnover_ratio": 3.41,
            "reinvestment_rate": null,
            "research_to_sale_ratio": null,
            "price_fair": 3.84,
            "eps_avg_yearly": 1.28,
            "eps_latest_yearly": 1.28,
            "eps_growth_yearly": -331.91
        },
        "20113": {
            "year_quarter": 20113,
            "year": 2011,
            "quarter": 3,
            "eps": 0.14,
            "eps_growth_year": 5.15,
            "eps_4q": 0.04,
            "eps_4q_growth_year": null,
            "roe": 0.77,
            "roe_4q": 0.44000000000000006,
            "gross_profit": 120768,
            "gross_margin": 42.3,
            "gross_margin_4q_avg": 42.23,
            "net_income": 24571,
            "revenue": 285517,
            "common_shares": 1699791,
            "book_valuer_per_share": 15.5,
            "book_valuer_per_share_4q_avg": 15.93,
            "equity": 3138268,
            "current_ratio": 102.34,
            "debt_ratio": 51.65,
            "inventory_turnover_ratio": null,
            "account_receivable_turnover_ratio": 3.63,
            "reinvestment_rate": null,
            "research_to_sale_ratio": null,
            "price_fair": 3.84,
            "eps_avg_yearly": 1.28,
            "eps_latest_yearly": 1.28,
            "eps_growth_yearly": -331.91
        },
        "20114": {
            "year_quarter": 20114,
            "year": 2011,
            "quarter": 4,
            "eps": -0.03,
            "eps_growth_year": null,
            "eps_4q": 0.06,
            "eps_4q_growth_year": null,
            "roe": -0.13,
            "roe_4q": 0.47000000000000003,
            "gross_profit": 111051,
            "gross_margin": 40.65,
            "gross_margin_4q_avg": 41.87,
            "net_income": -3955,
            "revenue": 273170,
            "common_shares": 1699791,
            "book_valuer_per_share": 15.13,
            "book_valuer_per_share_4q_avg": 15.63,
            "equity": 3063747,
            "current_ratio": 111.14,
            "debt_ratio": 52.07,
            "inventory_turnover_ratio": null,
            "account_receivable_turnover_ratio": 3.46,
            "reinvestment_rate": 16515.46,
            "research_to_sale_ratio": null,
            "price_fair": 3.84,
            "eps_avg_yearly": 1.28,
            "eps_latest_yearly": 1.28,
            "eps_growth_yearly": -331.91
        },
        "20121": {
            "year_quarter": 20121,
            "year": 2012,
            "quarter": 1,
            "eps": -0.03,
            "eps_growth_year": -250,
            "eps_4q": 0.03,
            "eps_4q_growth_year": 18.77,
            "roe": -0.08,
            "roe_4q": 0.32000000000000006,
            "gross_profit": 95795,
            "gross_margin": 38.23,
            "gross_margin_4q_avg": 40.69,
            "net_income": -2626,
            "revenue": 250578,
            "common_shares": 1699791,
            "book_valuer_per_share": 15.49,
            "book_valuer_per_share_4q_avg": 15.55,
            "equity": 3126970,
            "current_ratio": 136.05,
            "debt_ratio": 51.3,
            "inventory_turnover_ratio": null,
            "account_receivable_turnover_ratio": 2.97,
            "reinvestment_rate": null,
            "research_to_sale_ratio": null,
            "price_fair": 3.84,
            "eps_avg_yearly": 1.28,
            "eps_latest_yearly": 1.28,
            "eps_growth_yearly": -331.91
        },
        "20122": {
            "year_quarter": 20122,
            "year": 2012,
            "quarter": 2,
            "eps": 0.15,
            "eps_growth_year": null,
            "eps_4q": 0.24,
            "eps_4q_growth_year": 585.06,
            "roe": 1.16,
            "roe_4q": 1.7199999999999998,
            "gross_profit": 145013,
            "gross_margin": 46.34,
            "gross_margin_4q_avg": 41.88,
            "net_income": 36129,
            "revenue": 312912,
            "common_shares": 1699791,
            "book_valuer_per_share": 15.43,
            "book_valuer_per_share_4q_avg": 15.39,
            "equity": 3125471,
            "current_ratio": 131.41,
            "debt_ratio": 50.8,
            "inventory_turnover_ratio": null,
            "account_receivable_turnover_ratio": 3.28,
            "reinvestment_rate": null,
            "research_to_sale_ratio": null,
            "price_fair": 0,
            "eps_avg_yearly": 0,
            "eps_latest_yearly": 0,
            "eps_growth_yearly": 0
        },
        "20123": {
            "year_quarter": 20123,
            "year": 2012,
            "quarter": 3,
            "eps": 0.31,
            "eps_growth_year": 121.04,
            "eps_4q": 0.41,
            "eps_4q_growth_year": 875.99,
            "roe": 1.95,
            "roe_4q": 2.9,
            "gross_profit": 151403,
            "gross_margin": 46.6,
            "gross_margin_4q_avg": 42.96,
            "net_income": 61718,
            "revenue": 324923,
            "common_shares": 1699791,
            "book_valuer_per_share": 15.8,
            "book_valuer_per_share_4q_avg": 15.46,
            "equity": 3199362,
            "current_ratio": 141.13,
            "debt_ratio": 49.55,
            "inventory_turnover_ratio": null,
            "account_receivable_turnover_ratio": 3.05,
            "reinvestment_rate": null,
            "research_to_sale_ratio": null,
            "price_fair": 43.4,
            "eps_avg_yearly": 1.24,
            "eps_latest_yearly": 1.24,
            "eps_growth_yearly": 426.67
        },
        "20124": {
            "year_quarter": 20124,
            "year": 2012,
            "quarter": 4,
            "eps": 0.1,
            "eps_growth_year": null,
            "eps_4q": 0.54,
            "eps_4q_growth_year": 838.71,
            "roe": 0.76,
            "roe_4q": 3.79,
            "gross_profit": 138675,
            "gross_margin": 43,
            "gross_margin_4q_avg": 43.54,
            "net_income": 24407,
            "revenue": 322497,
            "common_shares": 1699791,
            "book_valuer_per_share": 15.83,
            "book_valuer_per_share_4q_avg": 15.64,
            "equity": 3209903,
            "current_ratio": 111.66,
            "debt_ratio": 49.19,
            "inventory_turnover_ratio": null,
            "account_receivable_turnover_ratio": 3.05,
            "reinvestment_rate": null,
            "research_to_sale_ratio": null,
            "price_fair": 28.7,
            "eps_avg_yearly": 0.82,
            "eps_latest_yearly": 0.4,
            "eps_growth_yearly": 77.85
        },
        "20131": {
            "year_quarter": 20131,
            "year": 2013,
            "quarter": 1,
            "eps": 0.22,
            "eps_growth_year": null,
            "eps_4q": 0.78,
            "eps_4q_growth_year": 2187.27,
            "roe": 1.56,
            "roe_4q": 5.430000000000001,
            "gross_profit": 145310,
            "gross_margin": 49.87,
            "gross_margin_4q_avg": 46.45,
            "net_income": 50474,
            "revenue": 291405,
            "common_shares": 1699791,
            "book_valuer_per_share": 16.2,
            "book_valuer_per_share_4q_avg": 15.82,
            "equity": 3274784,
            "current_ratio": 117.54,
            "debt_ratio": 47.75,
            "inventory_turnover_ratio": null,
            "account_receivable_turnover_ratio": 2.67,
            "reinvestment_rate": -12823.64,
            "research_to_sale_ratio": null,
            "price_fair": 29.4,
            "eps_avg_yearly": 0.84,
            "eps_latest_yearly": 0.88,
            "eps_growth_yearly": 211.9
        },
        "20132": {
            "year_quarter": 20132,
            "year": 2013,
            "quarter": 2,
            "eps": 0.26,
            "eps_growth_year": 70.66,
            "eps_4q": 0.89,
            "eps_4q_growth_year": 270.21,
            "roe": 1.79,
            "roe_4q": 6.0600000000000005,
            "gross_profit": 154437,
            "gross_margin": 50.44,
            "gross_margin_4q_avg": 47.48,
            "net_income": 59235,
            "revenue": 306171,
            "common_shares": 1699791,
            "book_valuer_per_share": 16.44,
            "book_valuer_per_share_4q_avg": 16.07,
            "equity": 3331806,
            "current_ratio": 152.12,
            "debt_ratio": 48.55,
            "inventory_turnover_ratio": null,
            "account_receivable_turnover_ratio": 2.59,
            "reinvestment_rate": -4020.08,
            "research_to_sale_ratio": null,
            "price_fair": 31.15,
            "eps_avg_yearly": 0.89,
            "eps_latest_yearly": 1.04,
            "eps_growth_yearly": 177.11
        },
        "20133": {
            "year_quarter": 20133,
            "year": 2013,
            "quarter": 3,
            "eps": 0.38,
            "eps_growth_year": 23.69,
            "eps_4q": 0.97,
            "eps_4q_growth_year": 137.43,
            "roe": 2.36,
            "roe_4q": 6.470000000000001,
            "gross_profit": 165756,
            "gross_margin": 52.25,
            "gross_margin_4q_avg": 48.89,
            "net_income": 79465,
            "revenue": 317232,
            "common_shares": 1699791,
            "book_valuer_per_share": 16.83,
            "book_valuer_per_share_4q_avg": 16.33,
            "equity": 3411271,
            "current_ratio": 156.05,
            "debt_ratio": 47.21,
            "inventory_turnover_ratio": null,
            "account_receivable_turnover_ratio": 2.67,
            "reinvestment_rate": -2180.78,
            "research_to_sale_ratio": null,
            "price_fair": 35.56,
            "eps_avg_yearly": 1.02,
            "eps_latest_yearly": 1.52,
            "eps_growth_yearly": 178.61
        },
        "20134": {
            "year_quarter": 20134,
            "year": 2013,
            "quarter": 4,
            "eps": 0.22,
            "eps_growth_year": 107.49,
            "eps_4q": 1.08,
            "eps_4q_growth_year": 100.64,
            "roe": 1.43,
            "roe_4q": 7.140000000000001,
            "gross_profit": 154865,
            "gross_margin": 49.83,
            "gross_margin_4q_avg": 50.6,
            "net_income": 48795,
            "revenue": 310776,
            "common_shares": 1699791,
            "book_valuer_per_share": 16.91,
            "book_valuer_per_share_4q_avg": 16.6,
            "equity": 3434803,
            "current_ratio": 113.09,
            "debt_ratio": 48.75,
            "inventory_turnover_ratio": null,
            "account_receivable_turnover_ratio": 2.82,
            "reinvestment_rate": -2571.82,
            "research_to_sale_ratio": null,
            "price_fair": 34.77,
            "eps_avg_yearly": 0.99,
            "eps_latest_yearly": 0.88,
            "eps_growth_yearly": 120.77
        },
        "20141": {
            "year_quarter": 20141,
            "year": 2014,
            "quarter": 1,
            "eps": 0.3,
            "eps_growth_year": 36.36,
            "eps_4q": 1.16,
            "eps_4q_growth_year": 48.3,
            "roe": 1.86,
            "roe_4q": 7.44,
            "gross_profit": 157933,
            "gross_margin": 52.41,
            "gross_margin_4q_avg": 51.23,
            "net_income": 64556,
            "revenue": 301323,
            "common_shares": 1699791,
            "book_valuer_per_share": 17.25,
            "book_valuer_per_share_4q_avg": 16.86,
            "equity": 3507106,
            "current_ratio": 111.49,
            "debt_ratio": 47.34,
            "inventory_turnover_ratio": null,
            "account_receivable_turnover_ratio": 2.86,
            "reinvestment_rate": -2015.32,
            "research_to_sale_ratio": null,
            "price_fair": 35.8,
            "eps_avg_yearly": 1.02,
            "eps_latest_yearly": 1.2,
            "eps_growth_yearly": 124.3
        },
        "20142": {
            "year_quarter": 20142,
            "year": 2014,
            "quarter": 2,
            "eps": 0.45,
            "eps_growth_year": 73.08,
            "eps_4q": 1.36,
            "eps_4q_growth_year": 53.03,
            "roe": 2.66,
            "roe_4q": 8.31,
            "gross_profit": 174389,
            "gross_margin": 53.45,
            "gross_margin_4q_avg": 51.99,
            "net_income": 93660,
            "revenue": 326292,
            "common_shares": 1699791,
            "book_valuer_per_share": 17.34,
            "book_valuer_per_share_4q_avg": 17.08,
            "equity": 3538513,
            "current_ratio": 92.87,
            "debt_ratio": 46.98,
            "inventory_turnover_ratio": null,
            "account_receivable_turnover_ratio": 3.02,
            "reinvestment_rate": -1542.84,
            "research_to_sale_ratio": null,
            "price_fair": 39.2,
            "eps_avg_yearly": 1.12,
            "eps_latest_yearly": 1.8,
            "eps_growth_yearly": 133.76
        },
        "20143": {
            "year_quarter": 20143,
            "year": 2014,
            "quarter": 3,
            "eps": 0.36,
            "eps_growth_year": -5.26,
            "eps_4q": 1.33,
            "eps_4q_growth_year": 37.51,
            "roe": 2.12,
            "roe_4q": 8.07,
            "gross_profit": 165791,
            "gross_margin": 50.92,
            "gross_margin_4q_avg": 51.65,
            "net_income": 75609,
            "revenue": 325621,
            "common_shares": 1699791,
            "book_valuer_per_share": 17.55,
            "book_valuer_per_share_4q_avg": 17.26,
            "equity": 3587561,
            "current_ratio": 74.67,
            "debt_ratio": 47.5,
            "inventory_turnover_ratio": null,
            "account_receivable_turnover_ratio": 2.94,
            "reinvestment_rate": -1361.25,
            "research_to_sale_ratio": null,
            "price_fair": 40.44,
            "eps_avg_yearly": 1.16,
            "eps_latest_yearly": 1.44,
            "eps_growth_yearly": 110.01
        },
        "20144": {
            "year_quarter": 20144,
            "year": 2014,
            "quarter": 4,
            "eps": 0.22,
            "eps_growth_year": 0.24,
            "eps_4q": 1.33,
            "eps_4q_growth_year": 23.33,
            "roe": 1.35,
            "roe_4q": 7.990000000000001,
            "gross_profit": 164926,
            "gross_margin": 49.05,
            "gross_margin_4q_avg": 51.46,
            "net_income": 48908,
            "revenue": 336257,
            "common_shares": 1699791,
            "book_valuer_per_share": 17.84,
            "book_valuer_per_share_4q_avg": 17.5,
            "equity": 3650543,
            "current_ratio": 60.3,
            "debt_ratio": 47.69,
            "inventory_turnover_ratio": null,
            "account_receivable_turnover_ratio": 3.06,
            "reinvestment_rate": -1386.06,
            "research_to_sale_ratio": null,
            "price_fair": 39.48,
            "eps_avg_yearly": 1.13,
            "eps_latest_yearly": 0.88,
            "eps_growth_yearly": 83.45
        },
        "20151": {
            "year_quarter": 20151,
            "year": 2015,
            "quarter": 1,
            "eps": 0.22,
            "eps_growth_year": -26.67,
            "eps_4q": 1.26,
            "eps_4q_growth_year": 8.49,
            "roe": 1.29,
            "roe_4q": 7.42,
            "gross_profit": 141871,
            "gross_margin": 46.97,
            "gross_margin_4q_avg": 50.1,
            "net_income": 47445,
            "revenue": 302024,
            "common_shares": 1699791,
            "book_valuer_per_share": 18.01,
            "book_valuer_per_share_4q_avg": 17.69,
            "equity": 3688857,
            "current_ratio": 65.42,
            "debt_ratio": 47.21,
            "inventory_turnover_ratio": null,
            "account_receivable_turnover_ratio": 2.83,
            "reinvestment_rate": -1266.81,
            "research_to_sale_ratio": null,
            "price_fair": 38.69,
            "eps_avg_yearly": 1.11,
            "eps_latest_yearly": 0.88,
            "eps_growth_yearly": 75.87
        },
        "20152": {
            "year_quarter": 20152,
            "year": 2015,
            "quarter": 2,
            "eps": 0.25,
            "eps_growth_year": -44.44,
            "eps_4q": 1.06,
            "eps_4q_growth_year": -22.23,
            "roe": 1.45,
            "roe_4q": 6.21,
            "gross_profit": 149782,
            "gross_margin": 47.73,
            "gross_margin_4q_avg": 48.67,
            "net_income": 53892,
            "revenue": 313829,
            "common_shares": 1699791,
            "book_valuer_per_share": 18.14,
            "book_valuer_per_share_4q_avg": 17.89,
            "equity": 3721445,
            "current_ratio": 61.36,
            "debt_ratio": 46.65,
            "inventory_turnover_ratio": null,
            "account_receivable_turnover_ratio": 3.06,
            "reinvestment_rate": -1145.13,
            "research_to_sale_ratio": null,
            "price_fair": 38.38,
            "eps_avg_yearly": 1.1,
            "eps_latest_yearly": 1,
            "eps_growth_yearly": 74.09
        },
        "20153": {
            "year_quarter": 20153,
            "year": 2015,
            "quarter": 3,
            "eps": 0.36,
            "eps_growth_year": 0,
            "eps_4q": 1.05,
            "eps_4q_growth_year": -20.93,
            "roe": 1.88,
            "roe_4q": 5.970000000000001,
            "gross_profit": 153000,
            "gross_margin": 47.69,
            "gross_margin_4q_avg": 47.86,
            "net_income": 70622,
            "revenue": 320852,
            "common_shares": 1699791,
            "book_valuer_per_share": 18.58,
            "book_valuer_per_share_4q_avg": 18.14,
            "equity": 3805625,
            "current_ratio": 51.81,
            "debt_ratio": 46.45,
            "inventory_turnover_ratio": null,
            "account_receivable_turnover_ratio": 3.13,
            "reinvestment_rate": -1040.39,
            "research_to_sale_ratio": null,
            "price_fair": 39.31,
            "eps_avg_yearly": 1.12,
            "eps_latest_yearly": 1.44,
            "eps_growth_yearly": 81.93
        },
        "20154": {
            "year_quarter": 20154,
            "year": 2015,
            "quarter": 4,
            "eps": 0.13,
            "eps_growth_year": -39.83,
            "eps_4q": 0.97,
            "eps_4q_growth_year": -27.43,
            "roe": 0.74,
            "roe_4q": 5.36,
            "gross_profit": 136432,
            "gross_margin": 41.49,
            "gross_margin_4q_avg": 45.97,
            "net_income": 28296,
            "revenue": 328817,
            "common_shares": 1699791,
            "book_valuer_per_share": 18.7,
            "book_valuer_per_share_4q_avg": 18.36,
            "equity": 3831752,
            "current_ratio": 54.74,
            "debt_ratio": 45.64,
            "inventory_turnover_ratio": null,
            "account_receivable_turnover_ratio": 3.18,
            "reinvestment_rate": -996.53,
            "research_to_sale_ratio": null,
            "price_fair": 37.8,
            "eps_avg_yearly": 1.08,
            "eps_latest_yearly": 0.52,
            "eps_growth_yearly": 57.82
        },
        "20161": {
            "year_quarter": 20161,
            "year": 2016,
            "quarter": 1,
            "eps": 0.21,
            "eps_growth_year": -4.55,
            "eps_4q": 0.96,
            "eps_4q_growth_year": -23.82,
            "roe": 1.19,
            "roe_4q": 5.26,
            "gross_profit": 141190,
            "gross_margin": 46.66,
            "gross_margin_4q_avg": 45.89,
            "net_income": 45881,
            "revenue": 302572,
            "common_shares": 1699791,
            "book_valuer_per_share": 19,
            "book_valuer_per_share_4q_avg": 18.61,
            "equity": 3893126,
            "current_ratio": 61.77,
            "debt_ratio": 44.47,
            "inventory_turnover_ratio": null,
            "account_receivable_turnover_ratio": 2.92,
            "reinvestment_rate": -937.57,
            "research_to_sale_ratio": null,
            "price_fair": 37.24,
            "eps_avg_yearly": 1.06,
            "eps_latest_yearly": 0.84,
            "eps_growth_yearly": 70.38
        },
        "20162": {
            "year_quarter": 20162,
            "year": 2016,
            "quarter": 2,
            "eps": 0.28,
            "eps_growth_year": 12,
            "eps_4q": 0.99,
            "eps_4q_growth_year": -6.39,
            "roe": 1.54,
            "roe_4q": 5.35,
            "gross_profit": 157031,
            "gross_margin": 47.89,
            "gross_margin_4q_avg": 45.93,
            "net_income": 60283,
            "revenue": 327886,
            "common_shares": 1699791,
            "book_valuer_per_share": 19.29,
            "book_valuer_per_share_4q_avg": 18.89,
            "equity": 3954239,
            "current_ratio": 67.74,
            "debt_ratio": 43.04,
            "inventory_turnover_ratio": null,
            "account_receivable_turnover_ratio": 3.03,
            "reinvestment_rate": -903.4,
            "research_to_sale_ratio": null,
            "price_fair": 37.36,
            "eps_avg_yearly": 1.07,
            "eps_latest_yearly": 1.12,
            "eps_growth_yearly": 74.31
        },
        "20163": {
            "year_quarter": 20163,
            "year": 2016,
            "quarter": 3,
            "eps": 0.38,
            "eps_growth_year": 5.56,
            "eps_4q": 1.01,
            "eps_4q_growth_year": -4.47,
            "roe": 1.89,
            "roe_4q": 5.359999999999999,
            "gross_profit": 162986,
            "gross_margin": 48.54,
            "gross_margin_4q_avg": 46.15,
            "net_income": 75514,
            "revenue": 335779,
            "common_shares": 1699791,
            "book_valuer_per_share": 19.67,
            "book_valuer_per_share_4q_avg": 19.17,
            "equity": 4030030,
            "current_ratio": 66.66,
            "debt_ratio": 41.7,
            "inventory_turnover_ratio": null,
            "account_receivable_turnover_ratio": 3.11,
            "reinvestment_rate": -889.01,
            "research_to_sale_ratio": null,
            "price_fair": 37.98,
            "eps_avg_yearly": 1.09,
            "eps_latest_yearly": 1.52,
            "eps_growth_yearly": 56.57
        },
        "20164": {
            "year_quarter": 20164,
            "year": 2016,
            "quarter": 4,
            "eps": 0.22,
            "eps_growth_year": 68.44,
            "eps_4q": 1.09,
            "eps_4q_growth_year": 13.26,
            "roe": 1.18,
            "roe_4q": 5.799999999999999,
            "gross_profit": 158983,
            "gross_margin": 44.39,
            "gross_margin_4q_avg": 46.87,
            "net_income": 48020,
            "revenue": 358149,
            "common_shares": 1699791,
            "book_valuer_per_share": 19.9,
            "book_valuer_per_share_4q_avg": 19.47,
            "equity": 4080039,
            "current_ratio": 63.2,
            "debt_ratio": 40.81,
            "inventory_turnover_ratio": null,
            "account_receivable_turnover_ratio": 3.18,
            "reinvestment_rate": -867.4,
            "research_to_sale_ratio": null,
            "price_fair": 39.03,
            "eps_avg_yearly": 1.12,
            "eps_latest_yearly": 0.88,
            "eps_growth_yearly": 62.98
        },
        "20171": {
            "year_quarter": 20171,
            "year": 2017,
            "quarter": 1,
            "eps": 0.31,
            "eps_growth_year": 47.62,
            "eps_4q": 1.19,
            "eps_4q_growth_year": 23.91,
            "roe": 1.59,
            "roe_4q": 6.2,
            "gross_profit": 163235,
            "gross_margin": 48.63,
            "gross_margin_4q_avg": 47.36,
            "net_income": 65778,
            "revenue": 335666,
            "common_shares": 1699791,
            "book_valuer_per_share": 20.34,
            "book_valuer_per_share_4q_avg": 19.8,
            "equity": 4168505,
            "current_ratio": 67.32,
            "debt_ratio": 39.62,
            "inventory_turnover_ratio": null,
            "account_receivable_turnover_ratio": 2.87,
            "reinvestment_rate": -21.08,
            "research_to_sale_ratio": null,
            "price_fair": 39.81,
            "eps_avg_yearly": 1.14,
            "eps_latest_yearly": 1.24,
            "eps_growth_yearly": 43.21
        },
        "20172": {
            "year_quarter": 20172,
            "year": 2017,
            "quarter": 2,
            "eps": 0.24,
            "eps_growth_year": -14.29,
            "eps_4q": 1.14,
            "eps_4q_growth_year": 15.77,
            "roe": 1.35,
            "roe_4q": 6.01,
            "gross_profit": 178230,
            "gross_margin": 48.91,
            "gross_margin_4q_avg": 47.62,
            "net_income": 56491,
            "revenue": 364371,
            "common_shares": 1699791,
            "book_valuer_per_share": 20.51,
            "book_valuer_per_share_4q_avg": 20.11,
            "equity": 4213651,
            "current_ratio": 39.88,
            "debt_ratio": 38.49,
            "inventory_turnover_ratio": null,
            "account_receivable_turnover_ratio": 3.07,
            "reinvestment_rate": -20.58,
            "research_to_sale_ratio": null,
            "price_fair": 39.64,
            "eps_avg_yearly": 1.13,
            "eps_latest_yearly": 0.96,
            "eps_growth_yearly": 33.02
        },
        "20173": {
            "year_quarter": 20173,
            "year": 2017,
            "quarter": 3,
            "eps": 0.68,
            "eps_growth_year": 78.95,
            "eps_4q": 1.45,
            "eps_4q_growth_year": 44.32,
            "roe": 3.21,
            "roe_4q": 7.33,
            "gross_profit": 185434,
            "gross_margin": 48.81,
            "gross_margin_4q_avg": 47.69,
            "net_income": 136987,
            "revenue": 379901,
            "common_shares": 1699791,
            "book_valuer_per_share": 21.03,
            "book_valuer_per_share_4q_avg": 20.45,
            "equity": 4321864,
            "current_ratio": 42.69,
            "debt_ratio": 37.21,
            "inventory_turnover_ratio": null,
            "account_receivable_turnover_ratio": 3.11,
            "reinvestment_rate": -21.02,
            "research_to_sale_ratio": null,
            "price_fair": 42.26,
            "eps_avg_yearly": 1.21,
            "eps_latest_yearly": 2.72,
            "eps_growth_yearly": 67.31
        },
        "20174": {
            "year_quarter": 20174,
            "year": 2017,
            "quarter": 4,
            "eps": 0.35,
            "eps_growth_year": 59.94,
            "eps_4q": 1.58,
            "eps_4q_growth_year": 44.58,
            "roe": 1.77,
            "roe_4q": 7.92,
            "gross_profit": 181751,
            "gross_margin": 45.1,
            "gross_margin_4q_avg": 47.86,
            "net_income": 76872,
            "revenue": 403034,
            "common_shares": 1699791,
            "book_valuer_per_share": 21.28,
            "book_valuer_per_share_4q_avg": 20.79,
            "equity": 4381704,
            "current_ratio": 46.17,
            "debt_ratio": 36.8,
            "inventory_turnover_ratio": null,
            "account_receivable_turnover_ratio": 3.25,
            "reinvestment_rate": -53.81,
            "research_to_sale_ratio": null,
            "price_fair": 43.4,
            "eps_avg_yearly": 1.24,
            "eps_latest_yearly": 1.4,
            "eps_growth_yearly": 65.71
        },
        "20181": {
            "year_quarter": 20181,
            "year": 2018,
            "quarter": 1,
            "eps": 0.41,
            "eps_growth_year": 32.26,
            "eps_4q": 1.68,
            "eps_4q_growth_year": 41.89,
            "roe": 1.98,
            "roe_4q": 8.31,
            "gross_profit": 209071,
            "gross_margin": 52.11,
            "gross_margin_4q_avg": 48.73,
            "net_income": 87677,
            "revenue": 401195,
            "common_shares": 1699791,
            "book_valuer_per_share": 21.7,
            "book_valuer_per_share_4q_avg": 21.13,
            "equity": 4470832,
            "current_ratio": 45.75,
            "debt_ratio": 34.47,
            "inventory_turnover_ratio": null,
            "account_receivable_turnover_ratio": 3.29,
            "reinvestment_rate": -55.87,
            "research_to_sale_ratio": null,
            "price_fair": 44.36,
            "eps_avg_yearly": 1.27,
            "eps_latest_yearly": 1.64,
            "eps_growth_yearly": 60.9
        },
        "20182": {
            "year_quarter": 20182,
            "year": 2018,
            "quarter": 2,
            "eps": 0.25,
            "eps_growth_year": 4.17,
            "eps_4q": 1.69,
            "eps_4q_growth_year": 47.88,
            "roe": 1.32,
            "roe_4q": 8.280000000000001,
            "gross_profit": 214522,
            "gross_margin": 51.3,
            "gross_margin_4q_avg": 49.33,
            "net_income": 59225,
            "revenue": 418210,
            "common_shares": 1699791,
            "book_valuer_per_share": 21.74,
            "book_valuer_per_share_4q_avg": 21.44,
            "equity": 4493294,
            "current_ratio": 144.95,
            "debt_ratio": 38.07,
            "inventory_turnover_ratio": null,
            "account_receivable_turnover_ratio": 3.56,
            "reinvestment_rate": -79.27,
            "research_to_sale_ratio": null,
            "price_fair": 42.61,
            "eps_avg_yearly": 1.22,
            "eps_latest_yearly": 1,
            "eps_growth_yearly": 38.65
        },
        "20183": {
            "year_quarter": 20183,
            "year": 2018,
            "quarter": 3,
            "eps": 0.51,
            "eps_growth_year": -25,
            "eps_4q": 1.52,
            "eps_4q_growth_year": 4.73,
            "roe": 2.37,
            "roe_4q": 7.4399999999999995,
            "gross_profit": 233424,
            "gross_margin": 53.96,
            "gross_margin_4q_avg": 50.62,
            "net_income": 107566,
            "revenue": 432612,
            "common_shares": 1699791,
            "book_valuer_per_share": 22.24,
            "book_valuer_per_share_4q_avg": 21.74,
            "equity": 4599200,
            "current_ratio": 165.61,
            "debt_ratio": 36.64,
            "inventory_turnover_ratio": null,
            "account_receivable_turnover_ratio": 3.51,
            "reinvestment_rate": -103.27,
            "research_to_sale_ratio": null,
            "price_fair": 43.93,
            "eps_avg_yearly": 1.26,
            "eps_latest_yearly": 2.04,
            "eps_growth_yearly": 69.65
        },
        "20184": {
            "year_quarter": 20184,
            "year": 2018,
            "quarter": 4,
            "eps": 0.13,
            "eps_growth_year": -63.38,
            "eps_4q": 1.3,
            "eps_4q_growth_year": -17.99,
            "roe": 0.6,
            "roe_4q": 6.27,
            "gross_profit": 212579,
            "gross_margin": 47.64,
            "gross_margin_4q_avg": 51.25,
            "net_income": 27647,
            "revenue": 446178,
            "common_shares": 1699791,
            "book_valuer_per_share": 22.43,
            "book_valuer_per_share_4q_avg": 22.03,
            "equity": 4637114,
            "current_ratio": 169.42,
            "debt_ratio": 36.41,
            "inventory_turnover_ratio": null,
            "account_receivable_turnover_ratio": 3.29,
            "reinvestment_rate": -8.44,
            "research_to_sale_ratio": null,
            "price_fair": 43.14,
            "eps_avg_yearly": 1.23,
            "eps_latest_yearly": 0.52,
            "eps_growth_yearly": 60.74
        },
        "20191": {
            "year_quarter": 20191,
            "year": 2019,
            "quarter": 1,
            "eps": 0.42,
            "eps_growth_year": 2.44,
            "eps_4q": 1.31,
            "eps_4q_growth_year": -22.21,
            "roe": 1.92,
            "roe_4q": 6.210000000000001,
            "gross_profit": 224037,
            "gross_margin": 53.61,
            "gross_margin_4q_avg": 51.63,
            "net_income": 90216,
            "revenue": 417908,
            "common_shares": 1699791,
            "book_valuer_per_share": 22.95,
            "book_valuer_per_share_4q_avg": 22.34,
            "equity": 4743930,
            "current_ratio": 139.47,
            "debt_ratio": 54.92,
            "inventory_turnover_ratio": null,
            "account_receivable_turnover_ratio": 2.73,
            "reinvestment_rate": -0.24,
            "research_to_sale_ratio": null,
            "price_fair": 44.89,
            "eps_avg_yearly": 1.28,
            "eps_latest_yearly": 1.68,
            "eps_growth_yearly": 116.51
        },
        "20192": {
            "year_quarter": 20192,
            "year": 2019,
            "quarter": 2,
            "eps": 0.29,
            "eps_growth_year": 16,
            "eps_4q": 1.36,
            "eps_4q_growth_year": -19.89,
            "roe": 1.36,
            "roe_4q": 6.25,
            "gross_profit": 218677,
            "gross_margin": 51.92,
            "gross_margin_4q_avg": 51.78,
            "net_income": 64446,
            "revenue": 421164,
            "common_shares": 1699791,
            "book_valuer_per_share": 22.97,
            "book_valuer_per_share_4q_avg": 22.65,
            "equity": 4740619,
            "current_ratio": 112.61,
            "debt_ratio": 57.12,
            "inventory_turnover_ratio": null,
            "account_receivable_turnover_ratio": 2.47,
            "reinvestment_rate": -0.94,
            "research_to_sale_ratio": null,
            "price_fair": 45.24,
            "eps_avg_yearly": 1.29,
            "eps_latest_yearly": 1.16,
            "eps_growth_yearly": 105.36
        },
        "20193": {
            "year_quarter": 20193,
            "year": 2019,
            "quarter": 3,
            "eps": 2.2,
            "eps_growth_year": 331.37,
            "eps_4q": 2.86,
            "eps_4q_growth_year": 88.33,
            "roe": 9.57,
            "roe_4q": 13.45,
            "gross_profit": 740942,
            "gross_margin": 75.86,
            "gross_margin_4q_avg": 57.26,
            "net_income": 482207,
            "revenue": 976685,
            "common_shares": 1699791,
            "book_valuer_per_share": 24.86,
            "book_valuer_per_share_4q_avg": 23.3,
            "equity": 5341498,
            "current_ratio": 125.68,
            "debt_ratio": 54.94,
            "inventory_turnover_ratio": null,
            "account_receivable_turnover_ratio": 4.86,
            "reinvestment_rate": -6.08,
            "research_to_sale_ratio": null,
            "price_fair": 61.34,
            "eps_avg_yearly": 1.75,
            "eps_latest_yearly": 8.8,
            "eps_growth_yearly": 259.02
        },
        "20194": {
            "year_quarter": 20194,
            "year": 2019,
            "quarter": 4,
            "eps": 0.25,
            "eps_growth_year": 94.33,
            "eps_4q": 2.41,
            "eps_4q_growth_year": 85.32,
            "roe": 1.24,
            "roe_4q": 14.09,
            "gross_profit": 210314,
            "gross_margin": 45.94,
            "gross_margin_4q_avg": 56.83,
            "net_income": 73839,
            "revenue": 457841,
            "common_shares": 2299791,
            "book_valuer_per_share": 23.23,
            "book_valuer_per_share_4q_avg": 23.5,
            "equity": 6564377,
            "current_ratio": 269.74,
            "debt_ratio": 51.03,
            "inventory_turnover_ratio": null,
            "account_receivable_turnover_ratio": 2.06,
            "reinvestment_rate": 8.44,
            "research_to_sale_ratio": null,
            "price_fair": 62.39,
            "eps_avg_yearly": 1.78,
            "eps_latest_yearly": 1,
            "eps_growth_yearly": 252.83
        },
        "20201": {
            "year_quarter": 20201,
            "year": 2020,
            "quarter": 1,
            "eps": 0.35,
            "eps_growth_year": -16.67,
            "eps_4q": 2.44,
            "eps_4q_growth_year": 86.49,
            "roe": 1.54,
            "roe_4q": 13.71,
            "gross_profit": 236498,
            "gross_margin": 55.17,
            "gross_margin_4q_avg": 57.22,
            "net_income": 101592,
            "revenue": 428656,
            "common_shares": 2299791,
            "book_valuer_per_share": 23.52,
            "book_valuer_per_share_4q_avg": 23.65,
            "equity": 6653242,
            "current_ratio": 303.52,
            "debt_ratio": 50.18,
            "inventory_turnover_ratio": null,
            "account_receivable_turnover_ratio": 2.04,
            "reinvestment_rate": 4.95,
            "research_to_sale_ratio": null,
            "price_fair": 63.61,
            "eps_avg_yearly": 1.82,
            "eps_latest_yearly": 1.4,
            "eps_growth_yearly": 247.45
        },
        "20202": {
            "year_quarter": 20202,
            "year": 2020,
            "quarter": 2,
            "eps": 0.35,
            "eps_growth_year": 20.69,
            "eps_4q": 2.58,
            "eps_4q_growth_year": 90.29,
            "roe": 1.62,
            "roe_4q": 13.97,
            "gross_profit": 259226,
            "gross_margin": 56.47,
            "gross_margin_4q_avg": 58.36,
            "net_income": 106657,
            "revenue": 459050,
            "common_shares": 2299791,
            "book_valuer_per_share": 23.1,
            "book_valuer_per_share_4q_avg": 23.68,
            "equity": 6525045,
            "current_ratio": 225.82,
            "debt_ratio": 52.12,
            "inventory_turnover_ratio": null,
            "account_receivable_turnover_ratio": 2.32,
            "reinvestment_rate": -4.77,
            "research_to_sale_ratio": null,
            "price_fair": 64.23,
            "eps_avg_yearly": 1.84,
            "eps_latest_yearly": 1.4,
            "eps_growth_yearly": 239.11
        },
        "20203": {
            "year_quarter": 20203,
            "year": 2020,
            "quarter": 3,
            "eps": 0.5,
            "eps_growth_year": -77.27,
            "eps_4q": 1.45,
            "eps_4q_growth_year": -49.51,
            "roe": 2.12,
            "roe_4q": 6.5200000000000005,
            "gross_profit": 273008,
            "gross_margin": 56.75,
            "gross_margin_4q_avg": 53.58,
            "net_income": 139728,
            "revenue": 481046,
            "common_shares": 2299791,
            "book_valuer_per_share": 23.55,
            "book_valuer_per_share_4q_avg": 23.35,
            "equity": 6654536,
            "current_ratio": 229.43,
            "debt_ratio": 52.04,
            "inventory_turnover_ratio": null,
            "account_receivable_turnover_ratio": 2.61,
            "reinvestment_rate": 1.28,
            "research_to_sale_ratio": null,
            "price_fair": 65.28,
            "eps_avg_yearly": 1.87,
            "eps_latest_yearly": 2,
            "eps_growth_yearly": 240.9
        },
        "20204": {
            "year_quarter": 20204,
            "year": 2020,
            "quarter": 4,
            "eps": 0.81,
            "eps_growth_year": 224.29,
            "eps_4q": 2.01,
            "eps_4q_growth_year": -16.65,
            "roe": 3.53,
            "roe_4q": 8.81,
            "gross_profit": 285836,
            "gross_margin": 53.07,
            "gross_margin_4q_avg": 55.37,
            "net_income": 240107,
            "revenue": 538637,
            "common_shares": 2299791,
            "book_valuer_per_share": 24.61,
            "book_valuer_per_share_4q_avg": 23.7,
            "equity": 6952844,
            "current_ratio": 182.3,
            "debt_ratio": 53.65,
            "inventory_turnover_ratio": null,
            "account_receivable_turnover_ratio": 2.52,
            "reinvestment_rate": 23.61,
            "research_to_sale_ratio": null,
            "price_fair": 70.44,
            "eps_avg_yearly": 2.01,
            "eps_latest_yearly": 3.24,
            "eps_growth_yearly": 266.93
        },
        "20211": {
            "year_quarter": 20211,
            "year": 2021,
            "quarter": 1,
            "eps": 0.53,
            "eps_growth_year": 51.43,
            "eps_4q": 2.19,
            "eps_4q_growth_year": -10.39,
            "roe": 2.22,
            "roe_4q": 9.49,
            "gross_profit": 318595,
            "gross_margin": 59.15,
            "gross_margin_4q_avg": 56.36,
            "net_income": 156236,
            "revenue": 538639,
            "common_shares": 2299791,
            "book_valuer_per_share": 25.16,
            "book_valuer_per_share_4q_avg": 24.11,
            "equity": 7112953,
            "current_ratio": 203.78,
            "debt_ratio": 54.22,
            "inventory_turnover_ratio": null,
            "account_receivable_turnover_ratio": 2.47,
            "reinvestment_rate": 44.71,
            "research_to_sale_ratio": null,
            "price_fair": 72.36,
            "eps_avg_yearly": 2.07,
            "eps_latest_yearly": 2.12,
            "eps_growth_yearly": 248.06
        },
        "20212": {
            "year_quarter": 20212,
            "year": 2021,
            "quarter": 2,
            "eps": 0.55,
            "eps_growth_year": 57.14,
            "eps_4q": 2.39,
            "eps_4q_growth_year": -7.46,
            "roe": 2.25,
            "roe_4q": 10.120000000000001,
            "gross_profit": 340397,
            "gross_margin": 59.34,
            "gross_margin_4q_avg": 57.08,
            "net_income": 158013,
            "revenue": 573668,
            "common_shares": 2299791,
            "book_valuer_per_share": 24.42,
            "book_valuer_per_share_4q_avg": 24.44,
            "equity": 6918181,
            "current_ratio": 171.42,
            "debt_ratio": 57.2,
            "inventory_turnover_ratio": null,
            "account_receivable_turnover_ratio": 3.15,
            "reinvestment_rate": 77.27,
            "research_to_sale_ratio": null,
            "price_fair": 75.08,
            "eps_avg_yearly": 2.15,
            "eps_latest_yearly": 2.2,
            "eps_growth_yearly": 254.65
        },
        "20213": {
            "year_quarter": 20213,
            "year": 2021,
            "quarter": 3,
            "eps": 0.63,
            "eps_growth_year": 26,
            "eps_4q": 2.52,
            "eps_4q_growth_year": 74.08,
            "roe": 2.63,
            "roe_4q": 10.629999999999999,
            "gross_profit": 362197,
            "gross_margin": 59.45,
            "gross_margin_4q_avg": 57.75,
            "net_income": 184445,
            "revenue": 609212,
            "common_shares": 2299791,
            "book_valuer_per_share": 25.16,
            "book_valuer_per_share_4q_avg": 24.84,
            "equity": 7129188,
            "current_ratio": 152.6,
            "debt_ratio": 58.09,
            "inventory_turnover_ratio": null,
            "account_receivable_turnover_ratio": 3.19,
            "reinvestment_rate": 107.76,
            "research_to_sale_ratio": null,
            "price_fair": 74.64,
            "eps_avg_yearly": 2.13,
            "eps_latest_yearly": 2.52,
            "eps_growth_yearly": 212.45
        },
        "20214": {
            "year_quarter": 20214,
            "year": 2021,
            "quarter": 4,
            "eps": 0.78,
            "eps_growth_year": -4.2,
            "eps_4q": 2.48,
            "eps_4q_growth_year": 23.81,
            "roe": 3.19,
            "roe_4q": 10.290000000000001,
            "gross_profit": 464298,
            "gross_margin": 56.81,
            "gross_margin_4q_avg": 58.69,
            "net_income": 231193,
            "revenue": 817269,
            "common_shares": 2299791,
            "book_valuer_per_share": 26.01,
            "book_valuer_per_share_4q_avg": 25.19,
            "equity": 7375053,
            "current_ratio": 100.24,
            "debt_ratio": 61.22,
            "inventory_turnover_ratio": null,
            "account_receivable_turnover_ratio": 3.46,
            "reinvestment_rate": 150.05,
            "research_to_sale_ratio": null,
            "price_fair": 78.4,
            "eps_avg_yearly": 2.24,
            "eps_latest_yearly": 3.12,
            "eps_growth_yearly": 230.53
        },
        "20221": {
            "year_quarter": 20221,
            "year": 2022,
            "quarter": 1,
            "eps": 1.03,
            "eps_growth_year": 94.34,
            "eps_4q": 2.74,
            "eps_4q_growth_year": 25.25,
            "roe": 3.97,
            "roe_4q": 12.04,
            "gross_profit": 522961,
            "gross_margin": 64.71,
            "gross_margin_4q_avg": 60.08,
            "net_income": 299736,
            "revenue": 808142,
            "common_shares": 2549791,
            "book_valuer_per_share": 27.62,
            "book_valuer_per_share_4q_avg": 25.8,
            "equity": 7711310,
            "current_ratio": 132.63,
            "debt_ratio": 60.51,
            "inventory_turnover_ratio": null,
            "account_receivable_turnover_ratio": 3.12,
            "reinvestment_rate": 148.67,
            "research_to_sale_ratio": null,
            "price_fair": 83.83,
            "eps_avg_yearly": 2.4,
            "eps_latest_yearly": 4.12,
            "eps_growth_yearly": 234.26
        },
        "20222": {
            "year_quarter": 20222,
            "year": 2022,
            "quarter": 2,
            "eps": 1.18,
            "eps_growth_year": 114.55,
            "eps_4q": 3.42,
            "eps_4q_growth_year": 43.47,
            "roe": 4.37,
            "roe_4q": 14.16,
            "gross_profit": 525054,
            "gross_margin": 64.33,
            "gross_margin_4q_avg": 61.33,
            "net_income": 330945,
            "revenue": 816182,
            "common_shares": 2549791,
            "book_valuer_per_share": 26.91,
            "book_valuer_per_share_4q_avg": 26.43,
            "equity": 7446004,
            "current_ratio": 77.66,
            "debt_ratio": 63.08,
            "inventory_turnover_ratio": null,
            "account_receivable_turnover_ratio": 3.35,
            "reinvestment_rate": 148.3,
            "research_to_sale_ratio": null,
            "price_fair": 91.96,
            "eps_avg_yearly": 2.63,
            "eps_latest_yearly": 4.72,
            "eps_growth_yearly": 247.66
        },
        "20223": {
            "year_quarter": 20223,
            "year": 2022,
            "quarter": 3,
            "eps": 0.93,
            "eps_growth_year": 47.62,
            "eps_4q": 3.78,
            "eps_4q_growth_year": 50.39,
            "roe": 3.44,
            "roe_4q": 14.97,
            "gross_profit": 483265,
            "gross_margin": 61.15,
            "gross_margin_4q_avg": 61.75,
            "net_income": 260472,
            "revenue": 790255,
            "common_shares": 2549791,
            "book_valuer_per_share": 27.72,
            "book_valuer_per_share_4q_avg": 27.07,
            "equity": 7678255,
            "current_ratio": 66.84,
            "debt_ratio": 63.62,
            "inventory_turnover_ratio": null,
            "account_receivable_turnover_ratio": 3.33,
            "reinvestment_rate": 158.39,
            "research_to_sale_ratio": null,
            "price_fair": 95.64,
            "eps_avg_yearly": 2.73,
            "eps_latest_yearly": 3.72,
            "eps_growth_yearly": 216.36
        },
        "20224": {
            "year_quarter": 20224,
            "year": 2022,
            "quarter": 4,
            "eps": 1.13,
            "eps_growth_year": 45.54,
            "eps_4q": 4,
            "eps_4q_growth_year": 61.11,
            "roe": 3.94,
            "roe_4q": 15.72,
            "gross_profit": 408926,
            "gross_margin": 52.24,
            "gross_margin_4q_avg": 60.61,
            "net_income": 309026,
            "revenue": 782765,
            "common_shares": 2739791,
            "book_valuer_per_share": 29.16,
            "book_valuer_per_share_4q_avg": 27.85,
            "equity": 7988505,
            "current_ratio": 49.41,
            "debt_ratio": 63.24,
            "inventory_turnover_ratio": null,
            "account_receivable_turnover_ratio": 3.48,
            "reinvestment_rate": 161,
            "research_to_sale_ratio": null,
            "price_fair": 104.39,
            "eps_avg_yearly": 2.98,
            "eps_latest_yearly": 4.52,
            "eps_growth_yearly": 240.36
        },
        "20231": {
            "year_quarter": 20231,
            "year": 2023,
            "quarter": 1,
            "eps": 0.84,
            "eps_growth_year": -18.45,
            "eps_4q": 3.92,
            "eps_4q_growth_year": 42.98,
            "roe": 2.83,
            "roe_4q": 14.579999999999998,
            "gross_profit": 400334,
            "gross_margin": 58.33,
            "gross_margin_4q_avg": 59.01,
            "net_income": 229071,
            "revenue": 686325,
            "common_shares": 2739791,
            "book_valuer_per_share": 29.99,
            "book_valuer_per_share_4q_avg": 28.45,
            "equity": 8217023,
            "current_ratio": 20.29,
            "debt_ratio": 63.44,
            "inventory_turnover_ratio": null,
            "account_receivable_turnover_ratio": 3.29,
            "reinvestment_rate": 123.28,
            "research_to_sale_ratio": null,
            "price_fair": 108.06,
            "eps_avg_yearly": 3.09,
            "eps_latest_yearly": 3.36,
            "eps_growth_yearly": 178.18
        }
    },
    "months": {
        "2001-06": {
            "month": "2001-06",
            "price": "22.88",
            "revenue": 48401
        },
        "2001-07": {
            "month": "2001-07",
            "price": "21.52",
            "revenue": 48737
        },
        "2001-08": {
            "month": "2001-08",
            "price": "22.75",
            "revenue": 49734
        },
        "2001-09": {
            "month": "2001-09",
            "price": "24.62",
            "revenue": 47402
        },
        "2001-10": {
            "month": "2001-10",
            "price": "18.57",
            "revenue": 62532
        },
        "2001-11": {
            "month": "2001-11",
            "price": "16.88",
            "revenue": 54569
        },
        "2001-12": {
            "month": "2001-12",
            "price": "19.33",
            "revenue": 52686
        },
        "2002-01": {
            "month": "2002-01",
            "price": "17.53",
            "revenue": 45283
        },
        "2002-02": {
            "month": "2002-02",
            "price": "17.72",
            "revenue": 43565
        },
        "2002-03": {
            "month": "2002-03",
            "price": "17.38",
            "revenue": 61911
        },
        "2002-04": {
            "month": "2002-04",
            "price": "19.76",
            "revenue": 60074
        },
        "2002-05": {
            "month": "2002-05",
            "price": "21.41",
            "revenue": 56499
        },
        "2002-06": {
            "month": "2002-06",
            "price": "20.88",
            "revenue": 49989
        },
        "2002-07": {
            "month": "2002-07",
            "price": "18.72",
            "revenue": 52995
        },
        "2002-08": {
            "month": "2002-08",
            "price": "17.80",
            "revenue": 51575
        },
        "2002-09": {
            "month": "2002-09",
            "price": "15.95",
            "revenue": 54387
        },
        "2002-11": {
            "month": "2002-11",
            "price": "16.56",
            "revenue": 56724
        },
        "2002-12": {
            "month": "2002-12",
            "price": "17.51",
            "revenue": 54823
        },
        "2003-01": {
            "month": "2003-01",
            "price": "18.27",
            "revenue": 45792
        },
        "2003-02": {
            "month": "2003-02",
            "price": "18.31",
            "revenue": 43471
        },
        "2003-03": {
            "month": "2003-03",
            "price": "18.66",
            "revenue": 54014
        },
        "2003-04": {
            "month": "2003-04",
            "price": "17.54",
            "revenue": 47881
        },
        "2003-05": {
            "month": "2003-05",
            "price": "17.15",
            "revenue": 50483
        },
        "2003-06": {
            "month": "2003-06",
            "price": "16.01",
            "revenue": 47476
        },
        "2003-07": {
            "month": "2003-07",
            "price": "16.31",
            "revenue": 47303
        },
        "2003-08": {
            "month": "2003-08",
            "price": "16.85",
            "revenue": 46071
        },
        "2003-09": {
            "month": "2003-09",
            "price": "16.26",
            "revenue": 54470
        },
        "2003-10": {
            "month": "2003-10",
            "price": "15.97",
            "revenue": 57372
        },
        "2003-11": {
            "month": "2003-11",
            "price": "15.80",
            "revenue": 54715
        },
        "2003-12": {
            "month": "2003-12",
            "price": "15.77",
            "revenue": 60887
        },
        "2004-01": {
            "month": "2004-01",
            "price": "18.95",
            "revenue": 38071
        },
        "2004-02": {
            "month": "2004-02",
            "price": "24.05",
            "revenue": 46756
        },
        "2004-03": {
            "month": "2004-03",
            "price": "26.70",
            "revenue": 58561
        },
        "2004-04": {
            "month": "2004-04",
            "price": "25.19",
            "revenue": 52020
        },
        "2004-05": {
            "month": "2004-05",
            "price": "24.04",
            "revenue": 49178
        },
        "2004-06": {
            "month": "2004-06",
            "price": "23.11",
            "revenue": 49142
        },
        "2004-07": {
            "month": "2004-07",
            "price": "24.47",
            "revenue": 49289
        },
        "2004-08": {
            "month": "2004-08",
            "price": "24.32",
            "revenue": 46399
        },
        "2004-09": {
            "month": "2004-09",
            "price": "23.89",
            "revenue": 50865
        },
        "2004-10": {
            "month": "2004-10",
            "price": "22.75",
            "revenue": 54233
        },
        "2004-11": {
            "month": "2004-11",
            "price": "22.53",
            "revenue": 58160
        },
        "2004-12": {
            "month": "2004-12",
            "price": "24.33",
            "revenue": 52227
        },
        "2005-01": {
            "month": "2005-01",
            "price": "22.93",
            "revenue": 44143
        },
        "2005-02": {
            "month": "2005-02",
            "price": "22.75",
            "revenue": 32454
        },
        "2005-03": {
            "month": "2005-03",
            "price": "22.50",
            "revenue": 56311
        },
        "2005-04": {
            "month": "2005-04",
            "price": "21.54",
            "revenue": 50417
        },
        "2005-05": {
            "month": "2005-05",
            "price": "22.10",
            "revenue": 46099
        },
        "2005-06": {
            "month": "2005-06",
            "price": "21.68",
            "revenue": 47667
        },
        "2005-07": {
            "month": "2005-07",
            "price": "20.92",
            "revenue": 41580
        },
        "2005-08": {
            "month": "2005-08",
            "price": "19.68",
            "revenue": 44176
        },
        "2005-09": {
            "month": "2005-09",
            "price": "17.62",
            "revenue": 46276
        },
        "2005-10": {
            "month": "2005-10",
            "price": "16.91",
            "revenue": 47497
        },
        "2005-11": {
            "month": "2005-11",
            "price": "16.14",
            "revenue": 48786
        },
        "2005-12": {
            "month": "2005-12",
            "price": "16.77",
            "revenue": 43253
        },
        "2006-01": {
            "month": "2006-01",
            "price": "17.19",
            "revenue": 28993
        },
        "2006-02": {
            "month": "2006-02",
            "price": "16.08",
            "revenue": 21004
        },
        "2006-03": {
            "month": "2006-03",
            "price": "15.45",
            "revenue": 22791
        },
        "2006-04": {
            "month": "2006-04",
            "price": "14.71",
            "revenue": 22248
        },
        "2006-05": {
            "month": "2006-05",
            "price": "17.16",
            "revenue": 91827
        },
        "2006-06": {
            "month": "2006-06",
            "price": "17.83",
            "revenue": 29086
        },
        "2006-07": {
            "month": "2006-07",
            "price": "16.53",
            "revenue": 22152
        },
        "2006-08": {
            "month": "2006-08",
            "price": "15.78",
            "revenue": 0
        },
        "2006-09": {
            "month": "2006-09",
            "price": "14.88",
            "revenue": 9261
        },
        "2006-10": {
            "month": "2006-10",
            "price": "15.18",
            "revenue": 101
        },
        "2006-11": {
            "month": "2006-11",
            "price": "14.91",
            "revenue": 130397
        },
        "2006-12": {
            "month": "2006-12",
            "price": "21.94",
            "revenue": 139
        },
        "2007-01": {
            "month": "2007-01",
            "price": "19.26",
            "revenue": 0
        },
        "2007-02": {
            "month": "2007-02",
            "price": "21.39",
            "revenue": 0
        },
        "2007-03": {
            "month": "2007-03",
            "price": "23.18",
            "revenue": 23
        },
        "2007-04": {
            "month": "2007-04",
            "price": "22.02",
            "revenue": 39
        },
        "2007-05": {
            "month": "2007-05",
            "price": "18.96",
            "revenue": 24
        },
        "2007-06": {
            "month": "2007-06",
            "price": "19.88",
            "revenue": 11
        },
        "2007-07": {
            "month": "2007-07",
            "price": "22.03",
            "revenue": 91
        },
        "2007-08": {
            "month": "2007-08",
            "price": "20.38",
            "revenue": 3
        },
        "2007-09": {
            "month": "2007-09",
            "price": "19.64",
            "revenue": 24790
        },
        "2007-10": {
            "month": "2007-10",
            "price": "20.28",
            "revenue": 15
        },
        "2007-11": {
            "month": "2007-11",
            "price": "19.30",
            "revenue": 335
        },
        "2007-12": {
            "month": "2007-12",
            "price": "19.22",
            "revenue": 211
        },
        "2008-01": {
            "month": "2008-01",
            "price": "24.45",
            "revenue": 4
        },
        "2008-02": {
            "month": "2008-02",
            "price": "35.85",
            "revenue": 0
        },
        "2008-03": {
            "month": "2008-03",
            "price": "48.54",
            "revenue": 369727
        },
        "2008-04": {
            "month": "2008-04",
            "price": "49.54",
            "revenue": 117030
        },
        "2008-05": {
            "month": "2008-05",
            "price": "51.60",
            "revenue": 13
        },
        "2008-06": {
            "month": "2008-06",
            "price": "40.91",
            "revenue": 110
        },
        "2008-07": {
            "month": "2008-07",
            "price": "34.28",
            "revenue": 0
        },
        "2008-08": {
            "month": "2008-08",
            "price": "29.56",
            "revenue": 171
        },
        "2008-09": {
            "month": "2008-09",
            "price": "25.69",
            "revenue": 10891
        },
        "2008-10": {
            "month": "2008-10",
            "price": "22.34",
            "revenue": 532
        },
        "2008-11": {
            "month": "2008-11",
            "price": "29.00",
            "revenue": 71
        },
        "2008-12": {
            "month": "2008-12",
            "price": "28.03",
            "revenue": 64
        },
        "2009-01": {
            "month": "2009-01",
            "price": "23.97",
            "revenue": 23
        },
        "2009-02": {
            "month": "2009-02",
            "price": "22.47",
            "revenue": 27
        },
        "2009-03": {
            "month": "2009-03",
            "price": "23.94",
            "revenue": 316
        },
        "2009-04": {
            "month": "2009-04",
            "price": "26.81",
            "revenue": -284
        },
        "2009-05": {
            "month": "2009-05",
            "price": "37.45",
            "revenue": 10140
        },
        "2009-06": {
            "month": "2009-06",
            "price": "38.88",
            "revenue": 86
        },
        "2009-07": {
            "month": "2009-07",
            "price": "39.53",
            "revenue": 3
        },
        "2009-08": {
            "month": "2009-08",
            "price": "32.20",
            "revenue": 1634
        },
        "2009-09": {
            "month": "2009-09",
            "price": "35.30",
            "revenue": 6141
        },
        "2009-10": {
            "month": "2009-10",
            "price": "37.60",
            "revenue": 3
        },
        "2009-11": {
            "month": "2009-11",
            "price": "35.28",
            "revenue": 4
        },
        "2009-12": {
            "month": "2009-12",
            "price": "33.88",
            "revenue": 3
        },
        "2010-01": {
            "month": "2010-01",
            "price": "34.92",
            "revenue": 4
        },
        "2010-02": {
            "month": "2010-02",
            "price": "29.37",
            "revenue": 2
        },
        "2010-03": {
            "month": "2010-03",
            "price": "30.39",
            "revenue": 3
        },
        "2010-04": {
            "month": "2010-04",
            "price": "32.34",
            "revenue": 3
        },
        "2010-05": {
            "month": "2010-05",
            "price": "30.18",
            "revenue": 3
        },
        "2010-06": {
            "month": "2010-06",
            "price": "30.85",
            "revenue": 41
        },
        "2010-07": {
            "month": "2010-07",
            "price": "30.82",
            "revenue": 16779
        },
        "2010-08": {
            "month": "2010-08",
            "price": "32.04",
            "revenue": 1087
        },
        "2010-09": {
            "month": "2010-09",
            "price": "29.21",
            "revenue": -998
        },
        "2010-10": {
            "month": "2010-10",
            "price": "30.12",
            "revenue": -1773
        },
        "2010-11": {
            "month": "2010-11",
            "price": "31.02",
            "revenue": 3885
        },
        "2010-12": {
            "month": "2010-12",
            "price": "31.02",
            "revenue": -4226
        },
        "2011-01": {
            "month": "2011-01",
            "price": "33.62",
            "revenue": 7245
        },
        "2011-02": {
            "month": "2011-02",
            "price": "30.15",
            "revenue": -7240
        },
        "2011-03": {
            "month": "2011-03",
            "price": "29.61",
            "revenue": 6950
        },
        "2011-04": {
            "month": "2011-04",
            "price": "31.04",
            "revenue": 925
        },
        "2011-05": {
            "month": "2011-05",
            "price": "32.55",
            "revenue": -3287
        },
        "2011-06": {
            "month": "2011-06",
            "price": "29.57",
            "revenue": 442
        },
        "2011-07": {
            "month": "2011-07",
            "price": "28.65",
            "revenue": 33033
        },
        "2011-08": {
            "month": "2011-08",
            "price": "22.67",
            "revenue": -1150
        },
        "2011-09": {
            "month": "2011-09",
            "price": "17.96",
            "revenue": -1220
        },
        "2011-10": {
            "month": "2011-10",
            "price": "17.45",
            "revenue": -1594
        },
        "2011-11": {
            "month": "2011-11",
            "price": "17.15",
            "revenue": 1230
        },
        "2011-12": {
            "month": "2011-12",
            "price": "14.82",
            "revenue": 5565
        },
        "2012-01": {
            "month": "2012-01",
            "price": "15.66",
            "revenue": 11
        },
        "2012-02": {
            "month": "2012-02",
            "price": "19.91",
            "revenue": 37
        },
        "2012-03": {
            "month": "2012-03",
            "price": "19.67",
            "revenue": -22
        },
        "2012-04": {
            "month": "2012-04",
            "price": "16.46",
            "revenue": 11312
        },
        "2012-05": {
            "month": "2012-05",
            "price": "16.43",
            "revenue": 10996
        },
        "2012-06": {
            "month": "2012-06",
            "price": "15.48",
            "revenue": 7620
        },
        "2012-07": {
            "month": "2012-07",
            "price": "15.90",
            "revenue": 32671
        },
        "2012-08": {
            "month": "2012-08",
            "price": "18.57",
            "revenue": 7680
        },
        "2012-09": {
            "month": "2012-09",
            "price": "20.82",
            "revenue": 16145
        },
        "2012-10": {
            "month": "2012-10",
            "price": "21.47",
            "revenue": 12099
        },
        "2012-11": {
            "month": "2012-11",
            "price": "20.98",
            "revenue": 12696
        },
        "2012-12": {
            "month": "2012-12",
            "price": "22.31",
            "revenue": 6420
        },
        "2013-01": {
            "month": "2013-01",
            "price": "22.03",
            "revenue": 103370
        },
        "2013-02": {
            "month": "2013-02",
            "price": "22.63",
            "revenue": 81601
        },
        "2013-03": {
            "month": "2013-03",
            "price": "22.46",
            "revenue": 106434
        },
        "2013-04": {
            "month": "2013-04",
            "price": "21.42",
            "revenue": 101488
        },
        "2013-05": {
            "month": "2013-05",
            "price": "21.43",
            "revenue": 104131
        },
        "2013-06": {
            "month": "2013-06",
            "price": "20.86",
            "revenue": 100553
        },
        "2013-07": {
            "month": "2013-07",
            "price": "20.48",
            "revenue": 115412
        },
        "2013-08": {
            "month": "2013-08",
            "price": "20.77",
            "revenue": 101066
        },
        "2013-09": {
            "month": "2013-09",
            "price": "20.91",
            "revenue": 100757
        },
        "2013-10": {
            "month": "2013-10",
            "price": "22.38",
            "revenue": 101620
        },
        "2013-11": {
            "month": "2013-11",
            "price": "22.06",
            "revenue": 104786
        },
        "2013-12": {
            "month": "2013-12",
            "price": "24.13",
            "revenue": 104396
        },
        "2014-01": {
            "month": "2014-01",
            "price": "27.06",
            "revenue": 101228
        },
        "2014-02": {
            "month": "2014-02",
            "price": "27.79",
            "revenue": 85866
        },
        "2014-03": {
            "month": "2014-03",
            "price": "26.93",
            "revenue": 114229
        },
        "2014-04": {
            "month": "2014-04",
            "price": "25.09",
            "revenue": 106671
        },
        "2014-05": {
            "month": "2014-05",
            "price": "23.99",
            "revenue": 110168
        },
        "2014-06": {
            "month": "2014-06",
            "price": "21.16",
            "revenue": 109453
        },
        "2014-07": {
            "month": "2014-07",
            "price": "21.65",
            "revenue": 108567
        },
        "2014-08": {
            "month": "2014-08",
            "price": "22.10",
            "revenue": 104822
        },
        "2014-09": {
            "month": "2014-09",
            "price": "21.59",
            "revenue": 112231
        },
        "2014-10": {
            "month": "2014-10",
            "price": "20.26",
            "revenue": 113423
        },
        "2014-11": {
            "month": "2014-11",
            "price": "20.83",
            "revenue": 108695
        },
        "2014-12": {
            "month": "2014-12",
            "price": "20.53",
            "revenue": 114140
        },
        "2015-01": {
            "month": "2015-01",
            "price": "20.84",
            "revenue": 107385
        },
        "2015-02": {
            "month": "2015-02",
            "price": "20.25",
            "revenue": 85766
        },
        "2015-03": {
            "month": "2015-03",
            "price": "19.71",
            "revenue": 108872
        },
        "2015-04": {
            "month": "2015-04",
            "price": "18.52",
            "revenue": 109062
        },
        "2015-05": {
            "month": "2015-05",
            "price": "17.30",
            "revenue": 103695
        },
        "2015-06": {
            "month": "2015-06",
            "price": "15.41",
            "revenue": 101073
        },
        "2015-07": {
            "month": "2015-07",
            "price": "15.28",
            "revenue": 114245
        },
        "2015-08": {
            "month": "2015-08",
            "price": "14.85",
            "revenue": 103089
        },
        "2015-09": {
            "month": "2015-09",
            "price": "15.83",
            "revenue": 103518
        },
        "2015-10": {
            "month": "2015-10",
            "price": "15.78",
            "revenue": 110903
        },
        "2015-11": {
            "month": "2015-11",
            "price": "15.43",
            "revenue": 108072
        },
        "2015-12": {
            "month": "2015-12",
            "price": "14.77",
            "revenue": 109842
        },
        "2016-01": {
            "month": "2016-01",
            "price": "14.55",
            "revenue": 110443
        },
        "2016-02": {
            "month": "2016-02",
            "price": "14.80",
            "revenue": 79436
        },
        "2016-03": {
            "month": "2016-03",
            "price": "15.22",
            "revenue": 112693
        },
        "2016-04": {
            "month": "2016-04",
            "price": "14.94",
            "revenue": 111143
        },
        "2016-05": {
            "month": "2016-05",
            "price": "13.93",
            "revenue": 107545
        },
        "2016-06": {
            "month": "2016-06",
            "price": "13.60",
            "revenue": 109198
        },
        "2016-07": {
            "month": "2016-07",
            "price": "13.60",
            "revenue": 108089
        },
        "2016-08": {
            "month": "2016-08",
            "price": "13.59",
            "revenue": 119870
        },
        "2016-09": {
            "month": "2016-09",
            "price": "13.72",
            "revenue": 107819
        },
        "2016-10": {
            "month": "2016-10",
            "price": "13.88",
            "revenue": 118202
        },
        "2016-11": {
            "month": "2016-11",
            "price": "13.98",
            "revenue": 116397
        },
        "2016-12": {
            "month": "2016-12",
            "price": "14.38",
            "revenue": 123551
        },
        "2017-01": {
            "month": "2017-01",
            "price": "14.62",
            "revenue": 109635
        },
        "2017-02": {
            "month": "2017-02",
            "price": "15.36",
            "revenue": 98117
        },
        "2017-03": {
            "month": "2017-03",
            "price": "15.27",
            "revenue": 127914
        },
        "2017-04": {
            "month": "2017-04",
            "price": "14.35",
            "revenue": 120542
        },
        "2017-05": {
            "month": "2017-05",
            "price": "14.27",
            "revenue": 120368
        },
        "2017-06": {
            "month": "2017-06",
            "price": "14.21",
            "revenue": 123461
        },
        "2017-07": {
            "month": "2017-07",
            "price": "13.62",
            "revenue": 123938
        },
        "2017-08": {
            "month": "2017-08",
            "price": "13.81",
            "revenue": 130428
        },
        "2017-09": {
            "month": "2017-09",
            "price": "13.98",
            "revenue": 125535
        },
        "2017-10": {
            "month": "2017-10",
            "price": "14.14",
            "revenue": 125095
        },
        "2017-11": {
            "month": "2017-11",
            "price": "15.41",
            "revenue": 137551
        },
        "2017-12": {
            "month": "2017-12",
            "price": "17.22",
            "revenue": 140388
        },
        "2018-01": {
            "month": "2018-01",
            "price": "17.88",
            "revenue": 147212
        },
        "2018-02": {
            "month": "2018-02",
            "price": "17.39",
            "revenue": 106446
        },
        "2018-03": {
            "month": "2018-03",
            "price": "19.24",
            "revenue": 147537
        },
        "2018-04": {
            "month": "2018-04",
            "price": "18.92",
            "revenue": 137568
        },
        "2018-05": {
            "month": "2018-05",
            "price": "17.78",
            "revenue": 143406
        },
        "2018-06": {
            "month": "2018-06",
            "price": "17.34",
            "revenue": 137236
        },
        "2018-07": {
            "month": "2018-07",
            "price": "16.79",
            "revenue": 146981
        },
        "2018-08": {
            "month": "2018-08",
            "price": "16.59",
            "revenue": 141050
        },
        "2018-09": {
            "month": "2018-09",
            "price": "16.56",
            "revenue": 144581
        },
        "2018-10": {
            "month": "2018-10",
            "price": "18.53",
            "revenue": 153468
        },
        "2018-11": {
            "month": "2018-11",
            "price": "19.14",
            "revenue": 146906
        },
        "2018-12": {
            "month": "2018-12",
            "price": "18.55",
            "revenue": 145805
        },
        "2019-01": {
            "month": "2019-01",
            "price": "18.09",
            "revenue": 153798
        },
        "2019-02": {
            "month": "2019-02",
            "price": "18.60",
            "revenue": 115508
        },
        "2019-03": {
            "month": "2019-03",
            "price": "18.56",
            "revenue": 148602
        },
        "2019-04": {
            "month": "2019-04",
            "price": "17.72",
            "revenue": 143987
        },
        "2019-05": {
            "month": "2019-05",
            "price": "19.05",
            "revenue": 141714
        },
        "2019-06": {
            "month": "2019-06",
            "price": "20.49",
            "revenue": 135462
        },
        "2019-07": {
            "month": "2019-07",
            "price": "20.37",
            "revenue": 149156
        },
        "2019-08": {
            "month": "2019-08",
            "price": "22.87",
            "revenue": 680436
        },
        "2019-09": {
            "month": "2019-09",
            "price": "21.28",
            "revenue": 147094
        },
        "2019-10": {
            "month": "2019-10",
            "price": "21.18",
            "revenue": 150014
        },
        "2019-11": {
            "month": "2019-11",
            "price": "23.09",
            "revenue": 152917
        },
        "2019-12": {
            "month": "2019-12",
            "price": "26.81",
            "revenue": 154910
        },
        "2020-01": {
            "month": "2020-01",
            "price": "25.73",
            "revenue": 136558
        },
        "2020-02": {
            "month": "2020-02",
            "price": "22.58",
            "revenue": 133717
        },
        "2020-03": {
            "month": "2020-03",
            "price": "19.69",
            "revenue": 158381
        },
        "2020-04": {
            "month": "2020-04",
            "price": "20.98",
            "revenue": 151351
        },
        "2020-05": {
            "month": "2020-05",
            "price": "22.14",
            "revenue": 159672
        },
        "2020-06": {
            "month": "2020-06",
            "price": "24.69",
            "revenue": 148027
        },
        "2020-07": {
            "month": "2020-07",
            "price": "25.97",
            "revenue": 165353
        },
        "2020-08": {
            "month": "2020-08",
            "price": "25.95",
            "revenue": 157695
        },
        "2020-09": {
            "month": "2020-09",
            "price": "27.76",
            "revenue": 157998
        },
        "2020-10": {
            "month": "2020-10",
            "price": "28.59",
            "revenue": 175761
        },
        "2020-11": {
            "month": "2020-11",
            "price": "30.03",
            "revenue": 176949
        },
        "2020-12": {
            "month": "2020-12",
            "price": "29.55",
            "revenue": 185927
        },
        "2021-01": {
            "month": "2021-01",
            "price": "27.43",
            "revenue": 189140
        },
        "2021-02": {
            "month": "2021-02",
            "price": "27.54",
            "revenue": 152987
        },
        "2021-03": {
            "month": "2021-03",
            "price": "28.41",
            "revenue": 196512
        },
        "2021-04": {
            "month": "2021-04",
            "price": "30.82",
            "revenue": 187434
        },
        "2021-05": {
            "month": "2021-05",
            "price": "30.99",
            "revenue": 187437
        },
        "2021-06": {
            "month": "2021-06",
            "price": "36.02",
            "revenue": 198797
        },
        "2021-07": {
            "month": "2021-07",
            "price": "36.05",
            "revenue": 206991
        },
        "2021-08": {
            "month": "2021-08",
            "price": "38.96",
            "revenue": 197236
        },
        "2021-09": {
            "month": "2021-09",
            "price": "38.83",
            "revenue": 204985
        },
        "2021-10": {
            "month": "2021-10",
            "price": "45.54",
            "revenue": 253657
        },
        "2021-11": {
            "month": "2021-11",
            "price": "53.43",
            "revenue": 264383
        },
        "2021-12": {
            "month": "2021-12",
            "price": "65.58",
            "revenue": 299229
        },
        "2022-01": {
            "month": "2022-01",
            "price": "67.97",
            "revenue": 285455
        },
        "2022-02": {
            "month": "2022-02",
            "price": "63.91",
            "revenue": 231155
        },
        "2022-03": {
            "month": "2022-03",
            "price": "61.22",
            "revenue": 291532
        },
        "2022-04": {
            "month": "2022-04",
            "price": "53.96",
            "revenue": 275819
        },
        "2022-05": {
            "month": "2022-05",
            "price": "51.58",
            "revenue": 270768
        },
        "2022-06": {
            "month": "2022-06",
            "price": "48.96",
            "revenue": 269594
        },
        "2022-07": {
            "month": "2022-07",
            "price": "48.50",
            "revenue": 265497
        },
        "2022-08": {
            "month": "2022-08",
            "price": "51.68",
            "revenue": 261523
        },
        "2022-09": {
            "month": "2022-09",
            "price": "54.45",
            "revenue": 263237
        },
        "2022-10": {
            "month": "2022-10",
            "price": "56.22",
            "revenue": 267940
        },
        "2022-11": {
            "month": "2022-11",
            "price": "54.21",
            "revenue": 257354
        },
        "2022-12": {
            "month": "2022-12",
            "price": "51.61",
            "revenue": 257470
        },
        "2023-01": {
            "month": "2023-01",
            "price": "52.48",
            "revenue": 211675
        },
        "2023-02": {
            "month": "2023-02",
            "price": "55.00",
            "revenue": 227620
        },
        "2023-03": {
            "month": "2023-03",
            "price": "64.08",
            "revenue": 247030
        },
        "2023-04": {
            "month": "2023-04",
            "price": "71.23",
            "revenue": 227640
        }
    }
}
