{
    "summary": {
        "stock_name": "四維航",
        "stock_id": "5608",
        "category": "航運",
        "main_business": "船務代理業。<br>船舶運送業。<br>船舶及其零件批發/零售業。",
        "website_url": "http://www.swnav.com.tw",
        "ceo": "藍心琪",
        "pe_ratio": 7,
        "report_year_from": 2001,
        "report_year_to": 2023,
        "age": 22,
        "eps_negative_percentage": 32,
        "eps_growth_avg": {
            "last_all": -0.69,
            "last_2y": -10.98,
            "last_4y": -10.98,
            "last_8y": -49.59,
            "last_12y": -36.88,
            "last_16y": -21.03,
            "last_20y": null,
            "at_2006_last_3y": 51.58,
            "at_2007_last_3y": 29.57,
            "at_2008_last_3y": 29.57,
            "at_2009_last_3y": 6.72,
            "at_2010_last_3y": 7.72,
            "at_2011_last_3y": -0.4,
            "at_2012_last_3y": -32.36,
            "at_2013_last_3y": -27.35,
            "at_2014_last_3y": -33.96,
            "at_2015_last_3y": -53.83,
            "at_2016_last_3y": -62.5,
            "at_2017_last_3y": -68.89,
            "at_2018_last_3y": -100,
            "at_2019_last_3y": null,
            "at_2020_last_3y": null,
            "at_2021_last_3y": null,
            "at_2022_last_3y": -10.98,
            "at_2023_last_3y": -10.98,
            "at_2006_last_all": 51.58,
            "at_2007_last_all": 43.66,
            "at_2008_last_all": 53.05,
            "at_2009_last_all": 35.51,
            "at_2010_last_all": 29.65,
            "at_2011_last_all": 24.07,
            "at_2012_last_all": 18.88,
            "at_2013_last_all": 12.65,
            "at_2014_last_all": 8.45,
            "at_2015_last_all": 0.1,
            "at_2016_last_all": 0.1,
            "at_2017_last_all": 0.1,
            "at_2018_last_all": 0.1,
            "at_2019_last_all": 0.1,
            "at_2020_last_all": 0.1,
            "at_2021_last_all": 0.1,
            "at_2022_last_all": -0.69,
            "at_2023_last_all": -0.69
        },
        "latest_eps": 3.63,
        "latest_price": 23.65,
        "latest_roe": 14.4,
        "latest_gross_margin": -4.45,
        "latest_equity": 9475581,
        "latest_revenue": 862893,
        "latest_gross_profit": -38412,
        "latest_net_income": -206433,
        "latest_debt_ratio": 59.64,
        "latest_current_ratio": 79.26,
        "latest_account_receivable_turnover_ratio": 26.35,
        "latest_inventory_turnover_ratio": 5.16,
        "latest_reinvestment_rate": -232.28,
        "latest_research_to_sale_ratio": null
    },
    "eps_dividends": {
        "1999": {
            "cash": 1,
            "stock": 1,
            "eps": 0
        },
        "2000": {
            "cash": 1,
            "stock": 1,
            "eps": 0
        },
        "2001": {
            "cash": 0,
            "stock": 0,
            "eps": 0
        },
        "2002": {
            "cash": 0,
            "stock": 0,
            "eps": 0.67
        },
        "2003": {
            "cash": 0,
            "stock": 0,
            "eps": 1.51
        },
        "2004": {
            "cash": 0,
            "stock": 2,
            "eps": 5.03
        },
        "2005": {
            "cash": 2,
            "stock": 3,
            "eps": 6.12
        },
        "2006": {
            "cash": 3,
            "stock": 1,
            "eps": 5.18
        },
        "2007": {
            "cash": 4,
            "stock": 0,
            "eps": 5.8
        },
        "2008": {
            "cash": 5,
            "stock": 0,
            "eps": 11.63
        },
        "2009": {
            "cash": 5,
            "stock": 0,
            "eps": 3.52
        },
        "2010": {
            "cash": 4,
            "stock": 0,
            "eps": 3.12
        },
        "2011": {
            "cash": 5,
            "stock": 0,
            "eps": 2.48
        },
        "2012": {
            "cash": 0,
            "stock": 0,
            "eps": 1.79
        },
        "2013": {
            "cash": 1,
            "stock": 0,
            "eps": 0.9
        },
        "2014": {
            "cash": 1,
            "stock": 0,
            "eps": 0.56
        },
        "2015": {
            "cash": 1,
            "stock": 1,
            "eps": -0.12
        },
        "2016": {
            "cash": 0,
            "stock": 0,
            "eps": -2.57
        },
        "2017": {
            "cash": 0,
            "stock": 0,
            "eps": -4.8
        },
        "2018": {
            "cash": 0,
            "stock": 0,
            "eps": -0.35
        },
        "2019": {
            "cash": 0,
            "stock": 0,
            "eps": -1.26
        },
        "2020": {
            "cash": 0,
            "stock": 0,
            "eps": -3.27
        },
        "2021": {
            "cash": 0,
            "stock": 0,
            "eps": 6.83
        },
        "2022": {
            "cash": 2,
            "stock": 0,
            "eps": 6.08
        },
        "2023": {
            "cash": 2,
            "stock": 0,
            "eps": -0.5
        }
    },
    "dividends": {
        "1999-06-28": {
            "cash": 1,
            "stock": 0.8
        },
        "2000-12-05": {
            "cash": 1,
            "stock": 1
        },
        "2001-06-14": {
            "cash": 0.2,
            "stock": 0.28
        },
        "2002-06-25": {
            "cash": 0,
            "stock": 0.35
        },
        "2003-05-13": {
            "cash": 0.1,
            "stock": 0.1
        },
        "2004-04-23": {
            "cash": 0.47,
            "stock": 1.85
        },
        "2005-03-16": {
            "cash": 2,
            "stock": 2.5
        },
        "2006-03-24": {
            "cash": 2.5,
            "stock": 1
        },
        "2007-04-10": {
            "cash": 3.55,
            "stock": 0.49
        },
        "2008-04-14": {
            "cash": 5,
            "stock": 0.25
        },
        "2009-03-31": {
            "cash": 5,
            "stock": 0.25
        },
        "2010-04-07": {
            "cash": 4,
            "stock": 0
        },
        "2011-01-01": {
            "cash": 1.5,
            "stock": 0
        },
        "2011-03-31": {
            "cash": 3,
            "stock": 0
        },
        "2013-03-26": {
            "cash": 1,
            "stock": 0
        },
        "2014-11-21": {
            "cash": 1,
            "stock": 0
        },
        "2015-11-13": {
            "cash": 0.51,
            "stock": 0.5
        },
        "2022-08-12": {
            "cash": 2,
            "stock": 0
        },
        "2023-03-30": {
            "cash": 1.5,
            "stock": 0
        }
    },
    "prices": {
        "200101": "無",
        "200102": "無",
        "200103": "無",
        "200104": "無",
        "200105": "無",
        "200106": "無",
        "200107": "7.39",
        "200108": "6.18",
        "200109": "4.89",
        "200110": "5.46",
        "200111": "5.54",
        "200112": "5.13",
        "200201": "5.08",
        "200202": "5.12",
        "200203": "5.53",
        "200204": "7.09",
        "200205": "7.87",
        "200206": "7.94",
        "200207": "7.63",
        "200208": "6.94",
        "200209": "6.90",
        "200210": "6.93",
        "200211": "7.13",
        "200212": "8.34",
        "200301": "9.34",
        "200302": "9.46",
        "200303": "9.31",
        "200304": "9.67",
        "200305": "9.50",
        "200306": "9.16",
        "200307": "9.03",
        "200308": "10.92",
        "200309": "11.70",
        "200310": "15.20",
        "200311": "14.19",
        "200312": "15.38",
        "200401": "22.14",
        "200402": "22.66",
        "200403": "24.41",
        "200404": "22.11",
        "200405": "17.90",
        "200406": "20.16",
        "200407": "20.79",
        "200408": "19.19",
        "200409": "30.39",
        "200410": "38.70",
        "200411": "36.29",
        "200412": "37.77",
        "200501": "35.95",
        "200502": "36.28",
        "200503": "37.21",
        "200504": "36.44",
        "200505": "34.86",
        "200506": "31.17",
        "200507": "27.43",
        "200508": "27.76",
        "200509": "27.80",
        "200510": "25.56",
        "200511": "24.76",
        "200512": "26.27",
        "200601": "26.12",
        "200602": "27.19",
        "200603": "26.31",
        "200604": "27.59",
        "200605": "28.59",
        "200606": "27.18",
        "200607": "28.25",
        "200608": "25.48",
        "200609": "25.31",
        "200610": "26.69",
        "200611": "29.17",
        "200612": "30.12",
        "200701": "31.05",
        "200702": "31.95",
        "200703": "37.02",
        "200704": "44.72",
        "200705": "45.76",
        "200706": "46.28",
        "200707": "57.22",
        "200708": "61.97",
        "200709": "66.80",
        "200710": "74.05",
        "200711": "55.35",
        "200712": "51.79",
        "200801": "49.16",
        "200802": "53.44",
        "200803": "56.76",
        "200804": "64.15",
        "200805": "69.14",
        "200806": "61.46",
        "200807": "55.77",
        "200808": "52.75",
        "200809": "47.53",
        "200810": "33.30",
        "200811": "36.59",
        "200812": "34.87",
        "200901": "36.27",
        "200902": "37.94",
        "200903": "40.70",
        "200904": "43.91",
        "200905": "46.36",
        "200906": "49.08",
        "200907": "53.30",
        "200908": "48.38",
        "200909": "45.95",
        "200910": "47.33",
        "200911": "45.17",
        "200912": "44.40",
        "201001": "45.17",
        "201002": "39.61",
        "201003": "40.76",
        "201004": "43.06",
        "201005": "42.41",
        "201006": "42.45",
        "201007": "44.32",
        "201008": "42.12",
        "201009": "39.43",
        "201010": "39.42",
        "201011": "39.33",
        "201012": "39.14",
        "201101": "39.22",
        "201102": "38.89",
        "201103": "38.08",
        "201104": "38.99",
        "201105": "39.17",
        "201106": "38.95",
        "201107": "39.08",
        "201108": "33.91",
        "201109": "32.00",
        "201110": "30.94",
        "201111": "27.68",
        "201112": "25.32",
        "201201": "25.17",
        "201202": "28.74",
        "201203": "28.90",
        "201204": "26.70",
        "201205": "27.20",
        "201206": "26.50",
        "201207": "27.03",
        "201208": "25.93",
        "201209": "25.26",
        "201210": "24.96",
        "201211": "20.92",
        "201212": "21.73",
        "201301": "22.81",
        "201302": "22.03",
        "201303": "20.67",
        "201304": "21.26",
        "201305": "21.40",
        "201306": "20.42",
        "201307": "20.50",
        "201308": "20.56",
        "201309": "21.35",
        "201310": "21.36",
        "201311": "20.35",
        "201312": "20.86",
        "201401": "21.24",
        "201402": "20.71",
        "201403": "20.49",
        "201404": "20.71",
        "201405": "20.28",
        "201406": "20.27",
        "201407": "20.31",
        "201408": "20.59",
        "201409": "20.75",
        "201410": "19.50",
        "201411": "17.90",
        "201412": "18.02",
        "201501": "18.49",
        "201502": "17.74",
        "201503": "18.16",
        "201504": "18.13",
        "201505": "17.62",
        "201506": "15.97",
        "201507": "15.77",
        "201508": "14.43",
        "201509": "13.36",
        "201510": "13.21",
        "201511": "12.90",
        "201512": "11.68",
        "201601": "11.32",
        "201602": "11.80",
        "201603": "12.82",
        "201604": "11.65",
        "201605": "10.38",
        "201606": "9.90",
        "201607": "10.04",
        "201608": "9.48",
        "201609": "9.35",
        "201610": "9.11",
        "201611": "9.27",
        "201612": "8.98",
        "201701": "9.03",
        "201702": "10.06",
        "201703": "10.75",
        "201704": "10.49",
        "201705": "9.52",
        "201706": "9.42",
        "201707": "9.27",
        "201708": "9.15",
        "201709": "9.05",
        "201710": "8.78",
        "201711": "8.74",
        "201712": "8.96",
        "201801": "9.31",
        "201802": "8.82",
        "201803": "8.31",
        "201804": "7.39",
        "201805": "7.57",
        "201806": "7.50",
        "201807": "7.36",
        "201808": "7.82",
        "201809": "7.94",
        "201810": "7.79",
        "201811": "7.30",
        "201812": "7.46",
        "201901": "7.39",
        "201902": "8.56",
        "201903": "10.48",
        "201904": "9.60",
        "201905": "8.94",
        "201906": "8.48",
        "201907": "9.09",
        "201908": "8.87",
        "201909": "8.85",
        "201910": "8.67",
        "201911": "8.40",
        "201912": "8.22",
        "202001": "7.87",
        "202002": "6.92",
        "202003": "5.60",
        "202004": "5.17",
        "202005": "5.31",
        "202006": "6.13",
        "202007": "6.39",
        "202008": "6.24",
        "202009": "7.11",
        "202010": "6.87",
        "202011": "7.19",
        "202012": "9.62",
        "202101": "11.18",
        "202102": "10.94",
        "202103": "14.51",
        "202104": "24.70",
        "202105": "31.34",
        "202106": "49.23",
        "202107": "57.44",
        "202108": "55.40",
        "202109": "58.80",
        "202110": "44.55",
        "202111": "42.71",
        "202112": "46.30",
        "202201": "40.10",
        "202202": "41.34",
        "202203": "44.80",
        "202204": "44.55",
        "202205": "44.41",
        "202206": "38.18",
        "202207": "31.58",
        "202208": "30.69",
        "202209": "26.88",
        "202210": "25.27",
        "202211": "23.70",
        "202212": "25.59",
        "202301": "24.38",
        "202302": "24.66",
        "202303": "27.98",
        "202304": "26.18",
        "202305": "23.91"
    },
    "quarters": {
        "20011": {
            "year_quarter": 20011,
            "year": 2001,
            "quarter": 1,
            "eps": null,
            "eps_growth_year": null,
            "eps_4q": null,
            "eps_4q_growth_year": null,
            "roe": null,
            "roe_4q": 0,
            "gross_profit": null,
            "gross_margin": null,
            "gross_margin_4q_avg": 0,
            "net_income": null,
            "revenue": null,
            "common_shares": null,
            "book_valuer_per_share": null,
            "book_valuer_per_share_4q_avg": 0,
            "equity": null,
            "current_ratio": null,
            "debt_ratio": null,
            "inventory_turnover_ratio": null,
            "account_receivable_turnover_ratio": null,
            "reinvestment_rate": null,
            "research_to_sale_ratio": null,
            "price_fair": 0,
            "eps_avg_yearly": 0,
            "eps_latest_yearly": 0,
            "eps_growth_yearly": 0
        },
        "20012": {
            "year_quarter": 20012,
            "year": 2001,
            "quarter": 2,
            "eps": null,
            "eps_growth_year": null,
            "eps_4q": null,
            "eps_4q_growth_year": null,
            "roe": null,
            "roe_4q": 0,
            "gross_profit": null,
            "gross_margin": null,
            "gross_margin_4q_avg": 0,
            "net_income": null,
            "revenue": null,
            "common_shares": null,
            "book_valuer_per_share": null,
            "book_valuer_per_share_4q_avg": 0,
            "equity": null,
            "current_ratio": null,
            "debt_ratio": null,
            "inventory_turnover_ratio": null,
            "account_receivable_turnover_ratio": null,
            "reinvestment_rate": null,
            "research_to_sale_ratio": null,
            "price_fair": 0,
            "eps_avg_yearly": 0,
            "eps_latest_yearly": 0,
            "eps_growth_yearly": 0
        },
        "20013": {
            "year_quarter": 20013,
            "year": 2001,
            "quarter": 3,
            "eps": null,
            "eps_growth_year": null,
            "eps_4q": null,
            "eps_4q_growth_year": null,
            "roe": null,
            "roe_4q": 0,
            "gross_profit": null,
            "gross_margin": null,
            "gross_margin_4q_avg": 0,
            "net_income": null,
            "revenue": null,
            "common_shares": null,
            "book_valuer_per_share": null,
            "book_valuer_per_share_4q_avg": 0,
            "equity": null,
            "current_ratio": null,
            "debt_ratio": null,
            "inventory_turnover_ratio": null,
            "account_receivable_turnover_ratio": null,
            "reinvestment_rate": null,
            "research_to_sale_ratio": null,
            "price_fair": 0,
            "eps_avg_yearly": 0,
            "eps_latest_yearly": 0,
            "eps_growth_yearly": 0
        },
        "20014": {
            "year_quarter": 20014,
            "year": 2001,
            "quarter": 4,
            "eps": null,
            "eps_growth_year": null,
            "eps_4q": null,
            "eps_4q_growth_year": null,
            "roe": null,
            "roe_4q": 0,
            "gross_profit": null,
            "gross_margin": null,
            "gross_margin_4q_avg": 0,
            "net_income": null,
            "revenue": null,
            "common_shares": 1471275,
            "book_valuer_per_share": 14.5,
            "book_valuer_per_share_4q_avg": 3.63,
            "equity": 2132731,
            "current_ratio": 47.49,
            "debt_ratio": 68.26,
            "inventory_turnover_ratio": null,
            "account_receivable_turnover_ratio": null,
            "reinvestment_rate": null,
            "research_to_sale_ratio": null,
            "price_fair": 0,
            "eps_avg_yearly": 0,
            "eps_latest_yearly": 0,
            "eps_growth_yearly": 0
        },
        "20021": {
            "year_quarter": 20021,
            "year": 2002,
            "quarter": 1,
            "eps": 0.19,
            "eps_growth_year": null,
            "eps_4q": null,
            "eps_4q_growth_year": null,
            "roe": 1.31,
            "roe_4q": 1.31,
            "gross_profit": 19971,
            "gross_margin": 18.88,
            "gross_margin_4q_avg": 4.72,
            "net_income": 28673,
            "revenue": 105789,
            "common_shares": 1471275,
            "book_valuer_per_share": 15.2,
            "book_valuer_per_share_4q_avg": 7.43,
            "equity": 2236104,
            "current_ratio": 90.72,
            "debt_ratio": 35.12,
            "inventory_turnover_ratio": null,
            "account_receivable_turnover_ratio": null,
            "reinvestment_rate": null,
            "research_to_sale_ratio": null,
            "price_fair": 0,
            "eps_avg_yearly": 0,
            "eps_latest_yearly": 0,
            "eps_growth_yearly": 0
        },
        "20022": {
            "year_quarter": 20022,
            "year": 2002,
            "quarter": 2,
            "eps": 0.15,
            "eps_growth_year": null,
            "eps_4q": null,
            "eps_4q_growth_year": null,
            "roe": 0.99,
            "roe_4q": 2.3,
            "gross_profit": 17594,
            "gross_margin": 16.02,
            "gross_margin_4q_avg": 8.73,
            "net_income": 21885,
            "revenue": 109796,
            "common_shares": 1471275,
            "book_valuer_per_share": 14.71,
            "book_valuer_per_share_4q_avg": 11.1,
            "equity": 2164945,
            "current_ratio": 87.96,
            "debt_ratio": 34.44,
            "inventory_turnover_ratio": null,
            "account_receivable_turnover_ratio": null,
            "reinvestment_rate": null,
            "research_to_sale_ratio": null,
            "price_fair": 1.8,
            "eps_avg_yearly": 0.6,
            "eps_latest_yearly": 0.6,
            "eps_growth_yearly": -84.21
        },
        "20023": {
            "year_quarter": 20023,
            "year": 2002,
            "quarter": 3,
            "eps": 0.29,
            "eps_growth_year": null,
            "eps_4q": null,
            "eps_4q_growth_year": null,
            "roe": 1.91,
            "roe_4q": 4.21,
            "gross_profit": 27088,
            "gross_margin": 23.83,
            "gross_margin_4q_avg": 14.68,
            "net_income": 42695,
            "revenue": 113695,
            "common_shares": 1471275,
            "book_valuer_per_share": 15.62,
            "book_valuer_per_share_4q_avg": 15.01,
            "equity": 2297487,
            "current_ratio": 87.52,
            "debt_ratio": 32.35,
            "inventory_turnover_ratio": null,
            "account_receivable_turnover_ratio": null,
            "reinvestment_rate": null,
            "research_to_sale_ratio": null,
            "price_fair": 30.8,
            "eps_avg_yearly": 0.88,
            "eps_latest_yearly": 1.16,
            "eps_growth_yearly": 144.56
        },
        "20024": {
            "year_quarter": 20024,
            "year": 2002,
            "quarter": 4,
            "eps": 0.04,
            "eps_growth_year": null,
            "eps_4q": 0.68,
            "eps_4q_growth_year": null,
            "roe": 0.26,
            "roe_4q": 4.470000000000001,
            "gross_profit": 40692,
            "gross_margin": 34.13,
            "gross_margin_4q_avg": 23.22,
            "net_income": 5859,
            "revenue": 119239,
            "common_shares": 1525770,
            "book_valuer_per_share": 15.01,
            "book_valuer_per_share_4q_avg": 15.14,
            "equity": 2289894,
            "current_ratio": 33.86,
            "debt_ratio": 66.16,
            "inventory_turnover_ratio": null,
            "account_receivable_turnover_ratio": null,
            "reinvestment_rate": null,
            "research_to_sale_ratio": null,
            "price_fair": 1.92,
            "eps_avg_yearly": 0.64,
            "eps_latest_yearly": 0.16,
            "eps_growth_yearly": -18.57
        },
        "20031": {
            "year_quarter": 20031,
            "year": 2003,
            "quarter": 1,
            "eps": 0.21,
            "eps_growth_year": 10.53,
            "eps_4q": 0.67,
            "eps_4q_growth_year": null,
            "roe": 1.39,
            "roe_4q": 4.55,
            "gross_profit": 32552,
            "gross_margin": 29.7,
            "gross_margin_4q_avg": 25.92,
            "net_income": 31995,
            "revenue": 109608,
            "common_shares": 1525770,
            "book_valuer_per_share": 15.22,
            "book_valuer_per_share_4q_avg": 15.14,
            "equity": 2321576,
            "current_ratio": 95.03,
            "debt_ratio": 26.51,
            "inventory_turnover_ratio": null,
            "account_receivable_turnover_ratio": null,
            "reinvestment_rate": null,
            "research_to_sale_ratio": null,
            "price_fair": 24.15,
            "eps_avg_yearly": 0.69,
            "eps_latest_yearly": 0.84,
            "eps_growth_yearly": 411.07
        },
        "20032": {
            "year_quarter": 20032,
            "year": 2003,
            "quarter": 2,
            "eps": 0.23,
            "eps_growth_year": 53.33,
            "eps_4q": 0.76,
            "eps_4q_growth_year": null,
            "roe": 1.51,
            "roe_4q": 5.07,
            "gross_profit": 29275,
            "gross_margin": 25.49,
            "gross_margin_4q_avg": 28.29,
            "net_income": 35082,
            "revenue": 114837,
            "common_shares": 1525770,
            "book_valuer_per_share": 15.26,
            "book_valuer_per_share_4q_avg": 15.28,
            "equity": 2328120,
            "current_ratio": 83.75,
            "debt_ratio": 18.02,
            "inventory_turnover_ratio": null,
            "account_receivable_turnover_ratio": null,
            "reinvestment_rate": null,
            "research_to_sale_ratio": null,
            "price_fair": 25.76,
            "eps_avg_yearly": 0.74,
            "eps_latest_yearly": 0.92,
            "eps_growth_yearly": 336.48
        },
        "20033": {
            "year_quarter": 20033,
            "year": 2003,
            "quarter": 3,
            "eps": 0.54,
            "eps_growth_year": 86.21,
            "eps_4q": 1.02,
            "eps_4q_growth_year": null,
            "roe": 3.52,
            "roe_4q": 6.68,
            "gross_profit": 42220,
            "gross_margin": 35.45,
            "gross_margin_4q_avg": 31.19,
            "net_income": 82415,
            "revenue": 119087,
            "common_shares": 1525770,
            "book_valuer_per_share": 15.43,
            "book_valuer_per_share_4q_avg": 15.23,
            "equity": 2354146,
            "current_ratio": 89.87,
            "debt_ratio": 17.98,
            "inventory_turnover_ratio": null,
            "account_receivable_turnover_ratio": null,
            "reinvestment_rate": null,
            "research_to_sale_ratio": null,
            "price_fair": 34.07,
            "eps_avg_yearly": 0.97,
            "eps_latest_yearly": 2.16,
            "eps_growth_yearly": 370.25
        },
        "20034": {
            "year_quarter": 20034,
            "year": 2003,
            "quarter": 4,
            "eps": 0.53,
            "eps_growth_year": 1225,
            "eps_4q": 1.5,
            "eps_4q_growth_year": 122.2,
            "roe": 3.39,
            "roe_4q": 9.81,
            "gross_profit": 39222,
            "gross_margin": 34.78,
            "gross_margin_4q_avg": 31.36,
            "net_income": 81385,
            "revenue": 112783,
            "common_shares": 1541028,
            "book_valuer_per_share": 15.88,
            "book_valuer_per_share_4q_avg": 15.45,
            "equity": 2447276,
            "current_ratio": 32.19,
            "debt_ratio": 66.44,
            "inventory_turnover_ratio": null,
            "account_receivable_turnover_ratio": null,
            "reinvestment_rate": null,
            "research_to_sale_ratio": null,
            "price_fair": 39.8,
            "eps_avg_yearly": 1.14,
            "eps_latest_yearly": 2.12,
            "eps_growth_yearly": 316.3
        },
        "20041": {
            "year_quarter": 20041,
            "year": 2004,
            "quarter": 1,
            "eps": 0.72,
            "eps_growth_year": 242.86,
            "eps_4q": 2.01,
            "eps_4q_growth_year": 199.61,
            "roe": 4.48,
            "roe_4q": 12.9,
            "gross_profit": 31741,
            "gross_margin": 42.68,
            "gross_margin_4q_avg": 34.6,
            "net_income": 110628,
            "revenue": 74361,
            "common_shares": 1541028,
            "book_valuer_per_share": 16.16,
            "book_valuer_per_share_4q_avg": 15.68,
            "equity": 2489536,
            "current_ratio": 90.61,
            "debt_ratio": 20.58,
            "inventory_turnover_ratio": null,
            "account_receivable_turnover_ratio": null,
            "reinvestment_rate": null,
            "research_to_sale_ratio": null,
            "price_fair": 47.43,
            "eps_avg_yearly": 1.36,
            "eps_latest_yearly": 2.88,
            "eps_growth_yearly": 294.69
        },
        "20042": {
            "year_quarter": 20042,
            "year": 2004,
            "quarter": 2,
            "eps": 1.21,
            "eps_growth_year": 426.09,
            "eps_4q": 2.98,
            "eps_4q_growth_year": 292.58,
            "roe": 7.13,
            "roe_4q": 18.52,
            "gross_profit": 32403,
            "gross_margin": 35.68,
            "gross_margin_4q_avg": 37.15,
            "net_income": 188019,
            "revenue": 90821,
            "common_shares": 1625515,
            "book_valuer_per_share": 17.13,
            "book_valuer_per_share_4q_avg": 16.15,
            "equity": 2783695,
            "current_ratio": 71.92,
            "debt_ratio": 18.46,
            "inventory_turnover_ratio": null,
            "account_receivable_turnover_ratio": null,
            "reinvestment_rate": null,
            "research_to_sale_ratio": null,
            "price_fair": 60.98,
            "eps_avg_yearly": 1.74,
            "eps_latest_yearly": 4.84,
            "eps_growth_yearly": 292.19
        },
        "20043": {
            "year_quarter": 20043,
            "year": 2004,
            "quarter": 3,
            "eps": 1.33,
            "eps_growth_year": 146.3,
            "eps_4q": 3.34,
            "eps_4q_growth_year": 228,
            "roe": 8.48,
            "roe_4q": 23.48,
            "gross_profit": 48926,
            "gross_margin": 47.43,
            "gross_margin_4q_avg": 40.14,
            "net_income": 251631,
            "revenue": 103154,
            "common_shares": 2009418,
            "book_valuer_per_share": 15.69,
            "book_valuer_per_share_4q_avg": 16.22,
            "equity": 3153231,
            "current_ratio": 67.3,
            "debt_ratio": 10.37,
            "inventory_turnover_ratio": null,
            "account_receivable_turnover_ratio": null,
            "reinvestment_rate": null,
            "research_to_sale_ratio": null,
            "price_fair": 73.5,
            "eps_avg_yearly": 2.1,
            "eps_latest_yearly": 5.32,
            "eps_growth_yearly": 266.94
        },
        "20044": {
            "year_quarter": 20044,
            "year": 2004,
            "quarter": 4,
            "eps": 1.77,
            "eps_growth_year": 233.96,
            "eps_4q": 4.64,
            "eps_4q_growth_year": 208.92,
            "roe": 10.54,
            "roe_4q": 30.63,
            "gross_profit": 38645,
            "gross_margin": 40.56,
            "gross_margin_4q_avg": 41.59,
            "net_income": 338818,
            "revenue": 95281,
            "common_shares": 2013578,
            "book_valuer_per_share": 16.28,
            "book_valuer_per_share_4q_avg": 16.32,
            "equity": 3277841,
            "current_ratio": 70.21,
            "debt_ratio": 58.09,
            "inventory_turnover_ratio": null,
            "account_receivable_turnover_ratio": null,
            "reinvestment_rate": null,
            "research_to_sale_ratio": null,
            "price_fair": 89.35,
            "eps_avg_yearly": 2.55,
            "eps_latest_yearly": 7.08,
            "eps_growth_yearly": 254.7
        },
        "20051": {
            "year_quarter": 20051,
            "year": 2005,
            "quarter": 1,
            "eps": 1.73,
            "eps_growth_year": 140.28,
            "eps_4q": 5.6,
            "eps_4q_growth_year": 177.86,
            "roe": 10.11,
            "roe_4q": 36.26,
            "gross_profit": 39465,
            "gross_margin": 43.56,
            "gross_margin_4q_avg": 41.81,
            "net_income": 348245,
            "revenue": 90597,
            "common_shares": 2013578,
            "book_valuer_per_share": 17.92,
            "book_valuer_per_share_4q_avg": 16.76,
            "equity": 3609269,
            "current_ratio": 72.63,
            "debt_ratio": 7.76,
            "inventory_turnover_ratio": null,
            "account_receivable_turnover_ratio": null,
            "reinvestment_rate": null,
            "research_to_sale_ratio": null,
            "price_fair": 102.08,
            "eps_avg_yearly": 2.92,
            "eps_latest_yearly": 6.92,
            "eps_growth_yearly": 232.72
        },
        "20052": {
            "year_quarter": 20052,
            "year": 2005,
            "quarter": 2,
            "eps": 1.49,
            "eps_growth_year": 23.14,
            "eps_4q": 5.2,
            "eps_4q_growth_year": 74.82,
            "roe": 10.48,
            "roe_4q": 39.61,
            "gross_profit": 33574,
            "gross_margin": 37.58,
            "gross_margin_4q_avg": 42.28,
            "net_income": 376720,
            "revenue": 89341,
            "common_shares": 2524973,
            "book_valuer_per_share": 14.17,
            "book_valuer_per_share_4q_avg": 16.02,
            "equity": 3579105,
            "current_ratio": 57.87,
            "debt_ratio": 18.86,
            "inventory_turnover_ratio": null,
            "account_receivable_turnover_ratio": null,
            "reinvestment_rate": null,
            "research_to_sale_ratio": null,
            "price_fair": 110.28,
            "eps_avg_yearly": 3.15,
            "eps_latest_yearly": 5.96,
            "eps_growth_yearly": 210.55
        },
        "20053": {
            "year_quarter": 20053,
            "year": 2005,
            "quarter": 3,
            "eps": 1.46,
            "eps_growth_year": 9.77,
            "eps_4q": 5.66,
            "eps_4q_growth_year": 69.51,
            "roe": 9.58,
            "roe_4q": 40.71,
            "gross_profit": 38267,
            "gross_margin": 43.32,
            "gross_margin_4q_avg": 41.26,
            "net_income": 369846,
            "revenue": 88344,
            "common_shares": 2524973,
            "book_valuer_per_share": 16.4,
            "book_valuer_per_share_4q_avg": 16.19,
            "equity": 4141861,
            "current_ratio": 53.81,
            "debt_ratio": 11.9,
            "inventory_turnover_ratio": null,
            "account_receivable_turnover_ratio": null,
            "reinvestment_rate": null,
            "research_to_sale_ratio": null,
            "price_fair": 117,
            "eps_avg_yearly": 3.34,
            "eps_latest_yearly": 5.84,
            "eps_growth_yearly": 194.94
        },
        "20054": {
            "year_quarter": 20054,
            "year": 2005,
            "quarter": 4,
            "eps": 1.44,
            "eps_growth_year": -18.64,
            "eps_4q": 5.77,
            "eps_4q_growth_year": 24.26,
            "roe": 8.47,
            "roe_4q": 38.64,
            "gross_profit": 37110,
            "gross_margin": 41.13,
            "gross_margin_4q_avg": 41.4,
            "net_income": 363979,
            "revenue": 90222,
            "common_shares": 2524973,
            "book_valuer_per_share": 17.63,
            "book_valuer_per_share_4q_avg": 16.53,
            "equity": 4452072,
            "current_ratio": 147.25,
            "debt_ratio": 53.22,
            "inventory_turnover_ratio": null,
            "account_receivable_turnover_ratio": null,
            "reinvestment_rate": 71.38,
            "research_to_sale_ratio": null,
            "price_fair": 122.64,
            "eps_avg_yearly": 3.5,
            "eps_latest_yearly": 5.76,
            "eps_growth_yearly": 181.58
        },
        "20061": {
            "year_quarter": 20061,
            "year": 2006,
            "quarter": 1,
            "eps": 1.07,
            "eps_growth_year": -38.15,
            "eps_4q": 5.49,
            "eps_4q_growth_year": -1.98,
            "roe": 5.9,
            "roe_4q": 34.43000000000001,
            "gross_profit": 24792,
            "gross_margin": 35.09,
            "gross_margin_4q_avg": 39.28,
            "net_income": 269063,
            "revenue": 70651,
            "common_shares": 2524973,
            "book_valuer_per_share": 18.49,
            "book_valuer_per_share_4q_avg": 16.67,
            "equity": 4667460,
            "current_ratio": 92.35,
            "debt_ratio": 13.19,
            "inventory_turnover_ratio": null,
            "account_receivable_turnover_ratio": null,
            "reinvestment_rate": -0.63,
            "research_to_sale_ratio": null,
            "price_fair": 124.34,
            "eps_avg_yearly": 3.55,
            "eps_latest_yearly": 4.28,
            "eps_growth_yearly": 163.81
        },
        "20062": {
            "year_quarter": 20062,
            "year": 2006,
            "quarter": 2,
            "eps": 0.8,
            "eps_growth_year": -46.31,
            "eps_4q": 4.41,
            "eps_4q_growth_year": -15.24,
            "roe": 5,
            "roe_4q": 28.950000000000003,
            "gross_profit": 38756,
            "gross_margin": 47.72,
            "gross_margin_4q_avg": 41.82,
            "net_income": 222249,
            "revenue": 81224,
            "common_shares": 2524973,
            "book_valuer_per_share": 16.74,
            "book_valuer_per_share_4q_avg": 17.32,
            "equity": 4226319,
            "current_ratio": 34.01,
            "debt_ratio": 26.73,
            "inventory_turnover_ratio": null,
            "account_receivable_turnover_ratio": null,
            "reinvestment_rate": 4.94,
            "research_to_sale_ratio": null,
            "price_fair": 130.03,
            "eps_avg_yearly": 3.72,
            "eps_latest_yearly": 3.2,
            "eps_growth_yearly": 162.76
        },
        "20063": {
            "year_quarter": 20063,
            "year": 2006,
            "quarter": 3,
            "eps": 1.49,
            "eps_growth_year": 2.05,
            "eps_4q": 4.56,
            "eps_4q_growth_year": -19.43,
            "roe": 9.25,
            "roe_4q": 28.619999999999997,
            "gross_profit": 26244,
            "gross_margin": 32.54,
            "gross_margin_4q_avg": 39.12,
            "net_income": 415168,
            "revenue": 80648,
            "common_shares": 2784970,
            "book_valuer_per_share": 17.06,
            "book_valuer_per_share_4q_avg": 17.48,
            "equity": 4751021,
            "current_ratio": 91.66,
            "debt_ratio": 20.02,
            "inventory_turnover_ratio": null,
            "account_receivable_turnover_ratio": null,
            "reinvestment_rate": 4.43,
            "research_to_sale_ratio": null,
            "price_fair": 140.53,
            "eps_avg_yearly": 4.02,
            "eps_latest_yearly": 5.96,
            "eps_growth_yearly": 160.99
        },
        "20064": {
            "year_quarter": 20064,
            "year": 2006,
            "quarter": 4,
            "eps": 1.82,
            "eps_growth_year": 26.39,
            "eps_4q": 5.07,
            "eps_4q_growth_year": -12.07,
            "roe": 9.81,
            "roe_4q": 29.96,
            "gross_profit": 23811,
            "gross_margin": 32.1,
            "gross_margin_4q_avg": 36.86,
            "net_income": 506872,
            "revenue": 74166,
            "common_shares": 2784970,
            "book_valuer_per_share": 20.04,
            "book_valuer_per_share_4q_avg": 18.08,
            "equity": 5580696,
            "current_ratio": 241.3,
            "debt_ratio": 51.17,
            "inventory_turnover_ratio": null,
            "account_receivable_turnover_ratio": null,
            "reinvestment_rate": 67.14,
            "research_to_sale_ratio": null,
            "price_fair": 156.1,
            "eps_avg_yearly": 4.46,
            "eps_latest_yearly": 7.28,
            "eps_growth_yearly": 188.08
        },
        "20071": {
            "year_quarter": 20071,
            "year": 2007,
            "quarter": 1,
            "eps": 1.77,
            "eps_growth_year": 65.42,
            "eps_4q": 5.55,
            "eps_4q_growth_year": 1.09,
            "roe": 8.87,
            "roe_4q": 32.93,
            "gross_profit": 34553,
            "gross_margin": 49.82,
            "gross_margin_4q_avg": 40.55,
            "net_income": 536337,
            "revenue": 69352,
            "common_shares": 3066211,
            "book_valuer_per_share": 21.22,
            "book_valuer_per_share_4q_avg": 18.77,
            "equity": 6506771,
            "current_ratio": 76.27,
            "debt_ratio": 15.57,
            "inventory_turnover_ratio": null,
            "account_receivable_turnover_ratio": null,
            "reinvestment_rate": 3.42,
            "research_to_sale_ratio": null,
            "price_fair": 169.75,
            "eps_avg_yearly": 4.85,
            "eps_latest_yearly": 7.08,
            "eps_growth_yearly": 81.14
        },
        "20072": {
            "year_quarter": 20072,
            "year": 2007,
            "quarter": 2,
            "eps": 1.62,
            "eps_growth_year": 102.5,
            "eps_4q": 6.38,
            "eps_4q_growth_year": 44.57,
            "roe": 7.96,
            "roe_4q": 35.89,
            "gross_profit": 31522,
            "gross_margin": 50.59,
            "gross_margin_4q_avg": 41.26,
            "net_income": 496791,
            "revenue": 62314,
            "common_shares": 3309861,
            "book_valuer_per_share": 18.03,
            "book_valuer_per_share_4q_avg": 19.09,
            "equity": 5968796,
            "current_ratio": 16.8,
            "debt_ratio": 25.93,
            "inventory_turnover_ratio": null,
            "account_receivable_turnover_ratio": null,
            "reinvestment_rate": 0.95,
            "research_to_sale_ratio": null,
            "price_fair": 181.91,
            "eps_avg_yearly": 5.2,
            "eps_latest_yearly": 6.48,
            "eps_growth_yearly": 76.64
        },
        "20073": {
            "year_quarter": 20073,
            "year": 2007,
            "quarter": 3,
            "eps": 1.03,
            "eps_growth_year": -30.87,
            "eps_4q": 5.74,
            "eps_4q_growth_year": 25.81,
            "roe": 5.49,
            "roe_4q": 32.13,
            "gross_profit": 36069,
            "gross_margin": 51.78,
            "gross_margin_4q_avg": 46.07,
            "net_income": 337042,
            "revenue": 69655,
            "common_shares": 3349300,
            "book_valuer_per_share": 18.83,
            "book_valuer_per_share_4q_avg": 19.53,
            "equity": 6307830,
            "current_ratio": 22.99,
            "debt_ratio": 17.29,
            "inventory_turnover_ratio": null,
            "account_receivable_turnover_ratio": null,
            "reinvestment_rate": 0.83,
            "research_to_sale_ratio": null,
            "price_fair": 186.2,
            "eps_avg_yearly": 5.32,
            "eps_latest_yearly": 4.12,
            "eps_growth_yearly": 33.84
        },
        "20074": {
            "year_quarter": 20074,
            "year": 2007,
            "quarter": 4,
            "eps": 1.38,
            "eps_growth_year": -24.18,
            "eps_4q": 5.54,
            "eps_4q_growth_year": 9.26,
            "roe": 6.95,
            "roe_4q": 29.270000000000003,
            "gross_profit": 52658,
            "gross_margin": 65.12,
            "gross_margin_4q_avg": 54.33,
            "net_income": 454013,
            "revenue": 80866,
            "common_shares": 3369857,
            "book_valuer_per_share": 20.05,
            "book_valuer_per_share_4q_avg": 19.53,
            "equity": 6757618,
            "current_ratio": 113.94,
            "debt_ratio": 52.42,
            "inventory_turnover_ratio": null,
            "account_receivable_turnover_ratio": null,
            "reinvestment_rate": 75.46,
            "research_to_sale_ratio": null,
            "price_fair": 193.64,
            "eps_avg_yearly": 5.53,
            "eps_latest_yearly": 5.52,
            "eps_growth_yearly": 42.8
        },
        "20081": {
            "year_quarter": 20081,
            "year": 2008,
            "quarter": 1,
            "eps": 2.53,
            "eps_growth_year": 42.94,
            "eps_4q": 6.35,
            "eps_4q_growth_year": 14.57,
            "roe": 12.17,
            "roe_4q": 32.57,
            "gross_profit": 480325,
            "gross_margin": 47.19,
            "gross_margin_4q_avg": 53.67,
            "net_income": 851925,
            "revenue": 1017901,
            "common_shares": 3369857,
            "book_valuer_per_share": 21.5,
            "book_valuer_per_share_4q_avg": 19.6,
            "equity": 7244412,
            "current_ratio": 165.5,
            "debt_ratio": 46.52,
            "inventory_turnover_ratio": null,
            "account_receivable_turnover_ratio": null,
            "reinvestment_rate": 154.35,
            "research_to_sale_ratio": null,
            "price_fair": 209.48,
            "eps_avg_yearly": 5.99,
            "eps_latest_yearly": 10.12,
            "eps_growth_yearly": 54.67
        },
        "20082": {
            "year_quarter": 20082,
            "year": 2008,
            "quarter": 2,
            "eps": 1.52,
            "eps_growth_year": -6.17,
            "eps_4q": 6.24,
            "eps_4q_growth_year": -2.07,
            "roe": 7.94,
            "roe_4q": 32.55,
            "gross_profit": 706300,
            "gross_margin": 59.96,
            "gross_margin_4q_avg": 56.01,
            "net_income": 528666,
            "revenue": 1177991,
            "common_shares": 3369857,
            "book_valuer_per_share": 18.01,
            "book_valuer_per_share_4q_avg": 19.6,
            "equity": 6069504,
            "current_ratio": 90.74,
            "debt_ratio": 56.62,
            "inventory_turnover_ratio": null,
            "account_receivable_turnover_ratio": null,
            "reinvestment_rate": 160.94,
            "research_to_sale_ratio": null,
            "price_fair": 212.19,
            "eps_avg_yearly": 6.06,
            "eps_latest_yearly": 6.08,
            "eps_growth_yearly": 27.68
        },
        "20083": {
            "year_quarter": 20083,
            "year": 2008,
            "quarter": 3,
            "eps": 6.07,
            "eps_growth_year": 489.32,
            "eps_4q": 11.36,
            "eps_4q_growth_year": 97.98,
            "roe": 28.79,
            "roe_4q": 55.85,
            "gross_profit": 711536,
            "gross_margin": 57.01,
            "gross_margin_4q_avg": 57.32,
            "net_income": 2106548,
            "revenue": 1248076,
            "common_shares": 3472603,
            "book_valuer_per_share": 24.66,
            "book_valuer_per_share_4q_avg": 21.06,
            "equity": 8564801,
            "current_ratio": 237.4,
            "debt_ratio": 46.81,
            "inventory_turnover_ratio": null,
            "account_receivable_turnover_ratio": null,
            "reinvestment_rate": 136.02,
            "research_to_sale_ratio": null,
            "price_fair": 253.66,
            "eps_avg_yearly": 7.25,
            "eps_latest_yearly": 24.28,
            "eps_growth_yearly": 100.03
        },
        "20084": {
            "year_quarter": 20084,
            "year": 2008,
            "quarter": 4,
            "eps": 1.51,
            "eps_growth_year": 9.42,
            "eps_4q": 11.56,
            "eps_4q_growth_year": 108.54,
            "roe": 5.9,
            "roe_4q": 54.8,
            "gross_profit": 520739,
            "gross_margin": 44.93,
            "gross_margin_4q_avg": 52.27,
            "net_income": 523796,
            "revenue": 1159056,
            "common_shares": 3472603,
            "book_valuer_per_share": 26.51,
            "book_valuer_per_share_4q_avg": 22.67,
            "equity": 9206081,
            "current_ratio": 276.45,
            "debt_ratio": 49.66,
            "inventory_turnover_ratio": null,
            "account_receivable_turnover_ratio": 180.82,
            "reinvestment_rate": 76.86,
            "research_to_sale_ratio": null,
            "price_fair": 251.39,
            "eps_avg_yearly": 7.18,
            "eps_latest_yearly": 6.04,
            "eps_growth_yearly": 72.98
        },
        "20091": {
            "year_quarter": 20091,
            "year": 2009,
            "quarter": 1,
            "eps": 1.14,
            "eps_growth_year": -54.94,
            "eps_4q": 10.25,
            "eps_4q_growth_year": 61.27,
            "roe": 4.15,
            "roe_4q": 46.78,
            "gross_profit": 406640,
            "gross_margin": 39.98,
            "gross_margin_4q_avg": 50.47,
            "net_income": 395391,
            "revenue": 1017133,
            "common_shares": 3472603,
            "book_valuer_per_share": 28.36,
            "book_valuer_per_share_4q_avg": 24.39,
            "equity": 9849760,
            "current_ratio": 258.15,
            "debt_ratio": 51.67,
            "inventory_turnover_ratio": null,
            "account_receivable_turnover_ratio": 158.68,
            "reinvestment_rate": 168.16,
            "research_to_sale_ratio": null,
            "price_fair": 246.23,
            "eps_avg_yearly": 7.04,
            "eps_latest_yearly": 4.56,
            "eps_growth_yearly": 67.42
        },
        "20092": {
            "year_quarter": 20092,
            "year": 2009,
            "quarter": 2,
            "eps": 0.9,
            "eps_growth_year": -40.79,
            "eps_4q": 9.35,
            "eps_4q_growth_year": 49.82,
            "roe": 3.57,
            "roe_4q": 42.41,
            "gross_profit": 458960,
            "gross_margin": 47.73,
            "gross_margin_4q_avg": 47.41,
            "net_income": 322086,
            "revenue": 961526,
            "common_shares": 3472603,
            "book_valuer_per_share": 23.62,
            "book_valuer_per_share_4q_avg": 25.79,
            "equity": 8201093,
            "current_ratio": 130.54,
            "debt_ratio": 60.06,
            "inventory_turnover_ratio": null,
            "account_receivable_turnover_ratio": 257.16,
            "reinvestment_rate": 173.57,
            "research_to_sale_ratio": null,
            "price_fair": 241.06,
            "eps_avg_yearly": 6.89,
            "eps_latest_yearly": 3.6,
            "eps_growth_yearly": 65.63
        },
        "20093": {
            "year_quarter": 20093,
            "year": 2009,
            "quarter": 3,
            "eps": 0.69,
            "eps_growth_year": -88.63,
            "eps_4q": 4.15,
            "eps_4q_growth_year": -63.42,
            "roe": 2.99,
            "roe_4q": 16.61,
            "gross_profit": 345828,
            "gross_margin": 37.22,
            "gross_margin_4q_avg": 42.47,
            "net_income": 247229,
            "revenue": 929261,
            "common_shares": 3563500,
            "book_valuer_per_share": 23.35,
            "book_valuer_per_share_4q_avg": 25.46,
            "equity": 8320171,
            "current_ratio": 136.3,
            "debt_ratio": 58.02,
            "inventory_turnover_ratio": null,
            "account_receivable_turnover_ratio": 15.48,
            "reinvestment_rate": 183.16,
            "research_to_sale_ratio": null,
            "price_fair": 234.33,
            "eps_avg_yearly": 6.7,
            "eps_latest_yearly": 2.76,
            "eps_growth_yearly": 60.3
        },
        "20094": {
            "year_quarter": 20094,
            "year": 2009,
            "quarter": 4,
            "eps": 0.79,
            "eps_growth_year": -47.68,
            "eps_4q": 3.5,
            "eps_4q_growth_year": -69.76,
            "roe": 3.33,
            "roe_4q": 14.040000000000001,
            "gross_profit": 362148,
            "gross_margin": 36.95,
            "gross_margin_4q_avg": 40.47,
            "net_income": 281310,
            "revenue": 980025,
            "common_shares": 3563500,
            "book_valuer_per_share": 24.06,
            "book_valuer_per_share_4q_avg": 24.85,
            "equity": 8574105,
            "current_ratio": 124.48,
            "debt_ratio": 56.83,
            "inventory_turnover_ratio": 11.79,
            "account_receivable_turnover_ratio": 210.15,
            "reinvestment_rate": 207.85,
            "research_to_sale_ratio": null,
            "price_fair": 228.64,
            "eps_avg_yearly": 6.53,
            "eps_latest_yearly": 3.16,
            "eps_growth_yearly": 64.26
        },
        "20101": {
            "year_quarter": 20101,
            "year": 2010,
            "quarter": 1,
            "eps": 0.9,
            "eps_growth_year": -21.05,
            "eps_4q": 3.2,
            "eps_4q_growth_year": -68.76,
            "roe": 3.61,
            "roe_4q": 13.5,
            "gross_profit": 377530,
            "gross_margin": 39.34,
            "gross_margin_4q_avg": 40.31,
            "net_income": 322080,
            "revenue": 959659,
            "common_shares": 3663500,
            "book_valuer_per_share": 25.31,
            "book_valuer_per_share_4q_avg": 24.09,
            "equity": 9270964,
            "current_ratio": 203.22,
            "debt_ratio": 56.6,
            "inventory_turnover_ratio": 5.82,
            "account_receivable_turnover_ratio": 205.78,
            "reinvestment_rate": 306.16,
            "research_to_sale_ratio": null,
            "price_fair": 227.15,
            "eps_avg_yearly": 6.49,
            "eps_latest_yearly": 3.6,
            "eps_growth_yearly": 74.17
        },
        "20102": {
            "year_quarter": 20102,
            "year": 2010,
            "quarter": 2,
            "eps": 0.64,
            "eps_growth_year": -28.83,
            "eps_4q": 2.96,
            "eps_4q_growth_year": -68.33,
            "roe": 2.7,
            "roe_4q": 12.63,
            "gross_profit": 466226,
            "gross_margin": 43.7,
            "gross_margin_4q_avg": 39.3,
            "net_income": 234642,
            "revenue": 1066960,
            "common_shares": 3663500,
            "book_valuer_per_share": 22.17,
            "book_valuer_per_share_4q_avg": 23.72,
            "equity": 8121226,
            "current_ratio": 94.04,
            "debt_ratio": 63.04,
            "inventory_turnover_ratio": 5.75,
            "account_receivable_turnover_ratio": 305.33,
            "reinvestment_rate": 324.76,
            "research_to_sale_ratio": null,
            "price_fair": 225.75,
            "eps_avg_yearly": 6.45,
            "eps_latest_yearly": 2.56,
            "eps_growth_yearly": 73.25
        },
        "20103": {
            "year_quarter": 20103,
            "year": 2010,
            "quarter": 3,
            "eps": 0.9,
            "eps_growth_year": 30.31,
            "eps_4q": 3.19,
            "eps_4q_growth_year": -23.29,
            "roe": 4.03,
            "roe_4q": 13.67,
            "gross_profit": 447461,
            "gross_margin": 40.79,
            "gross_margin_4q_avg": 40.2,
            "net_income": 329405,
            "revenue": 1097030,
            "common_shares": 3663500,
            "book_valuer_per_share": 22.41,
            "book_valuer_per_share_4q_avg": 23.49,
            "equity": 8211260,
            "current_ratio": 138.72,
            "debt_ratio": 62.74,
            "inventory_turnover_ratio": 6.31,
            "account_receivable_turnover_ratio": 80.34,
            "reinvestment_rate": 320.38,
            "research_to_sale_ratio": null,
            "price_fair": 220.59,
            "eps_avg_yearly": 6.3,
            "eps_latest_yearly": 3.6,
            "eps_growth_yearly": 61.85
        },
        "20104": {
            "year_quarter": 20104,
            "year": 2010,
            "quarter": 4,
            "eps": 0.68,
            "eps_growth_year": -14,
            "eps_4q": 3.1,
            "eps_4q_growth_year": -11.39,
            "roe": 3.12,
            "roe_4q": 13.46,
            "gross_profit": 481327,
            "gross_margin": 44.89,
            "gross_margin_4q_avg": 42.18,
            "net_income": 248892,
            "revenue": 1072304,
            "common_shares": 3663500,
            "book_valuer_per_share": 21.07,
            "book_valuer_per_share_4q_avg": 22.74,
            "equity": 7719498,
            "current_ratio": 142.21,
            "debt_ratio": 63.23,
            "inventory_turnover_ratio": 6.58,
            "account_receivable_turnover_ratio": 53.91,
            "reinvestment_rate": 213.4,
            "research_to_sale_ratio": null,
            "price_fair": 210.61,
            "eps_avg_yearly": 6.02,
            "eps_latest_yearly": 2.72,
            "eps_growth_yearly": 50.2
        },
        "20111": {
            "year_quarter": 20111,
            "year": 2011,
            "quarter": 1,
            "eps": 0.94,
            "eps_growth_year": 4.44,
            "eps_4q": 3.16,
            "eps_4q_growth_year": -1.27,
            "roe": 4.34,
            "roe_4q": 14.190000000000001,
            "gross_profit": 388951,
            "gross_margin": 38.41,
            "gross_margin_4q_avg": 41.95,
            "net_income": 344904,
            "revenue": 1012546,
            "common_shares": 3663500,
            "book_valuer_per_share": 22.27,
            "book_valuer_per_share_4q_avg": 21.98,
            "equity": 8158060,
            "current_ratio": 136.55,
            "debt_ratio": 63.92,
            "inventory_turnover_ratio": 6.11,
            "account_receivable_turnover_ratio": 104.06,
            "reinvestment_rate": 349.17,
            "research_to_sale_ratio": null,
            "price_fair": 203.35,
            "eps_avg_yearly": 5.81,
            "eps_latest_yearly": 3.76,
            "eps_growth_yearly": 60.44
        },
        "20112": {
            "year_quarter": 20112,
            "year": 2011,
            "quarter": 2,
            "eps": 0.75,
            "eps_growth_year": 17.63,
            "eps_4q": 3.27,
            "eps_4q_growth_year": 10.5,
            "roe": 3.62,
            "roe_4q": 15.11,
            "gross_profit": 368088,
            "gross_margin": 36.77,
            "gross_margin_4q_avg": 40.22,
            "net_income": 276009,
            "revenue": 1001153,
            "common_shares": 3663500,
            "book_valuer_per_share": 19.37,
            "book_valuer_per_share_4q_avg": 21.28,
            "equity": 7098003,
            "current_ratio": 84.41,
            "debt_ratio": 70.47,
            "inventory_turnover_ratio": 5.81,
            "account_receivable_turnover_ratio": 154.63,
            "reinvestment_rate": 355.99,
            "research_to_sale_ratio": null,
            "price_fair": 195.74,
            "eps_avg_yearly": 5.59,
            "eps_latest_yearly": 3,
            "eps_growth_yearly": 57.51
        },
        "20113": {
            "year_quarter": 20113,
            "year": 2011,
            "quarter": 3,
            "eps": 0.03,
            "eps_growth_year": -97.2,
            "eps_4q": 2.4,
            "eps_4q_growth_year": -24.7,
            "roe": 0.13,
            "roe_4q": 11.21,
            "gross_profit": 344372,
            "gross_margin": 33.94,
            "gross_margin_4q_avg": 38.5,
            "net_income": 9230,
            "revenue": 1014782,
            "common_shares": 3663500,
            "book_valuer_per_share": 20.91,
            "book_valuer_per_share_4q_avg": 20.91,
            "equity": 7660801,
            "current_ratio": 112.82,
            "debt_ratio": 70.38,
            "inventory_turnover_ratio": 5.75,
            "account_receivable_turnover_ratio": 71.25,
            "reinvestment_rate": 390.45,
            "research_to_sale_ratio": null,
            "price_fair": 186.99,
            "eps_avg_yearly": 5.34,
            "eps_latest_yearly": 0.12,
            "eps_growth_yearly": 42.61
        },
        "20114": {
            "year_quarter": 20114,
            "year": 2011,
            "quarter": 4,
            "eps": 0.76,
            "eps_growth_year": 11.84,
            "eps_4q": 2.48,
            "eps_4q_growth_year": -19.96,
            "roe": 3.58,
            "roe_4q": 11.67,
            "gross_profit": 319811,
            "gross_margin": 30.95,
            "gross_margin_4q_avg": 35.02,
            "net_income": 278352,
            "revenue": 1033380,
            "common_shares": 3663500,
            "book_valuer_per_share": 21.51,
            "book_valuer_per_share_4q_avg": 21.02,
            "equity": 7878967,
            "current_ratio": 128.49,
            "debt_ratio": 67.75,
            "inventory_turnover_ratio": 4.83,
            "account_receivable_turnover_ratio": 58.12,
            "reinvestment_rate": 262.03,
            "research_to_sale_ratio": null,
            "price_fair": 181.56,
            "eps_avg_yearly": 5.19,
            "eps_latest_yearly": 3.04,
            "eps_growth_yearly": 642.45
        },
        "20121": {
            "year_quarter": 20121,
            "year": 2012,
            "quarter": 1,
            "eps": 1.27,
            "eps_growth_year": 35.11,
            "eps_4q": 2.81,
            "eps_4q_growth_year": -11.12,
            "roe": 5.83,
            "roe_4q": 13.16,
            "gross_profit": 157589,
            "gross_margin": 17.14,
            "gross_margin_4q_avg": 29.7,
            "net_income": 465498,
            "revenue": 919634,
            "common_shares": 3663500,
            "book_valuer_per_share": 22.11,
            "book_valuer_per_share_4q_avg": 20.98,
            "equity": 8100549,
            "current_ratio": 98.68,
            "debt_ratio": 68.26,
            "inventory_turnover_ratio": 4.7,
            "account_receivable_turnover_ratio": 50.22,
            "reinvestment_rate": 314.66,
            "research_to_sale_ratio": null,
            "price_fair": 170.54,
            "eps_avg_yearly": 4.87,
            "eps_latest_yearly": 5.08,
            "eps_growth_yearly": 638.39
        },
        "20122": {
            "year_quarter": 20122,
            "year": 2012,
            "quarter": 2,
            "eps": 0.04,
            "eps_growth_year": -94.99,
            "eps_4q": 2.09,
            "eps_4q_growth_year": -36.05,
            "roe": 0.18,
            "roe_4q": 9.72,
            "gross_profit": 154793,
            "gross_margin": 15.44,
            "gross_margin_4q_avg": 24.37,
            "net_income": 13823,
            "revenue": 1002695,
            "common_shares": 3663500,
            "book_valuer_per_share": 20.96,
            "book_valuer_per_share_4q_avg": 21.37,
            "equity": 7679098,
            "current_ratio": 63.9,
            "debt_ratio": 72.74,
            "inventory_turnover_ratio": 4.15,
            "account_receivable_turnover_ratio": 36.93,
            "reinvestment_rate": 366.7,
            "research_to_sale_ratio": null,
            "price_fair": 157.59,
            "eps_avg_yearly": 4.5,
            "eps_latest_yearly": 0.16,
            "eps_growth_yearly": 624.16
        },
        "20123": {
            "year_quarter": 20123,
            "year": 2012,
            "quarter": 3,
            "eps": -0.52,
            "eps_growth_year": -2154.17,
            "eps_4q": 1.55,
            "eps_4q_growth_year": -35.37,
            "roe": -2.53,
            "roe_4q": 7.0600000000000005,
            "gross_profit": 99669,
            "gross_margin": 9.32,
            "gross_margin_4q_avg": 18.21,
            "net_income": -189596,
            "revenue": 1069726,
            "common_shares": 3663500,
            "book_valuer_per_share": 19.94,
            "book_valuer_per_share_4q_avg": 21.13,
            "equity": 7304472,
            "current_ratio": 64.9,
            "debt_ratio": 74.14,
            "inventory_turnover_ratio": 3.99,
            "account_receivable_turnover_ratio": 18.82,
            "reinvestment_rate": 551.68,
            "research_to_sale_ratio": null,
            "price_fair": 111.44,
            "eps_avg_yearly": 3.18,
            "eps_latest_yearly": 0.16,
            "eps_growth_yearly": 585.95
        },
        "20124": {
            "year_quarter": 20124,
            "year": 2012,
            "quarter": 4,
            "eps": 1,
            "eps_growth_year": 31.97,
            "eps_4q": 1.79,
            "eps_4q_growth_year": -27.67,
            "roe": 4.93,
            "roe_4q": 8.41,
            "gross_profit": 15004,
            "gross_margin": 1.42,
            "gross_margin_4q_avg": 10.83,
            "net_income": 367353,
            "revenue": 1053581,
            "common_shares": 3663500,
            "book_valuer_per_share": 20.7,
            "book_valuer_per_share_4q_avg": 20.93,
            "equity": 7585152,
            "current_ratio": 47.74,
            "debt_ratio": 73.81,
            "inventory_turnover_ratio": 4.19,
            "account_receivable_turnover_ratio": 20,
            "reinvestment_rate": 577.27,
            "research_to_sale_ratio": null,
            "price_fair": 104.3,
            "eps_avg_yearly": 2.98,
            "eps_latest_yearly": 0.16,
            "eps_growth_yearly": 649.27
        },
        "20131": {
            "year_quarter": 20131,
            "year": 2013,
            "quarter": 1,
            "eps": 0.24,
            "eps_growth_year": -81.1,
            "eps_4q": 0.69,
            "eps_4q_growth_year": -75.27,
            "roe": 1.09,
            "roe_4q": 3.67,
            "gross_profit": 107604,
            "gross_margin": 9.8,
            "gross_margin_4q_avg": 9,
            "net_income": 88645,
            "revenue": 1098258,
            "common_shares": 4033500,
            "book_valuer_per_share": 21.4,
            "book_valuer_per_share_4q_avg": 20.75,
            "equity": 8632866,
            "current_ratio": 57.14,
            "debt_ratio": 70.74,
            "inventory_turnover_ratio": 3.86,
            "account_receivable_turnover_ratio": 15.89,
            "reinvestment_rate": 312.14,
            "research_to_sale_ratio": null,
            "price_fair": 95.3,
            "eps_avg_yearly": 2.72,
            "eps_latest_yearly": 0.96,
            "eps_growth_yearly": 634.55
        },
        "20132": {
            "year_quarter": 20132,
            "year": 2013,
            "quarter": 2,
            "eps": 0.15,
            "eps_growth_year": 297.54,
            "eps_4q": 0.81,
            "eps_4q_growth_year": -61.31,
            "roe": 0.71,
            "roe_4q": 4.199999999999999,
            "gross_profit": 93588,
            "gross_margin": 8.34,
            "gross_margin_4q_avg": 7.22,
            "net_income": 60305,
            "revenue": 1122039,
            "common_shares": 4033500,
            "book_valuer_per_share": 20.71,
            "book_valuer_per_share_4q_avg": 20.69,
            "equity": 8351702,
            "current_ratio": 48.27,
            "debt_ratio": 71.44,
            "inventory_turnover_ratio": 3.79,
            "account_receivable_turnover_ratio": 15.01,
            "reinvestment_rate": 319.54,
            "research_to_sale_ratio": null,
            "price_fair": 87.8,
            "eps_avg_yearly": 2.51,
            "eps_latest_yearly": 0.6,
            "eps_growth_yearly": 629.85
        },
        "20133": {
            "year_quarter": 20133,
            "year": 2013,
            "quarter": 3,
            "eps": 0.18,
            "eps_growth_year": null,
            "eps_4q": 1.46,
            "eps_4q_growth_year": -6.13,
            "roe": 0.85,
            "roe_4q": 7.58,
            "gross_profit": 149801,
            "gross_margin": 12.77,
            "gross_margin_4q_avg": 8.08,
            "net_income": 70802,
            "revenue": 1172936,
            "common_shares": 4033500,
            "book_valuer_per_share": 20.5,
            "book_valuer_per_share_4q_avg": 20.83,
            "equity": 8268051,
            "current_ratio": 44.02,
            "debt_ratio": 71.5,
            "inventory_turnover_ratio": 3.78,
            "account_receivable_turnover_ratio": 33.53,
            "reinvestment_rate": 320.49,
            "research_to_sale_ratio": null,
            "price_fair": 82.7,
            "eps_avg_yearly": 2.36,
            "eps_latest_yearly": 0.72,
            "eps_growth_yearly": 642.23
        },
        "20134": {
            "year_quarter": 20134,
            "year": 2013,
            "quarter": 4,
            "eps": 0.33,
            "eps_growth_year": -66.91,
            "eps_4q": 0.88,
            "eps_4q_growth_year": -51.12,
            "roe": 1.58,
            "roe_4q": 4.23,
            "gross_profit": 187911,
            "gross_margin": 14.86,
            "gross_margin_4q_avg": 11.44,
            "net_income": 133686,
            "revenue": 1264454,
            "common_shares": 4033500,
            "book_valuer_per_share": 21.02,
            "book_valuer_per_share_4q_avg": 20.91,
            "equity": 8648489,
            "current_ratio": 57.39,
            "debt_ratio": 70.49,
            "inventory_turnover_ratio": 4.4,
            "account_receivable_turnover_ratio": 46.2,
            "reinvestment_rate": 0.72,
            "research_to_sale_ratio": null,
            "price_fair": 78.1,
            "eps_avg_yearly": 2.23,
            "eps_latest_yearly": 1.32,
            "eps_growth_yearly": 661.9
        },
        "20141": {
            "year_quarter": 20141,
            "year": 2014,
            "quarter": 1,
            "eps": 0.22,
            "eps_growth_year": -8.33,
            "eps_4q": 0.88,
            "eps_4q_growth_year": 25.98,
            "roe": 1,
            "roe_4q": 4.140000000000001,
            "gross_profit": 13408,
            "gross_margin": 1.26,
            "gross_margin_4q_avg": 9.31,
            "net_income": 88055,
            "revenue": 1065881,
            "common_shares": 4033500,
            "book_valuer_per_share": 21.81,
            "book_valuer_per_share_4q_avg": 21.01,
            "equity": 8965020,
            "current_ratio": 51.25,
            "debt_ratio": 69.15,
            "inventory_turnover_ratio": 4.45,
            "account_receivable_turnover_ratio": 31.88,
            "reinvestment_rate": -27.57,
            "research_to_sale_ratio": null,
            "price_fair": 71.3,
            "eps_avg_yearly": 2.04,
            "eps_latest_yearly": 0.88,
            "eps_growth_yearly": 648.4
        },
        "20142": {
            "year_quarter": 20142,
            "year": 2014,
            "quarter": 2,
            "eps": -0.04,
            "eps_growth_year": -126.67,
            "eps_4q": 0.69,
            "eps_4q_growth_year": -15.13,
            "roe": -0.18,
            "roe_4q": 3.2500000000000004,
            "gross_profit": 84533,
            "gross_margin": 7.95,
            "gross_margin_4q_avg": 9.21,
            "net_income": -15559,
            "revenue": 1062877,
            "common_shares": 4033500,
            "book_valuer_per_share": 20.26,
            "book_valuer_per_share_4q_avg": 20.9,
            "equity": 8339611,
            "current_ratio": 33.78,
            "debt_ratio": 70.96,
            "inventory_turnover_ratio": 3.82,
            "account_receivable_turnover_ratio": 26.49,
            "reinvestment_rate": -97.35,
            "research_to_sale_ratio": null,
            "price_fair": 69.89,
            "eps_avg_yearly": 2,
            "eps_latest_yearly": 0.88,
            "eps_growth_yearly": 707.17
        },
        "20143": {
            "year_quarter": 20143,
            "year": 2014,
            "quarter": 3,
            "eps": 0.15,
            "eps_growth_year": -16.67,
            "eps_4q": 0.66,
            "eps_4q_growth_year": -54.62,
            "roe": 0.7,
            "roe_4q": 3.1,
            "gross_profit": 114899,
            "gross_margin": 10.27,
            "gross_margin_4q_avg": 8.59,
            "net_income": 59449,
            "revenue": 1118693,
            "common_shares": 4033500,
            "book_valuer_per_share": 20.88,
            "book_valuer_per_share_4q_avg": 20.99,
            "equity": 8588088,
            "current_ratio": 30.49,
            "debt_ratio": 71.27,
            "inventory_turnover_ratio": 3.79,
            "account_receivable_turnover_ratio": 33.91,
            "reinvestment_rate": -5.1,
            "research_to_sale_ratio": null,
            "price_fair": 65.22,
            "eps_avg_yearly": 1.86,
            "eps_latest_yearly": 0.88,
            "eps_growth_yearly": 752.56
        },
        "20144": {
            "year_quarter": 20144,
            "year": 2014,
            "quarter": 4,
            "eps": 0.23,
            "eps_growth_year": -30.97,
            "eps_4q": 0.56,
            "eps_4q_growth_year": -36.38,
            "roe": 1.03,
            "roe_4q": 2.55,
            "gross_profit": 139481,
            "gross_margin": 11.4,
            "gross_margin_4q_avg": 7.72,
            "net_income": 91576,
            "revenue": 1223752,
            "common_shares": 4033500,
            "book_valuer_per_share": 22.14,
            "book_valuer_per_share_4q_avg": 21.27,
            "equity": 9264729,
            "current_ratio": 39.32,
            "debt_ratio": 70.71,
            "inventory_turnover_ratio": 4.29,
            "account_receivable_turnover_ratio": 30.3,
            "reinvestment_rate": 118.26,
            "research_to_sale_ratio": null,
            "price_fair": 59.97,
            "eps_avg_yearly": 1.71,
            "eps_latest_yearly": 0.92,
            "eps_growth_yearly": 778.48
        },
        "20151": {
            "year_quarter": 20151,
            "year": 2015,
            "quarter": 1,
            "eps": 0.05,
            "eps_growth_year": -77.27,
            "eps_4q": 0.39,
            "eps_4q_growth_year": -55.56,
            "roe": 0.21,
            "roe_4q": 1.76,
            "gross_profit": 126691,
            "gross_margin": 10.77,
            "gross_margin_4q_avg": 10.1,
            "net_income": 19627,
            "revenue": 1176793,
            "common_shares": 4033500,
            "book_valuer_per_share": 21.94,
            "book_valuer_per_share_4q_avg": 21.31,
            "equity": 9181804,
            "current_ratio": 40.58,
            "debt_ratio": 71.77,
            "inventory_turnover_ratio": 4.07,
            "account_receivable_turnover_ratio": 20.4,
            "reinvestment_rate": 97.62,
            "research_to_sale_ratio": null,
            "price_fair": 49.58,
            "eps_avg_yearly": 1.42,
            "eps_latest_yearly": 0.2,
            "eps_growth_yearly": 739.65
        },
        "20152": {
            "year_quarter": 20152,
            "year": 2015,
            "quarter": 2,
            "eps": -0.09,
            "eps_growth_year": null,
            "eps_4q": 0.32,
            "eps_4q_growth_year": -52.87,
            "roe": -0.4,
            "roe_4q": 1.54,
            "gross_profit": 76716,
            "gross_margin": 6.9,
            "gross_margin_4q_avg": 9.84,
            "net_income": -36247,
            "revenue": 1111036,
            "common_shares": 4033931,
            "book_valuer_per_share": 20.94,
            "book_valuer_per_share_4q_avg": 21.48,
            "equity": 8901382,
            "current_ratio": 35.65,
            "debt_ratio": 72.58,
            "inventory_turnover_ratio": 3.89,
            "account_receivable_turnover_ratio": 18.39,
            "reinvestment_rate": 154.17,
            "research_to_sale_ratio": null,
            "price_fair": 44.55,
            "eps_avg_yearly": 1.27,
            "eps_latest_yearly": 0.2,
            "eps_growth_yearly": 814.24
        },
        "20153": {
            "year_quarter": 20153,
            "year": 2015,
            "quarter": 3,
            "eps": 0.01,
            "eps_growth_year": -93.33,
            "eps_4q": 0.19,
            "eps_4q_growth_year": -71.37,
            "roe": -0,
            "roe_4q": 0.84,
            "gross_profit": 106921,
            "gross_margin": 9.79,
            "gross_margin_4q_avg": 9.72,
            "net_income": -113,
            "revenue": 1092216,
            "common_shares": 4235606,
            "book_valuer_per_share": 21.66,
            "book_valuer_per_share_4q_avg": 21.67,
            "equity": 9772909,
            "current_ratio": 31.76,
            "debt_ratio": 71.45,
            "inventory_turnover_ratio": 3.51,
            "account_receivable_turnover_ratio": 12.03,
            "reinvestment_rate": 169.28,
            "research_to_sale_ratio": null,
            "price_fair": 48.58,
            "eps_avg_yearly": 1.39,
            "eps_latest_yearly": 0.2,
            "eps_growth_yearly": 934.06
        },
        "20154": {
            "year_quarter": 20154,
            "year": 2015,
            "quarter": 4,
            "eps": -0.09,
            "eps_growth_year": -139.29,
            "eps_4q": -0.12,
            "eps_4q_growth_year": -121.35,
            "roe": -0.46,
            "roe_4q": -0.6500000000000001,
            "gross_profit": -34560,
            "gross_margin": -3.19,
            "gross_margin_4q_avg": 6.07,
            "net_income": -44418,
            "revenue": 1083178,
            "common_shares": 4235606,
            "book_valuer_per_share": 21.53,
            "book_valuer_per_share_4q_avg": 21.52,
            "equity": 9712491,
            "current_ratio": 35.33,
            "debt_ratio": 71.91,
            "inventory_turnover_ratio": 4.06,
            "account_receivable_turnover_ratio": 10.38,
            "reinvestment_rate": 177.82,
            "research_to_sale_ratio": null,
            "price_fair": 3.61,
            "eps_avg_yearly": 1.2,
            "eps_latest_yearly": 0.2,
            "eps_growth_yearly": -43.63
        },
        "20161": {
            "year_quarter": 20161,
            "year": 2016,
            "quarter": 1,
            "eps": -0.85,
            "eps_growth_year": -1800,
            "eps_4q": -1.02,
            "eps_4q_growth_year": -361.62,
            "roe": -3.91,
            "roe_4q": -4.7700000000000005,
            "gross_profit": -207782,
            "gross_margin": -22.57,
            "gross_margin_4q_avg": -2.27,
            "net_income": -368426,
            "revenue": 920504,
            "common_shares": 4235606,
            "book_valuer_per_share": 20.17,
            "book_valuer_per_share_4q_avg": 21.08,
            "equity": 9134806,
            "current_ratio": 23.96,
            "debt_ratio": 72.37,
            "inventory_turnover_ratio": 4.57,
            "account_receivable_turnover_ratio": 10.87,
            "reinvestment_rate": -208.79,
            "research_to_sale_ratio": null,
            "price_fair": 2.16,
            "eps_avg_yearly": 0.72,
            "eps_latest_yearly": 0.2,
            "eps_growth_yearly": -82.64
        },
        "20162": {
            "year_quarter": 20162,
            "year": 2016,
            "quarter": 2,
            "eps": -0.59,
            "eps_growth_year": null,
            "eps_4q": -1.53,
            "eps_4q_growth_year": -571.68,
            "roe": -2.91,
            "roe_4q": -7.28,
            "gross_profit": -122213,
            "gross_margin": -13.92,
            "gross_margin_4q_avg": -7.47,
            "net_income": -262576,
            "revenue": 878043,
            "common_shares": 4235606,
            "book_valuer_per_share": 19.65,
            "book_valuer_per_share_4q_avg": 20.75,
            "equity": 8908779,
            "current_ratio": 25.41,
            "debt_ratio": 72.56,
            "inventory_turnover_ratio": 4.33,
            "account_receivable_turnover_ratio": 9.84,
            "reinvestment_rate": -3777.01,
            "research_to_sale_ratio": null,
            "price_fair": 2.4,
            "eps_avg_yearly": 0.8,
            "eps_latest_yearly": 0.2,
            "eps_growth_yearly": -39.1
        },
        "20163": {
            "year_quarter": 20163,
            "year": 2016,
            "quarter": 3,
            "eps": -0.42,
            "eps_growth_year": -4300,
            "eps_4q": -1.96,
            "eps_4q_growth_year": -1134.17,
            "roe": -2.14,
            "roe_4q": -9.420000000000002,
            "gross_profit": -119347,
            "gross_margin": -13.93,
            "gross_margin_4q_avg": -13.4,
            "net_income": -185424,
            "revenue": 857051,
            "common_shares": 4235606,
            "book_valuer_per_share": 18.49,
            "book_valuer_per_share_4q_avg": 19.96,
            "equity": 8410260,
            "current_ratio": 33.58,
            "debt_ratio": 73.74,
            "inventory_turnover_ratio": 4.23,
            "account_receivable_turnover_ratio": 9.48,
            "reinvestment_rate": -4282.18,
            "research_to_sale_ratio": null,
            "price_fair": 2.4,
            "eps_avg_yearly": 0.8,
            "eps_latest_yearly": 0.2,
            "eps_growth_yearly": -39.1
        },
        "20164": {
            "year_quarter": 20164,
            "year": 2016,
            "quarter": 4,
            "eps": -0.71,
            "eps_growth_year": null,
            "eps_4q": -2.58,
            "eps_4q_growth_year": null,
            "roe": -3.75,
            "roe_4q": -12.71,
            "gross_profit": -148290,
            "gross_margin": -17.09,
            "gross_margin_4q_avg": -16.88,
            "net_income": -315207,
            "revenue": 867608,
            "common_shares": 4235606,
            "book_valuer_per_share": 18.47,
            "book_valuer_per_share_4q_avg": 19.2,
            "equity": 8388763,
            "current_ratio": 31.88,
            "debt_ratio": 74.25,
            "inventory_turnover_ratio": 4.03,
            "account_receivable_turnover_ratio": 11.2,
            "reinvestment_rate": null,
            "research_to_sale_ratio": null,
            "price_fair": 2.4,
            "eps_avg_yearly": 0.8,
            "eps_latest_yearly": 0.2,
            "eps_growth_yearly": -39.1
        },
        "20171": {
            "year_quarter": 20171,
            "year": 2017,
            "quarter": 1,
            "eps": -0.66,
            "eps_growth_year": null,
            "eps_4q": -2.39,
            "eps_4q_growth_year": null,
            "roe": -3.72,
            "roe_4q": -12.520000000000001,
            "gross_profit": -158565,
            "gross_margin": -19.29,
            "gross_margin_4q_avg": -16.06,
            "net_income": -295294,
            "revenue": 822217,
            "common_shares": 4235606,
            "book_valuer_per_share": 16.35,
            "book_valuer_per_share_4q_avg": 18.24,
            "equity": 7475179,
            "current_ratio": 29.55,
            "debt_ratio": 75.69,
            "inventory_turnover_ratio": 3.83,
            "account_receivable_turnover_ratio": 11.47,
            "reinvestment_rate": null,
            "research_to_sale_ratio": null,
            "price_fair": 11.64,
            "eps_avg_yearly": 0.77,
            "eps_latest_yearly": 0.2,
            "eps_growth_yearly": 5.05
        },
        "20172": {
            "year_quarter": 20172,
            "year": 2017,
            "quarter": 2,
            "eps": -0.93,
            "eps_growth_year": null,
            "eps_4q": -2.73,
            "eps_4q_growth_year": null,
            "roe": -5.95,
            "roe_4q": -15.56,
            "gross_profit": -138979,
            "gross_margin": -17.13,
            "gross_margin_4q_avg": -16.86,
            "net_income": -432928,
            "revenue": 811100,
            "common_shares": 4235606,
            "book_valuer_per_share": 15.48,
            "book_valuer_per_share_4q_avg": 17.2,
            "equity": 7069342,
            "current_ratio": 23.97,
            "debt_ratio": 76.63,
            "inventory_turnover_ratio": 4.09,
            "account_receivable_turnover_ratio": 12.87,
            "reinvestment_rate": null,
            "research_to_sale_ratio": null,
            "price_fair": 28.28,
            "eps_avg_yearly": 0.81,
            "eps_latest_yearly": 0.2,
            "eps_growth_yearly": 36.06
        },
        "20173": {
            "year_quarter": 20173,
            "year": 2017,
            "quarter": 3,
            "eps": -0.5,
            "eps_growth_year": null,
            "eps_4q": -2.8,
            "eps_4q_growth_year": null,
            "roe": -3.57,
            "roe_4q": -16.990000000000002,
            "gross_profit": -71649,
            "gross_margin": -8.31,
            "gross_margin_4q_avg": -15.46,
            "net_income": -246748,
            "revenue": 862278,
            "common_shares": 4235606,
            "book_valuer_per_share": 14.86,
            "book_valuer_per_share_4q_avg": 16.29,
            "equity": 6756542,
            "current_ratio": 20.46,
            "debt_ratio": 77.28,
            "inventory_turnover_ratio": 4.37,
            "account_receivable_turnover_ratio": 16.59,
            "reinvestment_rate": null,
            "research_to_sale_ratio": null,
            "price_fair": 29.05,
            "eps_avg_yearly": 0.83,
            "eps_latest_yearly": 0.2,
            "eps_growth_yearly": 25.07
        },
        "20174": {
            "year_quarter": 20174,
            "year": 2017,
            "quarter": 4,
            "eps": -2.71,
            "eps_growth_year": null,
            "eps_4q": -4.8,
            "eps_4q_growth_year": null,
            "roe": -19.32,
            "roe_4q": -32.56,
            "gross_profit": 68251,
            "gross_margin": 6.8,
            "gross_margin_4q_avg": -9.48,
            "net_income": -1180127,
            "revenue": 1003034,
            "common_shares": 4235606,
            "book_valuer_per_share": 11.87,
            "book_valuer_per_share_4q_avg": 14.64,
            "equity": 5456940,
            "current_ratio": 30.5,
            "debt_ratio": 80.34,
            "inventory_turnover_ratio": 4.52,
            "account_receivable_turnover_ratio": 19.3,
            "reinvestment_rate": null,
            "research_to_sale_ratio": null,
            "price_fair": 2,
            "eps_avg_yearly": 0.67,
            "eps_latest_yearly": 0.2,
            "eps_growth_yearly": -77.68
        },
        "20181": {
            "year_quarter": 20181,
            "year": 2018,
            "quarter": 1,
            "eps": -0.23,
            "eps_growth_year": null,
            "eps_4q": -4.37,
            "eps_4q_growth_year": null,
            "roe": -2.44,
            "roe_4q": -31.28,
            "gross_profit": 84847,
            "gross_margin": 8.99,
            "gross_margin_4q_avg": -2.41,
            "net_income": -129403,
            "revenue": 944141,
            "common_shares": 4235606,
            "book_valuer_per_share": 11.22,
            "book_valuer_per_share_4q_avg": 13.36,
            "equity": 5146767,
            "current_ratio": 15.04,
            "debt_ratio": 80.3,
            "inventory_turnover_ratio": 4.31,
            "account_receivable_turnover_ratio": 18.87,
            "reinvestment_rate": null,
            "research_to_sale_ratio": null,
            "price_fair": 1.68,
            "eps_avg_yearly": 0.56,
            "eps_latest_yearly": 0.2,
            "eps_growth_yearly": -49.86
        },
        "20182": {
            "year_quarter": 20182,
            "year": 2018,
            "quarter": 2,
            "eps": -0.1,
            "eps_growth_year": null,
            "eps_4q": -3.54,
            "eps_4q_growth_year": null,
            "roe": -1.32,
            "roe_4q": -26.65,
            "gross_profit": 140488,
            "gross_margin": 13.87,
            "gross_margin_4q_avg": 5.34,
            "net_income": -69720,
            "revenue": 1013227,
            "common_shares": 4235606,
            "book_valuer_per_share": 11.96,
            "book_valuer_per_share_4q_avg": 12.48,
            "equity": 5429946,
            "current_ratio": 26.09,
            "debt_ratio": 79.77,
            "inventory_turnover_ratio": 4.62,
            "account_receivable_turnover_ratio": 24.08,
            "reinvestment_rate": null,
            "research_to_sale_ratio": null,
            "price_fair": 1.68,
            "eps_avg_yearly": 0.56,
            "eps_latest_yearly": 0.2,
            "eps_growth_yearly": -49.86
        },
        "20183": {
            "year_quarter": 20183,
            "year": 2018,
            "quarter": 3,
            "eps": -0.05,
            "eps_growth_year": null,
            "eps_4q": -3.09,
            "eps_4q_growth_year": null,
            "roe": -0.93,
            "roe_4q": -24.009999999999998,
            "gross_profit": 186414,
            "gross_margin": 18.58,
            "gross_margin_4q_avg": 12.06,
            "net_income": -50189,
            "revenue": 1003438,
            "common_shares": 4235606,
            "book_valuer_per_share": 11.95,
            "book_valuer_per_share_4q_avg": 11.75,
            "equity": 5397528,
            "current_ratio": 30.18,
            "debt_ratio": 79.67,
            "inventory_turnover_ratio": 4.56,
            "account_receivable_turnover_ratio": 26.81,
            "reinvestment_rate": null,
            "research_to_sale_ratio": null,
            "price_fair": 1.68,
            "eps_avg_yearly": 0.56,
            "eps_latest_yearly": 0.2,
            "eps_growth_yearly": -49.86
        },
        "20184": {
            "year_quarter": 20184,
            "year": 2018,
            "quarter": 4,
            "eps": 0.03,
            "eps_growth_year": null,
            "eps_4q": -0.54,
            "eps_4q_growth_year": null,
            "roe": -0.47,
            "roe_4q": -5.16,
            "gross_profit": 186318,
            "gross_margin": 17.52,
            "gross_margin_4q_avg": 14.74,
            "net_income": -25239,
            "revenue": 1063238,
            "common_shares": 2792671,
            "book_valuer_per_share": 18.34,
            "book_valuer_per_share_4q_avg": 13.37,
            "equity": 5423788,
            "current_ratio": 19.77,
            "debt_ratio": 79.29,
            "inventory_turnover_ratio": 4.99,
            "account_receivable_turnover_ratio": 23.07,
            "reinvestment_rate": null,
            "research_to_sale_ratio": null,
            "price_fair": 0.6,
            "eps_avg_yearly": 0.2,
            "eps_latest_yearly": 0.2,
            "eps_growth_yearly": -313.04
        },
        "20191": {
            "year_quarter": 20191,
            "year": 2019,
            "quarter": 1,
            "eps": -0.23,
            "eps_growth_year": null,
            "eps_4q": -0.42,
            "eps_4q_growth_year": null,
            "roe": -1.82,
            "roe_4q": -4.54,
            "gross_profit": 134583,
            "gross_margin": 13.97,
            "gross_margin_4q_avg": 15.99,
            "net_income": -98325,
            "revenue": 963647,
            "common_shares": 2792671,
            "book_valuer_per_share": 18.21,
            "book_valuer_per_share_4q_avg": 15.12,
            "equity": 5352052,
            "current_ratio": 18.3,
            "debt_ratio": 79.33,
            "inventory_turnover_ratio": 4.42,
            "account_receivable_turnover_ratio": 21.76,
            "reinvestment_rate": null,
            "research_to_sale_ratio": null,
            "price_fair": 0,
            "eps_avg_yearly": 0,
            "eps_latest_yearly": 0,
            "eps_growth_yearly": 0
        },
        "20192": {
            "year_quarter": 20192,
            "year": 2019,
            "quarter": 2,
            "eps": -0.36,
            "eps_growth_year": null,
            "eps_4q": -0.63,
            "eps_4q_growth_year": null,
            "roe": -2.45,
            "roe_4q": -5.67,
            "gross_profit": 93224,
            "gross_margin": 9.84,
            "gross_margin_4q_avg": 14.98,
            "net_income": -130698,
            "revenue": 947610,
            "common_shares": 2792671,
            "book_valuer_per_share": 18.07,
            "book_valuer_per_share_4q_avg": 16.64,
            "equity": 5308232,
            "current_ratio": 26,
            "debt_ratio": 79.42,
            "inventory_turnover_ratio": 4.07,
            "account_receivable_turnover_ratio": 23.7,
            "reinvestment_rate": null,
            "research_to_sale_ratio": null,
            "price_fair": 0,
            "eps_avg_yearly": 0,
            "eps_latest_yearly": 0,
            "eps_growth_yearly": 0
        },
        "20193": {
            "year_quarter": 20193,
            "year": 2019,
            "quarter": 3,
            "eps": -0.19,
            "eps_growth_year": null,
            "eps_4q": -0.76,
            "eps_4q_growth_year": null,
            "roe": -1.54,
            "roe_4q": -6.28,
            "gross_profit": 117127,
            "gross_margin": 12.07,
            "gross_margin_4q_avg": 13.35,
            "net_income": -81222,
            "revenue": 970290,
            "common_shares": 2792671,
            "book_valuer_per_share": 17.86,
            "book_valuer_per_share_4q_avg": 18.12,
            "equity": 5222221,
            "current_ratio": 25.55,
            "debt_ratio": 79.49,
            "inventory_turnover_ratio": 3.61,
            "account_receivable_turnover_ratio": 21.14,
            "reinvestment_rate": null,
            "research_to_sale_ratio": null,
            "price_fair": 0,
            "eps_avg_yearly": 0,
            "eps_latest_yearly": 0,
            "eps_growth_yearly": 0
        },
        "20194": {
            "year_quarter": 20194,
            "year": 2019,
            "quarter": 4,
            "eps": -0.48,
            "eps_growth_year": -1833.03,
            "eps_4q": -1.26,
            "eps_4q_growth_year": null,
            "roe": -3.25,
            "roe_4q": -9.06,
            "gross_profit": 24388,
            "gross_margin": 2.64,
            "gross_margin_4q_avg": 9.63,
            "net_income": -162982,
            "revenue": 922849,
            "common_shares": 2792671,
            "book_valuer_per_share": 16.45,
            "book_valuer_per_share_4q_avg": 17.65,
            "equity": 4799584,
            "current_ratio": 25.68,
            "debt_ratio": 80.3,
            "inventory_turnover_ratio": 3.69,
            "account_receivable_turnover_ratio": 21.89,
            "reinvestment_rate": null,
            "research_to_sale_ratio": null,
            "price_fair": 0,
            "eps_avg_yearly": 0,
            "eps_latest_yearly": 0,
            "eps_growth_yearly": 0
        },
        "20201": {
            "year_quarter": 20201,
            "year": 2020,
            "quarter": 1,
            "eps": -1.41,
            "eps_growth_year": null,
            "eps_4q": -2.44,
            "eps_4q_growth_year": null,
            "roe": -9.2,
            "roe_4q": -16.439999999999998,
            "gross_profit": -236217,
            "gross_margin": -36.94,
            "gross_margin_4q_avg": -3.1,
            "net_income": -424843,
            "revenue": 639499,
            "common_shares": 2792671,
            "book_valuer_per_share": 15.25,
            "book_valuer_per_share_4q_avg": 16.91,
            "equity": 4432397,
            "current_ratio": 12.96,
            "debt_ratio": 81.63,
            "inventory_turnover_ratio": 4.12,
            "account_receivable_turnover_ratio": 17.89,
            "reinvestment_rate": null,
            "research_to_sale_ratio": null,
            "price_fair": 0,
            "eps_avg_yearly": 0,
            "eps_latest_yearly": 0,
            "eps_growth_yearly": 0
        },
        "20202": {
            "year_quarter": 20202,
            "year": 2020,
            "quarter": 2,
            "eps": -1.04,
            "eps_growth_year": null,
            "eps_4q": -3.12,
            "eps_4q_growth_year": null,
            "roe": -7.44,
            "roe_4q": -21.43,
            "gross_profit": -189125,
            "gross_margin": -31.3,
            "gross_margin_4q_avg": -13.38,
            "net_income": -313534,
            "revenue": 604300,
            "common_shares": 2792671,
            "book_valuer_per_share": 13.77,
            "book_valuer_per_share_4q_avg": 15.83,
            "equity": 3995051,
            "current_ratio": 20.96,
            "debt_ratio": 82.83,
            "inventory_turnover_ratio": 4.42,
            "account_receivable_turnover_ratio": 22.02,
            "reinvestment_rate": null,
            "research_to_sale_ratio": null,
            "price_fair": 0,
            "eps_avg_yearly": 0,
            "eps_latest_yearly": 0,
            "eps_growth_yearly": 0
        },
        "20203": {
            "year_quarter": 20203,
            "year": 2020,
            "quarter": 3,
            "eps": -0.32,
            "eps_growth_year": null,
            "eps_4q": -3.25,
            "eps_4q_growth_year": null,
            "roe": -2.78,
            "roe_4q": -22.67,
            "gross_profit": -19207,
            "gross_margin": -2.74,
            "gross_margin_4q_avg": -17.09,
            "net_income": -108235,
            "revenue": 700632,
            "common_shares": 2792671,
            "book_valuer_per_share": 13.06,
            "book_valuer_per_share_4q_avg": 14.63,
            "equity": 3777966,
            "current_ratio": 26.31,
            "debt_ratio": 83.09,
            "inventory_turnover_ratio": 4.32,
            "account_receivable_turnover_ratio": 33.44,
            "reinvestment_rate": null,
            "research_to_sale_ratio": null,
            "price_fair": 0,
            "eps_avg_yearly": 0,
            "eps_latest_yearly": 0,
            "eps_growth_yearly": 0
        },
        "20204": {
            "year_quarter": 20204,
            "year": 2020,
            "quarter": 4,
            "eps": -0.5,
            "eps_growth_year": null,
            "eps_4q": -3.27,
            "eps_4q_growth_year": null,
            "roe": -4.42,
            "roe_4q": -23.84,
            "gross_profit": -21490,
            "gross_margin": -2.96,
            "gross_margin_4q_avg": -18.49,
            "net_income": -160556,
            "revenue": 726392,
            "common_shares": 2792671,
            "book_valuer_per_share": 12.1,
            "book_valuer_per_share_4q_avg": 13.55,
            "equity": 3491372,
            "current_ratio": 35.44,
            "debt_ratio": 83.86,
            "inventory_turnover_ratio": 4.78,
            "account_receivable_turnover_ratio": 21.48,
            "reinvestment_rate": null,
            "research_to_sale_ratio": null,
            "price_fair": 0,
            "eps_avg_yearly": 0,
            "eps_latest_yearly": 0,
            "eps_growth_yearly": 0
        },
        "20211": {
            "year_quarter": 20211,
            "year": 2021,
            "quarter": 1,
            "eps": 0.14,
            "eps_growth_year": null,
            "eps_4q": -1.72,
            "eps_4q_growth_year": null,
            "roe": 0.41,
            "roe_4q": -14.23,
            "gross_profit": 132372,
            "gross_margin": 16.57,
            "gross_margin_4q_avg": -5.11,
            "net_income": 14374,
            "revenue": 798757,
            "common_shares": 2792671,
            "book_valuer_per_share": 12.28,
            "book_valuer_per_share_4q_avg": 12.8,
            "equity": 3516847,
            "current_ratio": 39.95,
            "debt_ratio": 83.47,
            "inventory_turnover_ratio": 4.45,
            "account_receivable_turnover_ratio": 21.72,
            "reinvestment_rate": null,
            "research_to_sale_ratio": null,
            "price_fair": 0,
            "eps_avg_yearly": 0,
            "eps_latest_yearly": 0,
            "eps_growth_yearly": 0
        },
        "20212": {
            "year_quarter": 20212,
            "year": 2021,
            "quarter": 2,
            "eps": 1.78,
            "eps_growth_year": null,
            "eps_4q": 1.1,
            "eps_4q_growth_year": null,
            "roe": 12.47,
            "roe_4q": 5.6800000000000015,
            "gross_profit": 532215,
            "gross_margin": 43.71,
            "gross_margin_4q_avg": 13.65,
            "net_income": 468583,
            "revenue": 1217494,
            "common_shares": 2792671,
            "book_valuer_per_share": 13.58,
            "book_valuer_per_share_4q_avg": 12.76,
            "equity": 3997315,
            "current_ratio": 62.32,
            "debt_ratio": 81.1,
            "inventory_turnover_ratio": 4.15,
            "account_receivable_turnover_ratio": 30.94,
            "reinvestment_rate": null,
            "research_to_sale_ratio": null,
            "price_fair": 249.2,
            "eps_avg_yearly": 7.12,
            "eps_latest_yearly": 7.12,
            "eps_growth_yearly": 4685.71
        },
        "20213": {
            "year_quarter": 20213,
            "year": 2021,
            "quarter": 3,
            "eps": 3.01,
            "eps_growth_year": null,
            "eps_4q": 4.43,
            "eps_4q_growth_year": null,
            "roe": 18.55,
            "roe_4q": 27.010000000000005,
            "gross_profit": 862037,
            "gross_margin": 52.09,
            "gross_margin_4q_avg": 27.35,
            "net_income": 816373,
            "revenue": 1654936,
            "common_shares": 2792671,
            "book_valuer_per_share": 16.56,
            "book_valuer_per_share_4q_avg": 13.63,
            "equity": 4806662,
            "current_ratio": 94.69,
            "debt_ratio": 78.13,
            "inventory_turnover_ratio": 4.25,
            "account_receivable_turnover_ratio": 30.7,
            "reinvestment_rate": null,
            "research_to_sale_ratio": null,
            "price_fair": 335.3,
            "eps_avg_yearly": 9.58,
            "eps_latest_yearly": 12.04,
            "eps_growth_yearly": 2481.06
        },
        "20214": {
            "year_quarter": 20214,
            "year": 2021,
            "quarter": 4,
            "eps": 1.9,
            "eps_growth_year": null,
            "eps_4q": 6.08,
            "eps_4q_growth_year": null,
            "roe": 10.38,
            "roe_4q": 41.809999999999995,
            "gross_profit": 1056316,
            "gross_margin": 56.74,
            "gross_margin_4q_avg": 42.28,
            "net_income": 613981,
            "revenue": 1861532,
            "common_shares": 3292671,
            "book_valuer_per_share": 20.81,
            "book_valuer_per_share_4q_avg": 15.81,
            "equity": 7019855,
            "current_ratio": 108.75,
            "debt_ratio": 71.14,
            "inventory_turnover_ratio": 4.51,
            "account_receivable_turnover_ratio": 35.63,
            "reinvestment_rate": -1200.55,
            "research_to_sale_ratio": null,
            "price_fair": 312.2,
            "eps_avg_yearly": 8.92,
            "eps_latest_yearly": 7.6,
            "eps_growth_yearly": 1604.87
        },
        "20221": {
            "year_quarter": 20221,
            "year": 2022,
            "quarter": 1,
            "eps": 1.53,
            "eps_growth_year": 992.86,
            "eps_4q": 7.49,
            "eps_4q_growth_year": null,
            "roe": 6.47,
            "roe_4q": 47.870000000000005,
            "gross_profit": 785854,
            "gross_margin": 48.97,
            "gross_margin_4q_avg": 50.38,
            "net_income": 480560,
            "revenue": 1604687,
            "common_shares": 3292671,
            "book_valuer_per_share": 23.39,
            "book_valuer_per_share_4q_avg": 18.59,
            "equity": 7845461,
            "current_ratio": 75.19,
            "debt_ratio": 67.07,
            "inventory_turnover_ratio": 5.78,
            "account_receivable_turnover_ratio": 39.04,
            "reinvestment_rate": -505.48,
            "research_to_sale_ratio": null,
            "price_fair": 287.7,
            "eps_avg_yearly": 8.22,
            "eps_latest_yearly": 6.12,
            "eps_growth_yearly": 1184.18
        },
        "20222": {
            "year_quarter": 20222,
            "year": 2022,
            "quarter": 2,
            "eps": 2.12,
            "eps_growth_year": 19.1,
            "eps_4q": 8.11,
            "eps_4q_growth_year": 640.29,
            "roe": 8.27,
            "roe_4q": 43.67,
            "gross_profit": 1058458,
            "gross_margin": 55.59,
            "gross_margin_4q_avg": 53.35,
            "net_income": 666573,
            "revenue": 1903931,
            "common_shares": 3292671,
            "book_valuer_per_share": 24.76,
            "book_valuer_per_share_4q_avg": 21.38,
            "equity": 8266834,
            "current_ratio": 94.48,
            "debt_ratio": 66.65,
            "inventory_turnover_ratio": 6.21,
            "account_receivable_turnover_ratio": 55.98,
            "reinvestment_rate": -324.39,
            "research_to_sale_ratio": null,
            "price_fair": 289.52,
            "eps_avg_yearly": 8.27,
            "eps_latest_yearly": 8.48,
            "eps_growth_yearly": 978.19
        },
        "20223": {
            "year_quarter": 20223,
            "year": 2022,
            "quarter": 3,
            "eps": 1.83,
            "eps_growth_year": -39.2,
            "eps_4q": 7.39,
            "eps_4q_growth_year": 66.97,
            "roe": 6.53,
            "roe_4q": 31.65,
            "gross_profit": 962810,
            "gross_margin": 50.46,
            "gross_margin_4q_avg": 52.94,
            "net_income": 585551,
            "revenue": 1908030,
            "common_shares": 3292671,
            "book_valuer_per_share": 29.04,
            "book_valuer_per_share_4q_avg": 24.5,
            "equity": 9657406,
            "current_ratio": 106.1,
            "debt_ratio": 62.97,
            "inventory_turnover_ratio": 4.63,
            "account_receivable_turnover_ratio": 41.33,
            "reinvestment_rate": -203.42,
            "research_to_sale_ratio": null,
            "price_fair": 283.97,
            "eps_avg_yearly": 8.11,
            "eps_latest_yearly": 7.32,
            "eps_growth_yearly": 806.04
        },
        "20224": {
            "year_quarter": 20224,
            "year": 2022,
            "quarter": 4,
            "eps": 0.6,
            "eps_growth_year": -68.35,
            "eps_4q": 5.49,
            "eps_4q_growth_year": -9.67,
            "roe": 2.03,
            "roe_4q": 23.299999999999997,
            "gross_profit": 363407,
            "gross_margin": 27.97,
            "gross_margin_4q_avg": 45.75,
            "net_income": 201288,
            "revenue": 1299165,
            "common_shares": 3692671,
            "book_valuer_per_share": 27.42,
            "book_valuer_per_share_4q_avg": 26.15,
            "equity": 10199881,
            "current_ratio": 97.08,
            "debt_ratio": 59.34,
            "inventory_turnover_ratio": 4.14,
            "account_receivable_turnover_ratio": 23.96,
            "reinvestment_rate": -208.34,
            "research_to_sale_ratio": null,
            "price_fair": 255.4,
            "eps_avg_yearly": 7.3,
            "eps_latest_yearly": 2.4,
            "eps_growth_yearly": 652.48
        },
        "20231": {
            "year_quarter": 20231,
            "year": 2023,
            "quarter": 1,
            "eps": -0.5,
            "eps_growth_year": -132.68,
            "eps_4q": 3.63,
            "eps_4q_growth_year": -51.59,
            "roe": -2.1,
            "roe_4q": 14.73,
            "gross_profit": -38412,
            "gross_margin": -4.45,
            "gross_margin_4q_avg": 32.39,
            "net_income": -206433,
            "revenue": 862893,
            "common_shares": 3692671,
            "book_valuer_per_share": 25.12,
            "book_valuer_per_share_4q_avg": 26.59,
            "equity": 9475581,
            "current_ratio": 79.26,
            "debt_ratio": 59.64,
            "inventory_turnover_ratio": 5.16,
            "account_receivable_turnover_ratio": 26.35,
            "reinvestment_rate": -232.28,
            "research_to_sale_ratio": null,
            "price_fair": 255.4,
            "eps_avg_yearly": 7.3,
            "eps_latest_yearly": 2.4,
            "eps_growth_yearly": 652.48
        }
    },
    "months": {
        "2001-07": {
            "month": "2001-07",
            "price": "7.39",
            "revenue": 57492
        },
        "2001-08": {
            "month": "2001-08",
            "price": "6.18",
            "revenue": 38457
        },
        "2001-09": {
            "month": "2001-09",
            "price": "4.89",
            "revenue": 47800
        },
        "2001-10": {
            "month": "2001-10",
            "price": "5.46",
            "revenue": 39086
        },
        "2001-11": {
            "month": "2001-11",
            "price": "5.54",
            "revenue": 28725
        },
        "2001-12": {
            "month": "2001-12",
            "price": "5.13",
            "revenue": 30596
        },
        "2002-01": {
            "month": "2002-01",
            "price": "5.08",
            "revenue": 37897
        },
        "2002-02": {
            "month": "2002-02",
            "price": "5.12",
            "revenue": 33793
        },
        "2002-03": {
            "month": "2002-03",
            "price": "5.53",
            "revenue": 34099
        },
        "2002-04": {
            "month": "2002-04",
            "price": "7.09",
            "revenue": 39025
        },
        "2002-05": {
            "month": "2002-05",
            "price": "7.87",
            "revenue": 37231
        },
        "2002-06": {
            "month": "2002-06",
            "price": "7.94",
            "revenue": 33540
        },
        "2002-07": {
            "month": "2002-07",
            "price": "7.63",
            "revenue": 41323
        },
        "2002-08": {
            "month": "2002-08",
            "price": "6.94",
            "revenue": 38665
        },
        "2002-09": {
            "month": "2002-09",
            "price": "6.90",
            "revenue": 33707
        },
        "2002-10": {
            "month": "2002-10",
            "price": "6.93",
            "revenue": 36006
        },
        "2002-11": {
            "month": "2002-11",
            "price": "7.13",
            "revenue": 42710
        },
        "2002-12": {
            "month": "2002-12",
            "price": "8.34",
            "revenue": 40523
        },
        "2003-01": {
            "month": "2003-01",
            "price": "9.34",
            "revenue": 38018
        },
        "2003-02": {
            "month": "2003-02",
            "price": "9.46",
            "revenue": 32143
        },
        "2003-03": {
            "month": "2003-03",
            "price": "9.31",
            "revenue": 39447
        },
        "2003-04": {
            "month": "2003-04",
            "price": "9.67",
            "revenue": 39471
        },
        "2003-05": {
            "month": "2003-05",
            "price": "9.50",
            "revenue": 39557
        },
        "2003-06": {
            "month": "2003-06",
            "price": "9.16",
            "revenue": 35808
        },
        "2003-07": {
            "month": "2003-07",
            "price": "9.03",
            "revenue": 42145
        },
        "2003-08": {
            "month": "2003-08",
            "price": "10.92",
            "revenue": 38791
        },
        "2003-09": {
            "month": "2003-09",
            "price": "11.70",
            "revenue": 38152
        },
        "2003-10": {
            "month": "2003-10",
            "price": "15.20",
            "revenue": 37127
        },
        "2003-11": {
            "month": "2003-11",
            "price": "14.19",
            "revenue": 37129
        },
        "2003-12": {
            "month": "2003-12",
            "price": "15.38",
            "revenue": 38527
        },
        "2004-01": {
            "month": "2004-01",
            "price": "22.14",
            "revenue": 22685
        },
        "2004-02": {
            "month": "2004-02",
            "price": "22.66",
            "revenue": 24170
        },
        "2004-03": {
            "month": "2004-03",
            "price": "24.41",
            "revenue": 27506
        },
        "2004-04": {
            "month": "2004-04",
            "price": "22.11",
            "revenue": 27927
        },
        "2004-05": {
            "month": "2004-05",
            "price": "17.90",
            "revenue": 30248
        },
        "2004-06": {
            "month": "2004-06",
            "price": "20.16",
            "revenue": 32646
        },
        "2004-07": {
            "month": "2004-07",
            "price": "20.79",
            "revenue": 30725
        },
        "2004-08": {
            "month": "2004-08",
            "price": "19.19",
            "revenue": 36953
        },
        "2004-09": {
            "month": "2004-09",
            "price": "30.39",
            "revenue": 35476
        },
        "2004-10": {
            "month": "2004-10",
            "price": "38.70",
            "revenue": 32475
        },
        "2004-11": {
            "month": "2004-11",
            "price": "36.29",
            "revenue": 31403
        },
        "2004-12": {
            "month": "2004-12",
            "price": "37.77",
            "revenue": 31403
        },
        "2005-01": {
            "month": "2005-01",
            "price": "35.95",
            "revenue": 31165
        },
        "2005-02": {
            "month": "2005-02",
            "price": "36.28",
            "revenue": 28333
        },
        "2005-03": {
            "month": "2005-03",
            "price": "37.21",
            "revenue": 31099
        },
        "2005-04": {
            "month": "2005-04",
            "price": "36.44",
            "revenue": 30680
        },
        "2005-05": {
            "month": "2005-05",
            "price": "34.86",
            "revenue": 31050
        },
        "2005-06": {
            "month": "2005-06",
            "price": "31.17",
            "revenue": 27611
        },
        "2005-07": {
            "month": "2005-07",
            "price": "27.43",
            "revenue": 28798
        },
        "2005-08": {
            "month": "2005-08",
            "price": "27.76",
            "revenue": 30113
        },
        "2005-09": {
            "month": "2005-09",
            "price": "27.80",
            "revenue": 29433
        },
        "2005-10": {
            "month": "2005-10",
            "price": "25.56",
            "revenue": 31621
        },
        "2005-11": {
            "month": "2005-11",
            "price": "24.76",
            "revenue": 28333
        },
        "2005-12": {
            "month": "2005-12",
            "price": "26.27",
            "revenue": 30268
        },
        "2006-01": {
            "month": "2006-01",
            "price": "26.12",
            "revenue": 26025
        },
        "2006-02": {
            "month": "2006-02",
            "price": "27.19",
            "revenue": 21600
        },
        "2006-03": {
            "month": "2006-03",
            "price": "26.31",
            "revenue": 23026
        },
        "2006-04": {
            "month": "2006-04",
            "price": "27.59",
            "revenue": 25053
        },
        "2006-05": {
            "month": "2006-05",
            "price": "28.59",
            "revenue": 29130
        },
        "2006-06": {
            "month": "2006-06",
            "price": "27.18",
            "revenue": 27041
        },
        "2006-07": {
            "month": "2006-07",
            "price": "28.25",
            "revenue": 27606
        },
        "2006-08": {
            "month": "2006-08",
            "price": "25.48",
            "revenue": 27634
        },
        "2006-09": {
            "month": "2006-09",
            "price": "25.31",
            "revenue": 25408
        },
        "2006-10": {
            "month": "2006-10",
            "price": "26.69",
            "revenue": 25839
        },
        "2006-11": {
            "month": "2006-11",
            "price": "29.17",
            "revenue": 24722
        },
        "2006-12": {
            "month": "2006-12",
            "price": "30.12",
            "revenue": 23605
        },
        "2007-01": {
            "month": "2007-01",
            "price": "31.05",
            "revenue": 23911
        },
        "2007-02": {
            "month": "2007-02",
            "price": "31.95",
            "revenue": 22014
        },
        "2007-03": {
            "month": "2007-03",
            "price": "37.02",
            "revenue": 23427
        },
        "2007-04": {
            "month": "2007-04",
            "price": "44.72",
            "revenue": 21225
        },
        "2007-05": {
            "month": "2007-05",
            "price": "45.76",
            "revenue": 21015
        },
        "2007-06": {
            "month": "2007-06",
            "price": "46.28",
            "revenue": 20074
        },
        "2007-07": {
            "month": "2007-07",
            "price": "57.22",
            "revenue": 22157
        },
        "2007-08": {
            "month": "2007-08",
            "price": "61.97",
            "revenue": 22811
        },
        "2007-09": {
            "month": "2007-09",
            "price": "66.80",
            "revenue": 24687
        },
        "2007-10": {
            "month": "2007-10",
            "price": "74.05",
            "revenue": 27149
        },
        "2007-11": {
            "month": "2007-11",
            "price": "55.35",
            "revenue": 24992
        },
        "2007-12": {
            "month": "2007-12",
            "price": "51.79",
            "revenue": 28725
        },
        "2008-01": {
            "month": "2008-01",
            "price": "49.16",
            "revenue": 29813
        },
        "2008-02": {
            "month": "2008-02",
            "price": "53.44",
            "revenue": 35007
        },
        "2008-03": {
            "month": "2008-03",
            "price": "56.76",
            "revenue": 34450
        },
        "2008-04": {
            "month": "2008-04",
            "price": "64.15",
            "revenue": 33545
        },
        "2008-05": {
            "month": "2008-05",
            "price": "69.14",
            "revenue": 37735
        },
        "2008-06": {
            "month": "2008-06",
            "price": "61.46",
            "revenue": 32919
        },
        "2008-07": {
            "month": "2008-07",
            "price": "55.77",
            "revenue": 37788
        },
        "2008-08": {
            "month": "2008-08",
            "price": "52.75",
            "revenue": 31177
        },
        "2008-09": {
            "month": "2008-09",
            "price": "47.53",
            "revenue": 40339
        },
        "2008-10": {
            "month": "2008-10",
            "price": "33.30",
            "revenue": 33416
        },
        "2008-11": {
            "month": "2008-11",
            "price": "36.59",
            "revenue": 23840
        },
        "2008-12": {
            "month": "2008-12",
            "price": "34.87",
            "revenue": 24263
        },
        "2009-01": {
            "month": "2009-01",
            "price": "36.27",
            "revenue": 35170
        },
        "2009-02": {
            "month": "2009-02",
            "price": "37.94",
            "revenue": 35903
        },
        "2009-03": {
            "month": "2009-03",
            "price": "40.70",
            "revenue": 36505
        },
        "2009-04": {
            "month": "2009-04",
            "price": "43.91",
            "revenue": 41029
        },
        "2009-05": {
            "month": "2009-05",
            "price": "46.36",
            "revenue": 38239
        },
        "2009-06": {
            "month": "2009-06",
            "price": "49.08",
            "revenue": 46666
        },
        "2009-07": {
            "month": "2009-07",
            "price": "53.30",
            "revenue": 48097
        },
        "2009-08": {
            "month": "2009-08",
            "price": "48.38",
            "revenue": 45691
        },
        "2009-09": {
            "month": "2009-09",
            "price": "45.95",
            "revenue": 45645
        },
        "2009-10": {
            "month": "2009-10",
            "price": "47.33",
            "revenue": 53228
        },
        "2009-11": {
            "month": "2009-11",
            "price": "45.17",
            "revenue": 37384
        },
        "2009-12": {
            "month": "2009-12",
            "price": "44.40",
            "revenue": 45649
        },
        "2010-01": {
            "month": "2010-01",
            "price": "45.17",
            "revenue": 45019
        },
        "2010-02": {
            "month": "2010-02",
            "price": "39.61",
            "revenue": 40955
        },
        "2010-03": {
            "month": "2010-03",
            "price": "40.76",
            "revenue": 41969
        },
        "2010-04": {
            "month": "2010-04",
            "price": "43.06",
            "revenue": 43948
        },
        "2010-05": {
            "month": "2010-05",
            "price": "42.41",
            "revenue": 53429
        },
        "2010-06": {
            "month": "2010-06",
            "price": "42.45",
            "revenue": 48660
        },
        "2010-07": {
            "month": "2010-07",
            "price": "44.32",
            "revenue": 49004
        },
        "2010-08": {
            "month": "2010-08",
            "price": "42.12",
            "revenue": 57249
        },
        "2010-09": {
            "month": "2010-09",
            "price": "39.43",
            "revenue": 56284
        },
        "2010-10": {
            "month": "2010-10",
            "price": "39.42",
            "revenue": 53566
        },
        "2010-11": {
            "month": "2010-11",
            "price": "39.33",
            "revenue": 52081
        },
        "2010-12": {
            "month": "2010-12",
            "price": "39.14",
            "revenue": 52124
        },
        "2011-01": {
            "month": "2011-01",
            "price": "39.22",
            "revenue": 50425
        },
        "2011-02": {
            "month": "2011-02",
            "price": "38.89",
            "revenue": 50507
        },
        "2011-03": {
            "month": "2011-03",
            "price": "38.08",
            "revenue": 53038
        },
        "2011-04": {
            "month": "2011-04",
            "price": "38.99",
            "revenue": 51415
        },
        "2011-05": {
            "month": "2011-05",
            "price": "39.17",
            "revenue": 51207
        },
        "2011-06": {
            "month": "2011-06",
            "price": "38.95",
            "revenue": 51595
        },
        "2011-07": {
            "month": "2011-07",
            "price": "39.08",
            "revenue": 53351
        },
        "2011-08": {
            "month": "2011-08",
            "price": "33.91",
            "revenue": 53599
        },
        "2011-09": {
            "month": "2011-09",
            "price": "32.00",
            "revenue": 53463
        },
        "2011-10": {
            "month": "2011-10",
            "price": "30.94",
            "revenue": 55595
        },
        "2011-11": {
            "month": "2011-11",
            "price": "27.68",
            "revenue": 336712
        },
        "2011-12": {
            "month": "2011-12",
            "price": "25.32",
            "revenue": 352103
        },
        "2012-01": {
            "month": "2012-01",
            "price": "25.17",
            "revenue": 308549
        },
        "2012-02": {
            "month": "2012-02",
            "price": "28.74",
            "revenue": 302910
        },
        "2012-03": {
            "month": "2012-03",
            "price": "28.90",
            "revenue": 308175
        },
        "2012-04": {
            "month": "2012-04",
            "price": "26.70",
            "revenue": 323796
        },
        "2012-05": {
            "month": "2012-05",
            "price": "27.20",
            "revenue": 325381
        },
        "2012-06": {
            "month": "2012-06",
            "price": "26.50",
            "revenue": 359747
        },
        "2012-07": {
            "month": "2012-07",
            "price": "27.03",
            "revenue": 354819
        },
        "2012-08": {
            "month": "2012-08",
            "price": "25.93",
            "revenue": 368688
        },
        "2012-09": {
            "month": "2012-09",
            "price": "25.26",
            "revenue": 339990
        },
        "2012-10": {
            "month": "2012-10",
            "price": "24.96",
            "revenue": 360605
        },
        "2012-11": {
            "month": "2012-11",
            "price": "20.92",
            "revenue": 353819
        },
        "2012-12": {
            "month": "2012-12",
            "price": "21.73",
            "revenue": 348450
        },
        "2013-01": {
            "month": "2013-01",
            "price": "22.81",
            "revenue": 327188
        },
        "2013-02": {
            "month": "2013-02",
            "price": "22.03",
            "revenue": 347273
        },
        "2013-03": {
            "month": "2013-03",
            "price": "20.67",
            "revenue": 423797
        },
        "2013-04": {
            "month": "2013-04",
            "price": "21.26",
            "revenue": 335120
        },
        "2013-05": {
            "month": "2013-05",
            "price": "21.40",
            "revenue": 402512
        },
        "2013-06": {
            "month": "2013-06",
            "price": "20.42",
            "revenue": 384407
        },
        "2013-07": {
            "month": "2013-07",
            "price": "20.50",
            "revenue": 372995
        },
        "2013-08": {
            "month": "2013-08",
            "price": "20.56",
            "revenue": 406913
        },
        "2013-09": {
            "month": "2013-09",
            "price": "21.35",
            "revenue": 393028
        },
        "2013-10": {
            "month": "2013-10",
            "price": "21.36",
            "revenue": 372872
        },
        "2013-11": {
            "month": "2013-11",
            "price": "20.35",
            "revenue": 414521
        },
        "2013-12": {
            "month": "2013-12",
            "price": "20.86",
            "revenue": 467691
        },
        "2014-01": {
            "month": "2014-01",
            "price": "21.24",
            "revenue": 328980
        },
        "2014-02": {
            "month": "2014-02",
            "price": "20.71",
            "revenue": 351496
        },
        "2014-03": {
            "month": "2014-03",
            "price": "20.49",
            "revenue": 379940
        },
        "2014-04": {
            "month": "2014-04",
            "price": "20.71",
            "revenue": 320190
        },
        "2014-05": {
            "month": "2014-05",
            "price": "20.28",
            "revenue": 353999
        },
        "2014-06": {
            "month": "2014-06",
            "price": "20.27",
            "revenue": 388704
        },
        "2014-07": {
            "month": "2014-07",
            "price": "20.31",
            "revenue": 367838
        },
        "2014-08": {
            "month": "2014-08",
            "price": "20.59",
            "revenue": 378527
        },
        "2014-09": {
            "month": "2014-09",
            "price": "20.75",
            "revenue": 377777
        },
        "2014-10": {
            "month": "2014-10",
            "price": "19.50",
            "revenue": 414835
        },
        "2014-11": {
            "month": "2014-11",
            "price": "17.90",
            "revenue": 399098
        },
        "2014-12": {
            "month": "2014-12",
            "price": "18.02",
            "revenue": 409373
        },
        "2015-01": {
            "month": "2015-01",
            "price": "18.49",
            "revenue": 381994
        },
        "2015-02": {
            "month": "2015-02",
            "price": "17.74",
            "revenue": 362335
        },
        "2015-03": {
            "month": "2015-03",
            "price": "18.16",
            "revenue": 432464
        },
        "2015-04": {
            "month": "2015-04",
            "price": "18.13",
            "revenue": 396468
        },
        "2015-05": {
            "month": "2015-05",
            "price": "17.62",
            "revenue": 355888
        },
        "2015-06": {
            "month": "2015-06",
            "price": "15.97",
            "revenue": 358837
        },
        "2015-07": {
            "month": "2015-07",
            "price": "15.77",
            "revenue": 347357
        },
        "2015-08": {
            "month": "2015-08",
            "price": "14.43",
            "revenue": 341645
        },
        "2015-09": {
            "month": "2015-09",
            "price": "13.36",
            "revenue": 407349
        },
        "2015-10": {
            "month": "2015-10",
            "price": "13.21",
            "revenue": 347600
        },
        "2015-11": {
            "month": "2015-11",
            "price": "12.90",
            "revenue": 371523
        },
        "2015-12": {
            "month": "2015-12",
            "price": "11.68",
            "revenue": 359803
        },
        "2016-01": {
            "month": "2016-01",
            "price": "11.32",
            "revenue": 320967
        },
        "2016-02": {
            "month": "2016-02",
            "price": "11.80",
            "revenue": 283981
        },
        "2016-03": {
            "month": "2016-03",
            "price": "12.82",
            "revenue": 315556
        },
        "2016-04": {
            "month": "2016-04",
            "price": "11.65",
            "revenue": 273143
        },
        "2016-05": {
            "month": "2016-05",
            "price": "10.38",
            "revenue": 285822
        },
        "2016-06": {
            "month": "2016-06",
            "price": "9.90",
            "revenue": 319078
        },
        "2016-07": {
            "month": "2016-07",
            "price": "10.04",
            "revenue": 292483
        },
        "2016-08": {
            "month": "2016-08",
            "price": "9.48",
            "revenue": 292688
        },
        "2016-09": {
            "month": "2016-09",
            "price": "9.35",
            "revenue": 271880
        },
        "2016-10": {
            "month": "2016-10",
            "price": "9.11",
            "revenue": 276699
        },
        "2016-11": {
            "month": "2016-11",
            "price": "9.27",
            "revenue": 271649
        },
        "2016-12": {
            "month": "2016-12",
            "price": "8.98",
            "revenue": 338456
        },
        "2017-01": {
            "month": "2017-01",
            "price": "9.03",
            "revenue": 317428
        },
        "2017-02": {
            "month": "2017-02",
            "price": "10.06",
            "revenue": 255977
        },
        "2017-03": {
            "month": "2017-03",
            "price": "10.75",
            "revenue": 248820
        },
        "2017-04": {
            "month": "2017-04",
            "price": "10.49",
            "revenue": 286693
        },
        "2017-05": {
            "month": "2017-05",
            "price": "9.52",
            "revenue": 282227
        },
        "2017-06": {
            "month": "2017-06",
            "price": "9.42",
            "revenue": 242180
        },
        "2017-07": {
            "month": "2017-07",
            "price": "9.27",
            "revenue": 281219
        },
        "2017-08": {
            "month": "2017-08",
            "price": "9.15",
            "revenue": 285872
        },
        "2017-09": {
            "month": "2017-09",
            "price": "9.05",
            "revenue": 295132
        },
        "2017-10": {
            "month": "2017-10",
            "price": "8.78",
            "revenue": 321394
        },
        "2017-11": {
            "month": "2017-11",
            "price": "8.74",
            "revenue": 330475
        },
        "2017-12": {
            "month": "2017-12",
            "price": "8.96",
            "revenue": 351027
        },
        "2018-01": {
            "month": "2018-01",
            "price": "9.31",
            "revenue": 328026
        },
        "2018-02": {
            "month": "2018-02",
            "price": "8.82",
            "revenue": 302740
        },
        "2018-03": {
            "month": "2018-03",
            "price": "8.31",
            "revenue": 312859
        },
        "2018-04": {
            "month": "2018-04",
            "price": "7.39",
            "revenue": 330972
        },
        "2018-05": {
            "month": "2018-05",
            "price": "7.57",
            "revenue": 317844
        },
        "2018-06": {
            "month": "2018-06",
            "price": "7.50",
            "revenue": 364952
        },
        "2018-07": {
            "month": "2018-07",
            "price": "7.36",
            "revenue": 342451
        },
        "2018-08": {
            "month": "2018-08",
            "price": "7.82",
            "revenue": 334636
        },
        "2018-09": {
            "month": "2018-09",
            "price": "7.94",
            "revenue": 326352
        },
        "2018-10": {
            "month": "2018-10",
            "price": "7.79",
            "revenue": 354837
        },
        "2018-11": {
            "month": "2018-11",
            "price": "7.30",
            "revenue": 345418
        },
        "2018-12": {
            "month": "2018-12",
            "price": "7.46",
            "revenue": 366105
        },
        "2019-01": {
            "month": "2019-01",
            "price": "7.39",
            "revenue": 348034
        },
        "2019-02": {
            "month": "2019-02",
            "price": "8.56",
            "revenue": 293429
        },
        "2019-03": {
            "month": "2019-03",
            "price": "10.48",
            "revenue": 322184
        },
        "2019-04": {
            "month": "2019-04",
            "price": "9.60",
            "revenue": 310030
        },
        "2019-05": {
            "month": "2019-05",
            "price": "8.94",
            "revenue": 328743
        },
        "2019-06": {
            "month": "2019-06",
            "price": "8.48",
            "revenue": 308826
        },
        "2019-07": {
            "month": "2019-07",
            "price": "9.09",
            "revenue": 310576
        },
        "2019-08": {
            "month": "2019-08",
            "price": "8.87",
            "revenue": 327344
        },
        "2019-09": {
            "month": "2019-09",
            "price": "8.85",
            "revenue": 332381
        },
        "2019-10": {
            "month": "2019-10",
            "price": "8.67",
            "revenue": 337175
        },
        "2019-11": {
            "month": "2019-11",
            "price": "8.40",
            "revenue": 305954
        },
        "2019-12": {
            "month": "2019-12",
            "price": "8.22",
            "revenue": 279721
        },
        "2020-01": {
            "month": "2020-01",
            "price": "7.87",
            "revenue": 241508
        },
        "2020-02": {
            "month": "2020-02",
            "price": "6.92",
            "revenue": 199875
        },
        "2020-03": {
            "month": "2020-03",
            "price": "5.60",
            "revenue": 198117
        },
        "2020-04": {
            "month": "2020-04",
            "price": "5.17",
            "revenue": 199374
        },
        "2020-05": {
            "month": "2020-05",
            "price": "5.31",
            "revenue": 196838
        },
        "2020-06": {
            "month": "2020-06",
            "price": "6.13",
            "revenue": 208087
        },
        "2020-07": {
            "month": "2020-07",
            "price": "6.39",
            "revenue": 235121
        },
        "2020-08": {
            "month": "2020-08",
            "price": "6.24",
            "revenue": 239430
        },
        "2020-09": {
            "month": "2020-09",
            "price": "7.11",
            "revenue": 225759
        },
        "2020-10": {
            "month": "2020-10",
            "price": "6.87",
            "revenue": 243691
        },
        "2020-11": {
            "month": "2020-11",
            "price": "7.19",
            "revenue": 236634
        },
        "2020-12": {
            "month": "2020-12",
            "price": "9.62",
            "revenue": 246389
        },
        "2021-01": {
            "month": "2021-01",
            "price": "11.18",
            "revenue": 262237
        },
        "2021-02": {
            "month": "2021-02",
            "price": "10.94",
            "revenue": 247064
        },
        "2021-03": {
            "month": "2021-03",
            "price": "14.51",
            "revenue": 289456
        },
        "2021-04": {
            "month": "2021-04",
            "price": "24.70",
            "revenue": 342210
        },
        "2021-05": {
            "month": "2021-05",
            "price": "31.34",
            "revenue": 440341
        },
        "2021-06": {
            "month": "2021-06",
            "price": "49.23",
            "revenue": 434943
        },
        "2021-07": {
            "month": "2021-07",
            "price": "57.44",
            "revenue": 489399
        },
        "2021-08": {
            "month": "2021-08",
            "price": "55.40",
            "revenue": 540308
        },
        "2021-09": {
            "month": "2021-09",
            "price": "58.80",
            "revenue": 625229
        },
        "2021-10": {
            "month": "2021-10",
            "price": "44.55",
            "revenue": 656601
        },
        "2021-11": {
            "month": "2021-11",
            "price": "42.71",
            "revenue": 646632
        },
        "2021-12": {
            "month": "2021-12",
            "price": "46.30",
            "revenue": 558299
        },
        "2022-01": {
            "month": "2022-01",
            "price": "40.10",
            "revenue": 541898
        },
        "2022-02": {
            "month": "2022-02",
            "price": "41.34",
            "revenue": 477851
        },
        "2022-03": {
            "month": "2022-03",
            "price": "44.80",
            "revenue": 584938
        },
        "2022-04": {
            "month": "2022-04",
            "price": "44.55",
            "revenue": 605321
        },
        "2022-05": {
            "month": "2022-05",
            "price": "44.41",
            "revenue": 630759
        },
        "2022-06": {
            "month": "2022-06",
            "price": "38.18",
            "revenue": 667851
        },
        "2022-07": {
            "month": "2022-07",
            "price": "31.58",
            "revenue": 680732
        },
        "2022-08": {
            "month": "2022-08",
            "price": "30.69",
            "revenue": 620091
        },
        "2022-09": {
            "month": "2022-09",
            "price": "26.88",
            "revenue": 607207
        },
        "2022-10": {
            "month": "2022-10",
            "price": "25.27",
            "revenue": 519184
        },
        "2022-11": {
            "month": "2022-11",
            "price": "23.70",
            "revenue": 413861
        },
        "2022-12": {
            "month": "2022-12",
            "price": "25.59",
            "revenue": 366120
        },
        "2023-01": {
            "month": "2023-01",
            "price": "24.38",
            "revenue": 325819
        },
        "2023-02": {
            "month": "2023-02",
            "price": "24.66",
            "revenue": 249732
        },
        "2023-03": {
            "month": "2023-03",
            "price": "27.98",
            "revenue": 287341
        },
        "2023-04": {
            "month": "2023-04",
            "price": "26.18",
            "revenue": 294125
        }
    }
}
