{
    "summary": {
        "stock_name": "中菲行",
        "stock_id": "5609",
        "category": "航運",
        "main_business": "航空貨運承攬及海運承攬運送業務之經營、進出口貨物之報關業務。<br>倉儲業務之經營、理貨包裝業務之經營。<br>前項有關業務之經營及投資。",
        "website_url": "http://www.dimerco.com",
        "ceo": "邱鈞榮",
        "pe_ratio": 13,
        "report_year_from": 2001,
        "report_year_to": 2023,
        "age": 23,
        "eps_negative_percentage": 0,
        "eps_growth_avg": {
            "last_all": 13.95,
            "last_2y": 15.4,
            "last_4y": 39.86,
            "last_8y": 29.38,
            "last_12y": 19.83,
            "last_16y": 15.78,
            "last_20y": 13.95,
            "at_2006_last_3y": 6.17,
            "at_2007_last_3y": 12.48,
            "at_2008_last_3y": 0.45,
            "at_2009_last_3y": 1.99,
            "at_2010_last_3y": 2.62,
            "at_2011_last_3y": -10.01,
            "at_2012_last_3y": -10.89,
            "at_2013_last_3y": -13.68,
            "at_2014_last_3y": -1.67,
            "at_2015_last_3y": -1.29,
            "at_2016_last_3y": 30.18,
            "at_2017_last_3y": 25.53,
            "at_2018_last_3y": 16.28,
            "at_2019_last_3y": 38.54,
            "at_2020_last_3y": 38.54,
            "at_2021_last_3y": 69.56,
            "at_2022_last_3y": 65.04,
            "at_2023_last_3y": 36.55,
            "at_2024_last_3y": 36.55,
            "at_2006_last_all": 6.17,
            "at_2007_last_all": 7.55,
            "at_2008_last_all": 2.57,
            "at_2009_last_all": 3.01,
            "at_2010_last_all": 4.4,
            "at_2011_last_all": -0.25,
            "at_2012_last_all": -2.81,
            "at_2013_last_all": -3.06,
            "at_2014_last_all": 2.37,
            "at_2015_last_all": -0.57,
            "at_2016_last_all": 6.61,
            "at_2017_last_all": 4.57,
            "at_2018_last_all": 5.85,
            "at_2019_last_all": 8.63,
            "at_2020_last_all": 13.71,
            "at_2021_last_all": 18.25,
            "at_2022_last_all": 17.69,
            "at_2023_last_all": 13.95,
            "at_2024_last_all": 13.95
        },
        "latest_eps": 7.17,
        "latest_price": 90.1,
        "latest_roe": 16.85,
        "latest_gross_margin": 16.66,
        "latest_equity": 5939379,
        "latest_revenue": 6166174,
        "latest_gross_profit": 1027499,
        "latest_net_income": 193699,
        "latest_debt_ratio": 33.13,
        "latest_current_ratio": 269.81,
        "latest_account_receivable_turnover_ratio": 2.54,
        "latest_inventory_turnover_ratio": null,
        "latest_reinvestment_rate": 2.35,
        "latest_research_to_sale_ratio": null
    },
    "eps_dividends": {
        "1999": {
            "cash": 0,
            "stock": 1.98,
            "eps": 0
        },
        "2000": {
            "cash": 0,
            "stock": 1.25,
            "eps": 0
        },
        "2001": {
            "cash": 0.31,
            "stock": 1.39,
            "eps": 0
        },
        "2002": {
            "cash": 0.29,
            "stock": 0.13,
            "eps": 1.81
        },
        "2003": {
            "cash": 0.71,
            "stock": 1.7,
            "eps": 1.59
        },
        "2004": {
            "cash": 0.38,
            "stock": 0.91,
            "eps": 2
        },
        "2005": {
            "cash": 0.46,
            "stock": 1.08,
            "eps": 1.99
        },
        "2006": {
            "cash": 0.43,
            "stock": 1.06,
            "eps": 2.22
        },
        "2007": {
            "cash": 0.84,
            "stock": 0.81,
            "eps": 2.51
        },
        "2008": {
            "cash": 0.57,
            "stock": 1.42,
            "eps": 1.95
        },
        "2009": {
            "cash": 0.6,
            "stock": 0.61,
            "eps": 2.06
        },
        "2010": {
            "cash": 0.59,
            "stock": 0.65,
            "eps": 2.35
        },
        "2011": {
            "cash": 1.17,
            "stock": 0.31,
            "eps": 1.47
        },
        "2012": {
            "cash": 1.02,
            "stock": 0,
            "eps": 1.09
        },
        "2013": {
            "cash": 0.68,
            "stock": 0,
            "eps": 1.03
        },
        "2014": {
            "cash": 0.72,
            "stock": 0,
            "eps": 1.67
        },
        "2015": {
            "cash": 1.02,
            "stock": 0,
            "eps": 1.07
        },
        "2016": {
            "cash": 1.02,
            "stock": 0,
            "eps": 2.2
        },
        "2017": {
            "cash": 2,
            "stock": 0,
            "eps": 1.67
        },
        "2018": {
            "cash": 1.18,
            "stock": 0,
            "eps": 2.09
        },
        "2019": {
            "cash": 1.5,
            "stock": 0,
            "eps": 3.2
        },
        "2020": {
            "cash": 1.36,
            "stock": 0,
            "eps": 8.61
        },
        "2021": {
            "cash": 5.2,
            "stock": 0.8,
            "eps": 17.48
        },
        "2022": {
            "cash": 10.2,
            "stock": 0,
            "eps": 18.71
        },
        "2023": {
            "cash": 10.7,
            "stock": 0.5,
            "eps": 7.33
        },
        "2024": {
            "cash": 6,
            "stock": 0,
            "eps": 0
        }
    },
    "dividends": {
        "1999-05-20": {
            "cash": 0,
            "stock": 1.98
        },
        "2000-05-29": {
            "cash": 0,
            "stock": 1.25
        },
        "2001-06-08": {
            "cash": 0.31,
            "stock": 1.39
        },
        "2002-06-14": {
            "cash": 0.29,
            "stock": 0.13
        },
        "2003-06-13": {
            "cash": 0.71,
            "stock": 1.7
        },
        "2004-04-15": {
            "cash": 0.38,
            "stock": 0.91
        },
        "2005-04-04": {
            "cash": 0.46,
            "stock": 1.08
        },
        "2006-04-28": {
            "cash": 0.43,
            "stock": 1.06
        },
        "2007-05-03": {
            "cash": 0.84,
            "stock": 0.81
        },
        "2008-06-20": {
            "cash": 0.57,
            "stock": 1.42
        },
        "2009-04-07": {
            "cash": 0.6,
            "stock": 0.61
        },
        "2010-03-31": {
            "cash": 0.59,
            "stock": 0.65
        },
        "2011-03-31": {
            "cash": 1.17,
            "stock": 0.31
        },
        "2012-06-12": {
            "cash": 1.02,
            "stock": 0
        },
        "2013-06-10": {
            "cash": 0.68,
            "stock": 0
        },
        "2014-06-11": {
            "cash": 0.72,
            "stock": 0
        },
        "2015-08-06": {
            "cash": 1.02,
            "stock": 0
        },
        "2016-08-15": {
            "cash": 1.02,
            "stock": 0
        },
        "2017-08-15": {
            "cash": 2,
            "stock": 0
        },
        "2018-08-28": {
            "cash": 1.18,
            "stock": 0
        },
        "2019-08-02": {
            "cash": 1.5,
            "stock": 0
        },
        "2020-07-22": {
            "cash": 1.36,
            "stock": 0
        },
        "2021-07-09": {
            "cash": 5.2,
            "stock": 0.8
        },
        "2022-07-08": {
            "cash": 10.2,
            "stock": 0
        },
        "2023-07-28": {
            "cash": 10.7,
            "stock": 0.5
        },
        "2024-03-12": {
            "cash": 6,
            "stock": 0
        }
    },
    "prices": {
        "200101": "無",
        "200102": "無",
        "200103": "無",
        "200104": "無",
        "200105": "無",
        "200106": "無",
        "200107": "無",
        "200108": "無",
        "200109": "無",
        "200110": "13.85",
        "200111": "13.75",
        "200112": "15.03",
        "200201": "17.27",
        "200202": "16.66",
        "200203": "16.53",
        "200204": "17.98",
        "200205": "19.20",
        "200206": "19.22",
        "200207": "19.12",
        "200208": "18.38",
        "200209": "14.80",
        "200210": "13.50",
        "200211": "14.88",
        "200212": "16.45",
        "200301": "18.44",
        "200302": "19.19",
        "200303": "19.22",
        "200304": "18.44",
        "200305": "17.15",
        "200306": "18.36",
        "200307": "18.65",
        "200308": "15.98",
        "200309": "14.27",
        "200310": "14.50",
        "200311": "15.47",
        "200312": "16.07",
        "200401": "16.48",
        "200402": "17.12",
        "200403": "16.87",
        "200404": "16.27",
        "200405": "14.77",
        "200406": "15.07",
        "200407": "14.85",
        "200408": "14.19",
        "200409": "13.80",
        "200410": "14.18",
        "200411": "13.92",
        "200412": "14.01",
        "200501": "14.69",
        "200502": "15.27",
        "200503": "15.10",
        "200504": "14.44",
        "200505": "14.41",
        "200506": "14.99",
        "200507": "15.22",
        "200508": "15.58",
        "200509": "16.57",
        "200510": "15.05",
        "200511": "15.04",
        "200512": "16.22",
        "200601": "16.56",
        "200602": "17.93",
        "200603": "16.30",
        "200604": "18.14",
        "200605": "22.14",
        "200606": "27.24",
        "200607": "33.95",
        "200608": "37.99",
        "200609": "37.55",
        "200610": "40.24",
        "200611": "40.08",
        "200612": "40.24",
        "200701": "37.05",
        "200702": "36.84",
        "200703": "34.80",
        "200704": "36.54",
        "200705": "34.28",
        "200706": "35.18",
        "200707": "38.99",
        "200708": "45.81",
        "200709": "50.88",
        "200710": "47.80",
        "200711": "37.80",
        "200712": "35.96",
        "200801": "39.21",
        "200802": "36.61",
        "200803": "46.70",
        "200804": "47.51",
        "200805": "43.04",
        "200806": "36.52",
        "200807": "36.90",
        "200808": "32.83",
        "200809": "21.79",
        "200810": "16.15",
        "200811": "20.64",
        "200812": "22.79",
        "200901": "20.66",
        "200902": "18.96",
        "200903": "21.86",
        "200904": "25.01",
        "200905": "25.96",
        "200906": "23.28",
        "200907": "23.75",
        "200908": "21.86",
        "200909": "25.87",
        "200910": "27.03",
        "200911": "27.09",
        "200912": "32.10",
        "201001": "32.78",
        "201002": "31.76",
        "201003": "33.41",
        "201004": "34.82",
        "201005": "32.10",
        "201006": "32.17",
        "201007": "32.98",
        "201008": "31.47",
        "201009": "29.78",
        "201010": "30.13",
        "201011": "26.98",
        "201012": "28.64",
        "201101": "28.56",
        "201102": "26.74",
        "201103": "25.45",
        "201104": "26.24",
        "201105": "25.86",
        "201106": "25.11",
        "201107": "24.11",
        "201108": "20.38",
        "201109": "20.50",
        "201110": "19.08",
        "201111": "17.70",
        "201112": "16.34",
        "201201": "17.23",
        "201202": "19.35",
        "201203": "18.83",
        "201204": "17.30",
        "201205": "17.05",
        "201206": "17.83",
        "201207": "19.33",
        "201208": "22.32",
        "201209": "22.84",
        "201210": "20.32",
        "201211": "18.31",
        "201212": "18.37",
        "201301": "18.60",
        "201302": "18.70",
        "201303": "18.25",
        "201304": "17.84",
        "201305": "17.57",
        "201306": "17.02",
        "201307": "16.90",
        "201308": "17.07",
        "201309": "17.32",
        "201310": "18.06",
        "201311": "19.32",
        "201312": "20.42",
        "201401": "20.36",
        "201402": "20.09",
        "201403": "19.93",
        "201404": "19.49",
        "201405": "18.29",
        "201406": "18.90",
        "201407": "19.28",
        "201408": "21.80",
        "201409": "23.59",
        "201410": "22.46",
        "201411": "22.75",
        "201412": "23.18",
        "201501": "24.23",
        "201502": "23.20",
        "201503": "23.15",
        "201504": "21.84",
        "201505": "20.44",
        "201506": "19.09",
        "201507": "18.35",
        "201508": "17.25",
        "201509": "17.17",
        "201510": "17.91",
        "201511": "17.92",
        "201512": "16.49",
        "201601": "15.44",
        "201602": "15.68",
        "201603": "16.59",
        "201604": "16.07",
        "201605": "16.52",
        "201606": "17.10",
        "201607": "17.71",
        "201608": "18.75",
        "201609": "19.18",
        "201610": "20.40",
        "201611": "21.14",
        "201612": "20.81",
        "201701": "20.90",
        "201702": "21.61",
        "201703": "22.77",
        "201704": "23.47",
        "201705": "23.02",
        "201706": "23.70",
        "201707": "23.38",
        "201708": "21.62",
        "201709": "22.36",
        "201710": "22.55",
        "201711": "22.05",
        "201712": "21.09",
        "201801": "21.37",
        "201802": "21.17",
        "201803": "21.35",
        "201804": "20.91",
        "201805": "20.71",
        "201806": "20.56",
        "201807": "20.20",
        "201808": "20.02",
        "201809": "19.53",
        "201810": "19.29",
        "201811": "19.75",
        "201812": "19.75",
        "201901": "19.75",
        "201902": "20.18",
        "201903": "20.88",
        "201904": "21.66",
        "201905": "21.78",
        "201906": "22.23",
        "201907": "21.73",
        "201908": "22.77",
        "201909": "24.75",
        "201910": "24.34",
        "201911": "25.52",
        "201912": "26.61",
        "202001": "27.83",
        "202002": "26.58",
        "202003": "23.24",
        "202004": "23.83",
        "202005": "28.52",
        "202006": "35.92",
        "202007": "38.21",
        "202008": "53.47",
        "202009": "62.41",
        "202010": "62.55",
        "202011": "66.31",
        "202012": "66.95",
        "202101": "60.16",
        "202102": "62.27",
        "202103": "72.62",
        "202104": "79.91",
        "202105": "75.70",
        "202106": "125.93",
        "202107": "114.45",
        "202108": "110.45",
        "202109": "103.35",
        "202110": "87.06",
        "202111": "98.60",
        "202112": "105.48",
        "202201": "103.18",
        "202202": "101.59",
        "202203": "104.03",
        "202204": "106.21",
        "202205": "107.74",
        "202206": "90.52",
        "202207": "70.97",
        "202208": "79.76",
        "202209": "69.65",
        "202210": "61.86",
        "202211": "69.39",
        "202212": "71.39",
        "202301": "71.44",
        "202302": "75.22",
        "202303": "82.24",
        "202304": "86.34",
        "202305": "85.08",
        "202306": "89.96",
        "202307": "73.55",
        "202308": "75.18",
        "202309": "79.10",
        "202310": "77.99",
        "202311": "79.50",
        "202312": "83.08",
        "202401": "86.18",
        "202402": "84.49",
        "202403": "88.66",
        "202404": "無"
    },
    "quarters": {
        "20011": {
            "year_quarter": 20011,
            "year": 2001,
            "quarter": 1,
            "eps": null,
            "eps_growth_year": null,
            "eps_4q": null,
            "eps_4q_growth_year": null,
            "roe": null,
            "roe_4q": 0,
            "gross_profit": null,
            "gross_margin": null,
            "gross_margin_4q_avg": 0,
            "net_income": null,
            "net_income_4q": null,
            "revenue": null,
            "revenue_4q": null,
            "common_shares": null,
            "book_valuer_per_share": null,
            "book_valuer_per_share_4q_avg": 0,
            "equity": null,
            "current_ratio": null,
            "debt_ratio": null,
            "inventory_turnover_ratio": null,
            "account_receivable_turnover_ratio": null,
            "reinvestment_rate": null,
            "research_to_sale_ratio": null,
            "price_fair": 0,
            "eps_avg_yearly": 0,
            "eps_latest_yearly": 0,
            "eps_growth_yearly": 0
        },
        "20012": {
            "year_quarter": 20012,
            "year": 2001,
            "quarter": 2,
            "eps": null,
            "eps_growth_year": null,
            "eps_4q": null,
            "eps_4q_growth_year": null,
            "roe": null,
            "roe_4q": 0,
            "gross_profit": null,
            "gross_margin": null,
            "gross_margin_4q_avg": 0,
            "net_income": null,
            "net_income_4q": null,
            "revenue": null,
            "revenue_4q": null,
            "common_shares": null,
            "book_valuer_per_share": null,
            "book_valuer_per_share_4q_avg": 0,
            "equity": null,
            "current_ratio": null,
            "debt_ratio": null,
            "inventory_turnover_ratio": null,
            "account_receivable_turnover_ratio": null,
            "reinvestment_rate": null,
            "research_to_sale_ratio": null,
            "price_fair": 0,
            "eps_avg_yearly": 0,
            "eps_latest_yearly": 0,
            "eps_growth_yearly": 0
        },
        "20013": {
            "year_quarter": 20013,
            "year": 2001,
            "quarter": 3,
            "eps": null,
            "eps_growth_year": null,
            "eps_4q": null,
            "eps_4q_growth_year": null,
            "roe": null,
            "roe_4q": 0,
            "gross_profit": null,
            "gross_margin": null,
            "gross_margin_4q_avg": 0,
            "net_income": null,
            "net_income_4q": null,
            "revenue": null,
            "revenue_4q": null,
            "common_shares": null,
            "book_valuer_per_share": null,
            "book_valuer_per_share_4q_avg": 0,
            "equity": null,
            "current_ratio": null,
            "debt_ratio": null,
            "inventory_turnover_ratio": null,
            "account_receivable_turnover_ratio": null,
            "reinvestment_rate": null,
            "research_to_sale_ratio": null,
            "price_fair": 0,
            "eps_avg_yearly": 0,
            "eps_latest_yearly": 0,
            "eps_growth_yearly": 0
        },
        "20014": {
            "year_quarter": 20014,
            "year": 2001,
            "quarter": 4,
            "eps": null,
            "eps_growth_year": null,
            "eps_4q": null,
            "eps_4q_growth_year": null,
            "roe": null,
            "roe_4q": 0,
            "gross_profit": null,
            "gross_margin": null,
            "gross_margin_4q_avg": 0,
            "net_income": null,
            "net_income_4q": null,
            "revenue": null,
            "revenue_4q": null,
            "common_shares": 490000,
            "book_valuer_per_share": 15.46,
            "book_valuer_per_share_4q_avg": 3.87,
            "equity": 859504,
            "current_ratio": 158.96,
            "debt_ratio": 55.85,
            "inventory_turnover_ratio": null,
            "account_receivable_turnover_ratio": null,
            "reinvestment_rate": null,
            "research_to_sale_ratio": null,
            "price_fair": 0,
            "eps_avg_yearly": 0,
            "eps_latest_yearly": 0,
            "eps_growth_yearly": 0
        },
        "20021": {
            "year_quarter": 20021,
            "year": 2002,
            "quarter": 1,
            "eps": 0.05,
            "eps_growth_year": null,
            "eps_4q": null,
            "eps_4q_growth_year": null,
            "roe": 0.37,
            "roe_4q": 0.37,
            "gross_profit": 29271,
            "gross_margin": 10.74,
            "gross_margin_4q_avg": 2.69,
            "net_income": 2964,
            "net_income_4q": null,
            "revenue": 272418,
            "revenue_4q": null,
            "common_shares": 490000,
            "book_valuer_per_share": 15.52,
            "book_valuer_per_share_4q_avg": 7.75,
            "equity": 760563,
            "current_ratio": 136.85,
            "debt_ratio": 26.73,
            "inventory_turnover_ratio": null,
            "account_receivable_turnover_ratio": null,
            "reinvestment_rate": null,
            "research_to_sale_ratio": null,
            "price_fair": 0,
            "eps_avg_yearly": 0,
            "eps_latest_yearly": 0,
            "eps_growth_yearly": 0
        },
        "20022": {
            "year_quarter": 20022,
            "year": 2002,
            "quarter": 2,
            "eps": 0.51,
            "eps_growth_year": null,
            "eps_4q": null,
            "eps_4q_growth_year": null,
            "roe": 3.79,
            "roe_4q": 4.16,
            "gross_profit": 32446,
            "gross_margin": 10.11,
            "gross_margin_4q_avg": 5.21,
            "net_income": 28664,
            "net_income_4q": null,
            "revenue": 321011,
            "revenue_4q": null,
            "common_shares": 490000,
            "book_valuer_per_share": 15.32,
            "book_valuer_per_share_4q_avg": 11.58,
            "equity": 750893,
            "current_ratio": 123.02,
            "debt_ratio": 28.01,
            "inventory_turnover_ratio": null,
            "account_receivable_turnover_ratio": null,
            "reinvestment_rate": null,
            "research_to_sale_ratio": null,
            "price_fair": 71.4,
            "eps_avg_yearly": 2.04,
            "eps_latest_yearly": 2.04,
            "eps_growth_yearly": 3680
        },
        "20023": {
            "year_quarter": 20023,
            "year": 2002,
            "quarter": 3,
            "eps": 0.56,
            "eps_growth_year": null,
            "eps_4q": null,
            "eps_4q_growth_year": null,
            "roe": 4.05,
            "roe_4q": 8.209999999999999,
            "gross_profit": 23886,
            "gross_margin": 7.74,
            "gross_margin_4q_avg": 7.15,
            "net_income": 31438,
            "net_income_4q": null,
            "revenue": 308643,
            "revenue_4q": null,
            "common_shares": 560000,
            "book_valuer_per_share": 14.33,
            "book_valuer_per_share_4q_avg": 15.16,
            "equity": 802368,
            "current_ratio": 122.94,
            "debt_ratio": 25.76,
            "inventory_turnover_ratio": null,
            "account_receivable_turnover_ratio": null,
            "reinvestment_rate": null,
            "research_to_sale_ratio": null,
            "price_fair": 74.9,
            "eps_avg_yearly": 2.14,
            "eps_latest_yearly": 2.24,
            "eps_growth_yearly": 1859.61
        },
        "20024": {
            "year_quarter": 20024,
            "year": 2002,
            "quarter": 4,
            "eps": 0.69,
            "eps_growth_year": null,
            "eps_4q": 1.82,
            "eps_4q_growth_year": null,
            "roe": 4.4,
            "roe_4q": 12.609999999999998,
            "gross_profit": 60289,
            "gross_margin": 16.22,
            "gross_margin_4q_avg": 11.2,
            "net_income": 38553,
            "net_income_4q": null,
            "revenue": 371615,
            "revenue_4q": null,
            "common_shares": 560000,
            "book_valuer_per_share": 15.01,
            "book_valuer_per_share_4q_avg": 15.05,
            "equity": 950024,
            "current_ratio": 158.54,
            "debt_ratio": 56.41,
            "inventory_turnover_ratio": null,
            "account_receivable_turnover_ratio": null,
            "reinvestment_rate": null,
            "research_to_sale_ratio": null,
            "price_fair": 82.13,
            "eps_avg_yearly": 2.35,
            "eps_latest_yearly": 2.76,
            "eps_growth_yearly": 1270.69
        },
        "20031": {
            "year_quarter": 20031,
            "year": 2003,
            "quarter": 1,
            "eps": 0.08,
            "eps_growth_year": 60,
            "eps_4q": 1.75,
            "eps_4q_growth_year": null,
            "roe": 0.53,
            "roe_4q": 12.77,
            "gross_profit": 27298,
            "gross_margin": 9.05,
            "gross_margin_4q_avg": 10.78,
            "net_income": 4713,
            "net_income_4q": null,
            "revenue": 301740,
            "revenue_4q": null,
            "common_shares": 560000,
            "book_valuer_per_share": 15.09,
            "book_valuer_per_share_4q_avg": 14.94,
            "equity": 844921,
            "current_ratio": 128.19,
            "debt_ratio": 24.03,
            "inventory_turnover_ratio": null,
            "account_receivable_turnover_ratio": null,
            "reinvestment_rate": null,
            "research_to_sale_ratio": null,
            "price_fair": 64.4,
            "eps_avg_yearly": 1.84,
            "eps_latest_yearly": 0.32,
            "eps_growth_yearly": 864.61
        },
        "20032": {
            "year_quarter": 20032,
            "year": 2003,
            "quarter": 2,
            "eps": 0.44,
            "eps_growth_year": -13.73,
            "eps_4q": 1.58,
            "eps_4q_growth_year": null,
            "roe": 3.45,
            "roe_4q": 12.43,
            "gross_profit": 35391,
            "gross_margin": 11.14,
            "gross_margin_4q_avg": 11.04,
            "net_income": 28864,
            "net_income_4q": null,
            "revenue": 317716,
            "revenue_4q": null,
            "common_shares": 560000,
            "book_valuer_per_share": 14.75,
            "book_valuer_per_share_4q_avg": 14.8,
            "equity": 826058,
            "current_ratio": 235.04,
            "debt_ratio": 44,
            "inventory_turnover_ratio": null,
            "account_receivable_turnover_ratio": null,
            "reinvestment_rate": null,
            "research_to_sale_ratio": null,
            "price_fair": 63.84,
            "eps_avg_yearly": 1.82,
            "eps_latest_yearly": 1.76,
            "eps_growth_yearly": 1051.69
        },
        "20033": {
            "year_quarter": 20033,
            "year": 2003,
            "quarter": 3,
            "eps": 0.65,
            "eps_growth_year": 16.07,
            "eps_4q": 1.74,
            "eps_4q_growth_year": null,
            "roe": 5.09,
            "roe_4q": 13.469999999999999,
            "gross_profit": 33150,
            "gross_margin": 10.75,
            "gross_margin_4q_avg": 11.79,
            "net_income": 43002,
            "net_income_4q": null,
            "revenue": 308415,
            "revenue_4q": null,
            "common_shares": 660000,
            "book_valuer_per_share": 13.07,
            "book_valuer_per_share_4q_avg": 14.48,
            "equity": 862674,
            "current_ratio": 245.46,
            "debt_ratio": 41.9,
            "inventory_turnover_ratio": null,
            "account_receivable_turnover_ratio": null,
            "reinvestment_rate": null,
            "research_to_sale_ratio": null,
            "price_fair": 68.37,
            "eps_avg_yearly": 1.95,
            "eps_latest_yearly": 2.6,
            "eps_growth_yearly": 908.23
        },
        "20034": {
            "year_quarter": 20034,
            "year": 2003,
            "quarter": 4,
            "eps": 0.42,
            "eps_growth_year": -39.13,
            "eps_4q": 1.59,
            "eps_4q_growth_year": -12.8,
            "roe": 2.94,
            "roe_4q": 12.01,
            "gross_profit": 32420,
            "gross_margin": 9.99,
            "gross_margin_4q_avg": 10.23,
            "net_income": 27584,
            "net_income_4q": null,
            "revenue": 324666,
            "revenue_4q": null,
            "common_shares": 660000,
            "book_valuer_per_share": 13.48,
            "book_valuer_per_share_4q_avg": 14.1,
            "equity": 1015271,
            "current_ratio": 190.03,
            "debt_ratio": 60.37,
            "inventory_turnover_ratio": null,
            "account_receivable_turnover_ratio": null,
            "reinvestment_rate": null,
            "research_to_sale_ratio": null,
            "price_fair": 67,
            "eps_avg_yearly": 1.91,
            "eps_latest_yearly": 1.68,
            "eps_growth_yearly": 758.26
        },
        "20041": {
            "year_quarter": 20041,
            "year": 2004,
            "quarter": 1,
            "eps": 0.22,
            "eps_growth_year": 175,
            "eps_4q": 1.71,
            "eps_4q_growth_year": -2.51,
            "roe": 1.55,
            "roe_4q": 13.030000000000001,
            "gross_profit": 31734,
            "gross_margin": 11.97,
            "gross_margin_4q_avg": 10.96,
            "net_income": 14679,
            "net_income_4q": null,
            "revenue": 265041,
            "revenue_4q": null,
            "common_shares": 660000,
            "book_valuer_per_share": 13.33,
            "book_valuer_per_share_4q_avg": 13.66,
            "equity": 879521,
            "current_ratio": 186.9,
            "debt_ratio": 43.01,
            "inventory_turnover_ratio": null,
            "account_receivable_turnover_ratio": null,
            "reinvestment_rate": null,
            "research_to_sale_ratio": null,
            "price_fair": 62.48,
            "eps_avg_yearly": 1.79,
            "eps_latest_yearly": 0.88,
            "eps_growth_yearly": 639.67
        },
        "20042": {
            "year_quarter": 20042,
            "year": 2004,
            "quarter": 2,
            "eps": 0.49,
            "eps_growth_year": 11.36,
            "eps_4q": 1.79,
            "eps_4q_growth_year": 13.48,
            "roe": 3.66,
            "roe_4q": 13.24,
            "gross_profit": 25278,
            "gross_margin": 9.33,
            "gross_margin_4q_avg": 10.51,
            "net_income": 32100,
            "net_income_4q": null,
            "revenue": 271016,
            "revenue_4q": null,
            "common_shares": 660000,
            "book_valuer_per_share": 13.25,
            "book_valuer_per_share_4q_avg": 13.28,
            "equity": 874180,
            "current_ratio": 165.62,
            "debt_ratio": 44.33,
            "inventory_turnover_ratio": null,
            "account_receivable_turnover_ratio": null,
            "reinvestment_rate": null,
            "research_to_sale_ratio": null,
            "price_fair": 63.16,
            "eps_avg_yearly": 1.8,
            "eps_latest_yearly": 1.96,
            "eps_growth_yearly": 623.14
        },
        "20043": {
            "year_quarter": 20043,
            "year": 2004,
            "quarter": 3,
            "eps": 0.72,
            "eps_growth_year": 10.77,
            "eps_4q": 1.75,
            "eps_4q_growth_year": 0.74,
            "roe": 5.74,
            "roe_4q": 13.89,
            "gross_profit": 27809,
            "gross_margin": 11.15,
            "gross_margin_4q_avg": 10.61,
            "net_income": 51824,
            "net_income_4q": null,
            "revenue": 249439,
            "revenue_4q": null,
            "common_shares": 725000,
            "book_valuer_per_share": 12.84,
            "book_valuer_per_share_4q_avg": 13.23,
            "equity": 930580,
            "current_ratio": 139.35,
            "debt_ratio": 43.07,
            "inventory_turnover_ratio": null,
            "account_receivable_turnover_ratio": null,
            "reinvestment_rate": null,
            "research_to_sale_ratio": null,
            "price_fair": 66.92,
            "eps_avg_yearly": 1.91,
            "eps_latest_yearly": 2.88,
            "eps_growth_yearly": 579.6
        },
        "20044": {
            "year_quarter": 20044,
            "year": 2004,
            "quarter": 4,
            "eps": 0.57,
            "eps_growth_year": 35.71,
            "eps_4q": 1.96,
            "eps_4q_growth_year": 23.72,
            "roe": 4.18,
            "roe_4q": 15.13,
            "gross_profit": 30079,
            "gross_margin": 10.18,
            "gross_margin_4q_avg": 10.66,
            "net_income": 40370,
            "net_income_4q": null,
            "revenue": 295469,
            "revenue_4q": null,
            "common_shares": 725000,
            "book_valuer_per_share": 12.58,
            "book_valuer_per_share_4q_avg": 13,
            "equity": 1000252,
            "current_ratio": 181.83,
            "debt_ratio": 62.43,
            "inventory_turnover_ratio": null,
            "account_receivable_turnover_ratio": null,
            "reinvestment_rate": null,
            "research_to_sale_ratio": null,
            "price_fair": 68.09,
            "eps_avg_yearly": 1.95,
            "eps_latest_yearly": 2.28,
            "eps_growth_yearly": 519.33
        },
        "20051": {
            "year_quarter": 20051,
            "year": 2005,
            "quarter": 1,
            "eps": 0.25,
            "eps_growth_year": 13.64,
            "eps_4q": 2.03,
            "eps_4q_growth_year": 18.41,
            "roe": 1.83,
            "roe_4q": 15.41,
            "gross_profit": 32575,
            "gross_margin": 14.21,
            "gross_margin_4q_avg": 11.22,
            "net_income": 17502,
            "net_income_4q": null,
            "revenue": 229251,
            "revenue_4q": null,
            "common_shares": 725000,
            "book_valuer_per_share": 12.65,
            "book_valuer_per_share_4q_avg": 12.83,
            "equity": 916957,
            "current_ratio": 146.92,
            "debt_ratio": 42.32,
            "inventory_turnover_ratio": null,
            "account_receivable_turnover_ratio": null,
            "reinvestment_rate": null,
            "research_to_sale_ratio": null,
            "price_fair": 65.33,
            "eps_avg_yearly": 1.87,
            "eps_latest_yearly": 1,
            "eps_growth_yearly": 457.34
        },
        "20052": {
            "year_quarter": 20052,
            "year": 2005,
            "quarter": 2,
            "eps": 0.53,
            "eps_growth_year": 8.16,
            "eps_4q": 2.08,
            "eps_4q_growth_year": 16.19,
            "roe": 4.08,
            "roe_4q": 15.83,
            "gross_profit": 30601,
            "gross_margin": 13.74,
            "gross_margin_4q_avg": 12.32,
            "net_income": 37470,
            "net_income_4q": null,
            "revenue": 222702,
            "revenue_4q": null,
            "common_shares": 725000,
            "book_valuer_per_share": 12.67,
            "book_valuer_per_share_4q_avg": 12.69,
            "equity": 918872,
            "current_ratio": 151.89,
            "debt_ratio": 43.59,
            "inventory_turnover_ratio": null,
            "account_receivable_turnover_ratio": null,
            "reinvestment_rate": null,
            "research_to_sale_ratio": null,
            "price_fair": 66.02,
            "eps_avg_yearly": 1.89,
            "eps_latest_yearly": 2.12,
            "eps_growth_yearly": 456.62
        },
        "20053": {
            "year_quarter": 20053,
            "year": 2005,
            "quarter": 3,
            "eps": 0.75,
            "eps_growth_year": 4.17,
            "eps_4q": 1.94,
            "eps_4q_growth_year": 10.41,
            "roe": 6.13,
            "roe_4q": 16.22,
            "gross_profit": 35265,
            "gross_margin": 15.17,
            "gross_margin_4q_avg": 13.33,
            "net_income": 60312,
            "net_income_4q": null,
            "revenue": 232398,
            "revenue_4q": null,
            "common_shares": 822384,
            "book_valuer_per_share": 12.77,
            "book_valuer_per_share_4q_avg": 12.67,
            "equity": 1049874,
            "current_ratio": 93.33,
            "debt_ratio": 30.11,
            "inventory_turnover_ratio": null,
            "account_receivable_turnover_ratio": null,
            "reinvestment_rate": null,
            "research_to_sale_ratio": null,
            "price_fair": 68.8,
            "eps_avg_yearly": 1.97,
            "eps_latest_yearly": 3,
            "eps_growth_yearly": 435.87
        },
        "20054": {
            "year_quarter": 20054,
            "year": 2005,
            "quarter": 4,
            "eps": 0.46,
            "eps_growth_year": -19.3,
            "eps_4q": 1.9,
            "eps_4q_growth_year": -3,
            "roe": 3.34,
            "roe_4q": 15.379999999999999,
            "gross_profit": 45705,
            "gross_margin": 13.51,
            "gross_margin_4q_avg": 14.16,
            "net_income": 36743,
            "net_income_4q": null,
            "revenue": 338213,
            "revenue_4q": null,
            "common_shares": 822384,
            "book_valuer_per_share": 12.88,
            "book_valuer_per_share_4q_avg": 12.74,
            "equity": 1153221,
            "current_ratio": 168.52,
            "debt_ratio": 57.12,
            "inventory_turnover_ratio": null,
            "account_receivable_turnover_ratio": null,
            "reinvestment_rate": 5.77,
            "research_to_sale_ratio": null,
            "price_fair": 68.51,
            "eps_avg_yearly": 1.96,
            "eps_latest_yearly": 1.84,
            "eps_growth_yearly": 396.5
        },
        "20061": {
            "year_quarter": 20061,
            "year": 2006,
            "quarter": 1,
            "eps": 0.31,
            "eps_growth_year": 24,
            "eps_4q": 1.97,
            "eps_4q_growth_year": -2.76,
            "roe": 2.24,
            "roe_4q": 15.790000000000001,
            "gross_profit": 30683,
            "gross_margin": 12.12,
            "gross_margin_4q_avg": 13.64,
            "net_income": 25130,
            "net_income_4q": null,
            "revenue": 253250,
            "revenue_4q": null,
            "common_shares": 822384,
            "book_valuer_per_share": 13.24,
            "book_valuer_per_share_4q_avg": 12.89,
            "equity": 1089055,
            "current_ratio": 124.34,
            "debt_ratio": 29.2,
            "inventory_turnover_ratio": null,
            "account_receivable_turnover_ratio": null,
            "reinvestment_rate": 2.61,
            "research_to_sale_ratio": null,
            "price_fair": 66.94,
            "eps_avg_yearly": 1.91,
            "eps_latest_yearly": 1.24,
            "eps_growth_yearly": 363.57
        },
        "20062": {
            "year_quarter": 20062,
            "year": 2006,
            "quarter": 2,
            "eps": 0.55,
            "eps_growth_year": 3.77,
            "eps_4q": 2.05,
            "eps_4q_growth_year": -1.48,
            "roe": 4.08,
            "roe_4q": 15.79,
            "gross_profit": 45930,
            "gross_margin": 14.04,
            "gross_margin_4q_avg": 13.71,
            "net_income": 44779,
            "net_income_4q": null,
            "revenue": 327062,
            "revenue_4q": null,
            "common_shares": 822384,
            "book_valuer_per_share": 13.43,
            "book_valuer_per_share_4q_avg": 13.08,
            "equity": 1104787,
            "current_ratio": 109.62,
            "debt_ratio": 31.24,
            "inventory_turnover_ratio": null,
            "account_receivable_turnover_ratio": null,
            "reinvestment_rate": -0.39,
            "research_to_sale_ratio": null,
            "price_fair": 67.29,
            "eps_avg_yearly": 1.92,
            "eps_latest_yearly": 2.2,
            "eps_growth_yearly": 152.92
        },
        "20063": {
            "year_quarter": 20063,
            "year": 2006,
            "quarter": 3,
            "eps": 0.69,
            "eps_growth_year": -8,
            "eps_4q": 1.86,
            "eps_4q_growth_year": -3.69,
            "roe": 5.4,
            "roe_4q": 15.06,
            "gross_profit": 49636,
            "gross_margin": 14.83,
            "gross_margin_4q_avg": 13.63,
            "net_income": 62671,
            "net_income_4q": null,
            "revenue": 334713,
            "revenue_4q": null,
            "common_shares": 919000,
            "book_valuer_per_share": 13.21,
            "book_valuer_per_share_4q_avg": 13.19,
            "equity": 1214242,
            "current_ratio": 114.85,
            "debt_ratio": 28.88,
            "inventory_turnover_ratio": null,
            "account_receivable_turnover_ratio": null,
            "reinvestment_rate": -0.34,
            "research_to_sale_ratio": null,
            "price_fair": 68.43,
            "eps_avg_yearly": 1.96,
            "eps_latest_yearly": 2.76,
            "eps_growth_yearly": 156.83
        },
        "20064": {
            "year_quarter": 20064,
            "year": 2006,
            "quarter": 4,
            "eps": 0.67,
            "eps_growth_year": 45.65,
            "eps_4q": 2.13,
            "eps_4q_growth_year": 12.02,
            "roe": 4.71,
            "roe_4q": 16.43,
            "gross_profit": 21143,
            "gross_margin": 6.13,
            "gross_margin_4q_avg": 11.78,
            "net_income": 60758,
            "net_income_4q": null,
            "revenue": 344641,
            "revenue_4q": null,
            "common_shares": 919000,
            "book_valuer_per_share": 13.58,
            "book_valuer_per_share_4q_avg": 13.37,
            "equity": 1367914,
            "current_ratio": 163.74,
            "debt_ratio": 57.07,
            "inventory_turnover_ratio": null,
            "account_receivable_turnover_ratio": null,
            "reinvestment_rate": 10.75,
            "research_to_sale_ratio": null,
            "price_fair": 68.25,
            "eps_avg_yearly": 1.95,
            "eps_latest_yearly": 2.68,
            "eps_growth_yearly": 150.3
        },
        "20071": {
            "year_quarter": 20071,
            "year": 2007,
            "quarter": 1,
            "eps": 0.35,
            "eps_growth_year": 12.9,
            "eps_4q": 2.19,
            "eps_4q_growth_year": 11.1,
            "roe": 2.4,
            "roe_4q": 16.59,
            "gross_profit": 35735,
            "gross_margin": 14.77,
            "gross_margin_4q_avg": 12.44,
            "net_income": 32031,
            "net_income_4q": null,
            "revenue": 241921,
            "revenue_4q": null,
            "common_shares": 919000,
            "book_valuer_per_share": 14.16,
            "book_valuer_per_share_4q_avg": 13.6,
            "equity": 1301681,
            "current_ratio": 113.4,
            "debt_ratio": 25.9,
            "inventory_turnover_ratio": null,
            "account_receivable_turnover_ratio": null,
            "reinvestment_rate": -0.39,
            "research_to_sale_ratio": null,
            "price_fair": 70.61,
            "eps_avg_yearly": 2.02,
            "eps_latest_yearly": 1.4,
            "eps_growth_yearly": 160.47
        },
        "20072": {
            "year_quarter": 20072,
            "year": 2007,
            "quarter": 2,
            "eps": 0.63,
            "eps_growth_year": 14.55,
            "eps_4q": 2.32,
            "eps_4q_growth_year": 12.97,
            "roe": 4.52,
            "roe_4q": 17.03,
            "gross_profit": 48222,
            "gross_margin": 15.02,
            "gross_margin_4q_avg": 12.69,
            "net_income": 58062,
            "net_income_4q": null,
            "revenue": 321008,
            "revenue_4q": null,
            "common_shares": 919000,
            "book_valuer_per_share": 13.8,
            "book_valuer_per_share_4q_avg": 13.69,
            "equity": 1268465,
            "current_ratio": 84.41,
            "debt_ratio": 32.28,
            "inventory_turnover_ratio": null,
            "account_receivable_turnover_ratio": null,
            "reinvestment_rate": -0.27,
            "research_to_sale_ratio": null,
            "price_fair": 72.28,
            "eps_avg_yearly": 2.07,
            "eps_latest_yearly": 2.52,
            "eps_growth_yearly": 67.97
        },
        "20073": {
            "year_quarter": 20073,
            "year": 2007,
            "quarter": 3,
            "eps": 0.83,
            "eps_growth_year": 20.29,
            "eps_4q": 2.34,
            "eps_4q_growth_year": 25.57,
            "roe": 6.37,
            "roe_4q": 18,
            "gross_profit": 43179,
            "gross_margin": 14.59,
            "gross_margin_4q_avg": 12.63,
            "net_income": 82872,
            "net_income_4q": null,
            "revenue": 296000,
            "revenue_4q": null,
            "common_shares": 1002000,
            "book_valuer_per_share": 13.31,
            "book_valuer_per_share_4q_avg": 13.71,
            "equity": 1333720,
            "current_ratio": 90.34,
            "debt_ratio": 32.3,
            "inventory_turnover_ratio": null,
            "account_receivable_turnover_ratio": null,
            "reinvestment_rate": -0.24,
            "research_to_sale_ratio": null,
            "price_fair": 73.85,
            "eps_avg_yearly": 2.11,
            "eps_latest_yearly": 3.32,
            "eps_growth_yearly": 63.97
        },
        "20074": {
            "year_quarter": 20074,
            "year": 2007,
            "quarter": 4,
            "eps": 0.7,
            "eps_growth_year": 4.48,
            "eps_4q": 2.44,
            "eps_4q_growth_year": 14.28,
            "roe": 4.82,
            "roe_4q": 18.11,
            "gross_profit": 26742,
            "gross_margin": 8.09,
            "gross_margin_4q_avg": 13.12,
            "net_income": 69723,
            "net_income_4q": null,
            "revenue": 330398,
            "revenue_4q": null,
            "common_shares": 1002000,
            "book_valuer_per_share": 14.07,
            "book_valuer_per_share_4q_avg": 13.84,
            "equity": 1561205,
            "current_ratio": 162.72,
            "debt_ratio": 56.86,
            "inventory_turnover_ratio": null,
            "account_receivable_turnover_ratio": null,
            "reinvestment_rate": 19.1,
            "research_to_sale_ratio": null,
            "price_fair": 76.3,
            "eps_avg_yearly": 2.18,
            "eps_latest_yearly": 2.8,
            "eps_growth_yearly": 68.9
        },
        "20081": {
            "year_quarter": 20081,
            "year": 2008,
            "quarter": 1,
            "eps": 0.38,
            "eps_growth_year": 8.57,
            "eps_4q": 2.17,
            "eps_4q_growth_year": -1.02,
            "roe": 2.85,
            "roe_4q": 18.56,
            "gross_profit": 447188,
            "gross_margin": 11.9,
            "gross_margin_4q_avg": 12.4,
            "net_income": 43705,
            "net_income_4q": null,
            "revenue": 3756301,
            "revenue_4q": null,
            "common_shares": 1002000,
            "book_valuer_per_share": 13.59,
            "book_valuer_per_share_4q_avg": 13.69,
            "equity": 1506474,
            "current_ratio": 159.38,
            "debt_ratio": 58.5,
            "inventory_turnover_ratio": null,
            "account_receivable_turnover_ratio": null,
            "reinvestment_rate": 52.48,
            "research_to_sale_ratio": null,
            "price_fair": 77.7,
            "eps_avg_yearly": 2.22,
            "eps_latest_yearly": 1.52,
            "eps_growth_yearly": 69.38
        },
        "20082": {
            "year_quarter": 20082,
            "year": 2008,
            "quarter": 2,
            "eps": 0.53,
            "eps_growth_year": -15.87,
            "eps_4q": 2.11,
            "eps_4q_growth_year": -8.8,
            "roe": 4.24,
            "roe_4q": 18.28,
            "gross_profit": 656567,
            "gross_margin": 16.4,
            "gross_margin_4q_avg": 12.75,
            "net_income": 63374,
            "net_income_4q": null,
            "revenue": 4002881,
            "revenue_4q": null,
            "common_shares": 1002000,
            "book_valuer_per_share": 13.34,
            "book_valuer_per_share_4q_avg": 13.58,
            "equity": 1479354,
            "current_ratio": 153.66,
            "debt_ratio": 58.99,
            "inventory_turnover_ratio": null,
            "account_receivable_turnover_ratio": null,
            "reinvestment_rate": 51.53,
            "research_to_sale_ratio": null,
            "price_fair": 78.05,
            "eps_avg_yearly": 2.23,
            "eps_latest_yearly": 2.12,
            "eps_growth_yearly": 48.56
        },
        "20083": {
            "year_quarter": 20083,
            "year": 2008,
            "quarter": 3,
            "eps": 0.74,
            "eps_growth_year": -10.84,
            "eps_4q": 2.06,
            "eps_4q_growth_year": -12.09,
            "roe": 5.79,
            "roe_4q": 17.700000000000003,
            "gross_profit": 721349,
            "gross_margin": 14.37,
            "gross_margin_4q_avg": 12.69,
            "net_income": 92000,
            "net_income_4q": null,
            "revenue": 5020876,
            "revenue_4q": null,
            "common_shares": 1160000,
            "book_valuer_per_share": 13.25,
            "book_valuer_per_share_4q_avg": 13.56,
            "equity": 1698376,
            "current_ratio": 166.37,
            "debt_ratio": 54.45,
            "inventory_turnover_ratio": null,
            "account_receivable_turnover_ratio": null,
            "reinvestment_rate": 50.4,
            "research_to_sale_ratio": null,
            "price_fair": 78.23,
            "eps_avg_yearly": 2.24,
            "eps_latest_yearly": 2.96,
            "eps_growth_yearly": 46.73
        },
        "20084": {
            "year_quarter": 20084,
            "year": 2008,
            "quarter": 4,
            "eps": 0.3,
            "eps_growth_year": -57.14,
            "eps_4q": 1.91,
            "eps_4q_growth_year": -21.68,
            "roe": 2.06,
            "roe_4q": 14.94,
            "gross_profit": 388646,
            "gross_margin": 10.87,
            "gross_margin_4q_avg": 13.39,
            "net_income": 34783,
            "net_income_4q": null,
            "revenue": 3574091,
            "revenue_4q": null,
            "common_shares": 1160000,
            "book_valuer_per_share": 13.27,
            "book_valuer_per_share_4q_avg": 13.36,
            "equity": 1684714,
            "current_ratio": 186.22,
            "debt_ratio": 46.52,
            "inventory_turnover_ratio": null,
            "account_receivable_turnover_ratio": 5.2,
            "reinvestment_rate": 24.04,
            "research_to_sale_ratio": null,
            "price_fair": 75.86,
            "eps_avg_yearly": 2.17,
            "eps_latest_yearly": 1.2,
            "eps_growth_yearly": 37.08
        },
        "20091": {
            "year_quarter": 20091,
            "year": 2009,
            "quarter": 1,
            "eps": 0.26,
            "eps_growth_year": -31.58,
            "eps_4q": 1.64,
            "eps_4q_growth_year": -24.26,
            "roe": 1.99,
            "roe_4q": 14.08,
            "gross_profit": 474872,
            "gross_margin": 19.97,
            "gross_margin_4q_avg": 15.4,
            "net_income": 33756,
            "net_income_4q": null,
            "revenue": 2377640,
            "revenue_4q": null,
            "common_shares": 1160000,
            "book_valuer_per_share": 13.84,
            "book_valuer_per_share_4q_avg": 13.43,
            "equity": 1714800,
            "current_ratio": 190.8,
            "debt_ratio": 45.9,
            "inventory_turnover_ratio": null,
            "account_receivable_turnover_ratio": 1.86,
            "reinvestment_rate": 55.74,
            "research_to_sale_ratio": null,
            "price_fair": 75.95,
            "eps_avg_yearly": 2.17,
            "eps_latest_yearly": 1.04,
            "eps_growth_yearly": 47.78
        },
        "20092": {
            "year_quarter": 20092,
            "year": 2009,
            "quarter": 2,
            "eps": 0.64,
            "eps_growth_year": 20.75,
            "eps_4q": 1.71,
            "eps_4q_growth_year": -19.23,
            "roe": 4.91,
            "roe_4q": 14.75,
            "gross_profit": 535839,
            "gross_margin": 19.84,
            "gross_margin_4q_avg": 16.26,
            "net_income": 84092,
            "net_income_4q": null,
            "revenue": 2701384,
            "revenue_4q": null,
            "common_shares": 1160000,
            "book_valuer_per_share": 13.38,
            "book_valuer_per_share_4q_avg": 13.44,
            "equity": 1713078,
            "current_ratio": 183.55,
            "debt_ratio": 45.87,
            "inventory_turnover_ratio": null,
            "account_receivable_turnover_ratio": 2.25,
            "reinvestment_rate": 53.95,
            "research_to_sale_ratio": null,
            "price_fair": 76.91,
            "eps_avg_yearly": 2.2,
            "eps_latest_yearly": 2.56,
            "eps_growth_yearly": 56.32
        },
        "20093": {
            "year_quarter": 20093,
            "year": 2009,
            "quarter": 3,
            "eps": 0.63,
            "eps_growth_year": -14.86,
            "eps_4q": 1.67,
            "eps_4q_growth_year": -19.05,
            "roe": 4.65,
            "roe_4q": 13.610000000000001,
            "gross_profit": 596516,
            "gross_margin": 18.57,
            "gross_margin_4q_avg": 17.31,
            "net_income": 81256,
            "net_income_4q": null,
            "revenue": 3211668,
            "revenue_4q": null,
            "common_shares": 1230000,
            "book_valuer_per_share": 13.13,
            "book_valuer_per_share_4q_avg": 13.41,
            "equity": 1783099,
            "current_ratio": 189.08,
            "debt_ratio": 44.93,
            "inventory_turnover_ratio": null,
            "account_receivable_turnover_ratio": 2.56,
            "reinvestment_rate": 63.33,
            "research_to_sale_ratio": null,
            "price_fair": 75.86,
            "eps_avg_yearly": 2.17,
            "eps_latest_yearly": 2.52,
            "eps_growth_yearly": 45.55
        },
        "20094": {
            "year_quarter": 20094,
            "year": 2009,
            "quarter": 4,
            "eps": 0.53,
            "eps_growth_year": 76.67,
            "eps_4q": 1.99,
            "eps_4q_growth_year": 4.28,
            "roe": 3.58,
            "roe_4q": 15.13,
            "gross_profit": 524728,
            "gross_margin": 11.76,
            "gross_margin_4q_avg": 17.54,
            "net_income": 65583,
            "net_income_4q": null,
            "revenue": 4462367,
            "revenue_4q": null,
            "common_shares": 1230000,
            "book_valuer_per_share": 14.11,
            "book_valuer_per_share_4q_avg": 13.62,
            "equity": 1879510,
            "current_ratio": 185.31,
            "debt_ratio": 48,
            "inventory_turnover_ratio": null,
            "account_receivable_turnover_ratio": 4.9,
            "reinvestment_rate": 30.81,
            "research_to_sale_ratio": null,
            "price_fair": 76.48,
            "eps_avg_yearly": 2.19,
            "eps_latest_yearly": 2.12,
            "eps_growth_yearly": 51.25
        },
        "20101": {
            "year_quarter": 20101,
            "year": 2010,
            "quarter": 1,
            "eps": 0.27,
            "eps_growth_year": 3.85,
            "eps_4q": 2.01,
            "eps_4q_growth_year": 22.49,
            "roe": 1.99,
            "roe_4q": 15.13,
            "gross_profit": 530857,
            "gross_margin": 14.28,
            "gross_margin_4q_avg": 16.11,
            "net_income": 37730,
            "net_income_4q": null,
            "revenue": 3717840,
            "revenue_4q": null,
            "common_shares": 1230000,
            "book_valuer_per_share": 14.29,
            "book_valuer_per_share_4q_avg": 13.73,
            "equity": 1903450,
            "current_ratio": 179.37,
            "debt_ratio": 47.52,
            "inventory_turnover_ratio": null,
            "account_receivable_turnover_ratio": 2.04,
            "reinvestment_rate": 70.2,
            "research_to_sale_ratio": null,
            "price_fair": 76.13,
            "eps_avg_yearly": 2.18,
            "eps_latest_yearly": 1.08,
            "eps_growth_yearly": 47.14
        },
        "20102": {
            "year_quarter": 20102,
            "year": 2010,
            "quarter": 2,
            "eps": 0.84,
            "eps_growth_year": 31.75,
            "eps_4q": 2.17,
            "eps_4q_growth_year": 27.18,
            "roe": 6.26,
            "roe_4q": 16.48,
            "gross_profit": 625166,
            "gross_margin": 13.88,
            "gross_margin_4q_avg": 14.62,
            "net_income": 121742,
            "net_income_4q": null,
            "revenue": 4503874,
            "revenue_4q": null,
            "common_shares": 1230000,
            "book_valuer_per_share": 14.82,
            "book_valuer_per_share_4q_avg": 14.09,
            "equity": 1984470,
            "current_ratio": 170.76,
            "debt_ratio": 51.45,
            "inventory_turnover_ratio": null,
            "account_receivable_turnover_ratio": 2.23,
            "reinvestment_rate": 61.96,
            "research_to_sale_ratio": null,
            "price_fair": 78.66,
            "eps_avg_yearly": 2.25,
            "eps_latest_yearly": 3.36,
            "eps_growth_yearly": 80.56
        },
        "20103": {
            "year_quarter": 20103,
            "year": 2010,
            "quarter": 3,
            "eps": 0.65,
            "eps_growth_year": 3.7,
            "eps_4q": 2.24,
            "eps_4q_growth_year": 34.25,
            "roe": 4.45,
            "roe_4q": 16.28,
            "gross_profit": 678858,
            "gross_margin": 15.45,
            "gross_margin_4q_avg": 13.84,
            "net_income": 89014,
            "net_income_4q": null,
            "revenue": 4394562,
            "revenue_4q": null,
            "common_shares": 1310000,
            "book_valuer_per_share": 14.14,
            "book_valuer_per_share_4q_avg": 14.34,
            "equity": 2018387,
            "current_ratio": 185.29,
            "debt_ratio": 48.44,
            "inventory_turnover_ratio": null,
            "account_receivable_turnover_ratio": 2.1,
            "reinvestment_rate": 60.54,
            "research_to_sale_ratio": null,
            "price_fair": 78.31,
            "eps_avg_yearly": 2.24,
            "eps_latest_yearly": 2.6,
            "eps_growth_yearly": 68.54
        },
        "20104": {
            "year_quarter": 20104,
            "year": 2010,
            "quarter": 4,
            "eps": 0.59,
            "eps_growth_year": 11.67,
            "eps_4q": 2.36,
            "eps_4q_growth_year": 18.45,
            "roe": 4.52,
            "roe_4q": 17.22,
            "gross_profit": 492255,
            "gross_margin": 12.64,
            "gross_margin_4q_avg": 14.06,
            "net_income": 87671,
            "net_income_4q": null,
            "revenue": 3895707,
            "revenue_4q": null,
            "common_shares": 1310000,
            "book_valuer_per_share": 13.22,
            "book_valuer_per_share_4q_avg": 14.12,
            "equity": 1860874,
            "current_ratio": 206.69,
            "debt_ratio": 45.4,
            "inventory_turnover_ratio": null,
            "account_receivable_turnover_ratio": 2.21,
            "reinvestment_rate": 24.17,
            "research_to_sale_ratio": null,
            "price_fair": 77.61,
            "eps_avg_yearly": 2.22,
            "eps_latest_yearly": 2.36,
            "eps_growth_yearly": 66.96
        },
        "20111": {
            "year_quarter": 20111,
            "year": 2011,
            "quarter": 1,
            "eps": 0.36,
            "eps_growth_year": 33.33,
            "eps_4q": 2.47,
            "eps_4q_growth_year": 23.16,
            "roe": 2.69,
            "roe_4q": 17.92,
            "gross_profit": 533867,
            "gross_margin": 14.61,
            "gross_margin_4q_avg": 14.15,
            "net_income": 50985,
            "net_income_4q": null,
            "revenue": 3654582,
            "revenue_4q": null,
            "common_shares": 1310000,
            "book_valuer_per_share": 13.85,
            "book_valuer_per_share_4q_avg": 14.01,
            "equity": 1936036,
            "current_ratio": 199.73,
            "debt_ratio": 44.92,
            "inventory_turnover_ratio": null,
            "account_receivable_turnover_ratio": 2.2,
            "reinvestment_rate": 51.64,
            "research_to_sale_ratio": null,
            "price_fair": 77.7,
            "eps_avg_yearly": 2.22,
            "eps_latest_yearly": 1.44,
            "eps_growth_yearly": 69.15
        },
        "20112": {
            "year_quarter": 20112,
            "year": 2011,
            "quarter": 2,
            "eps": 0.68,
            "eps_growth_year": -18.85,
            "eps_4q": 2.27,
            "eps_4q_growth_year": 4.78,
            "roe": 5.18,
            "roe_4q": 16.84,
            "gross_profit": 551617,
            "gross_margin": 14.75,
            "gross_margin_4q_avg": 14.36,
            "net_income": 96481,
            "net_income_4q": null,
            "revenue": 3740766,
            "revenue_4q": null,
            "common_shares": 1310000,
            "book_valuer_per_share": 12.82,
            "book_valuer_per_share_4q_avg": 13.51,
            "equity": 1790599,
            "current_ratio": 177.67,
            "debt_ratio": 51.65,
            "inventory_turnover_ratio": null,
            "account_receivable_turnover_ratio": 2.06,
            "reinvestment_rate": 47.09,
            "research_to_sale_ratio": null,
            "price_fair": 78.14,
            "eps_avg_yearly": 2.23,
            "eps_latest_yearly": 2.72,
            "eps_growth_yearly": 71.38
        },
        "20113": {
            "year_quarter": 20113,
            "year": 2011,
            "quarter": 3,
            "eps": 0.24,
            "eps_growth_year": -63.14,
            "eps_4q": 1.89,
            "eps_4q_growth_year": -15.54,
            "roe": 1.82,
            "roe_4q": 14.209999999999999,
            "gross_profit": 603432,
            "gross_margin": 15.92,
            "gross_margin_4q_avg": 14.48,
            "net_income": 33642,
            "net_income_4q": null,
            "revenue": 3789532,
            "revenue_4q": null,
            "common_shares": 1350000,
            "book_valuer_per_share": 13.54,
            "book_valuer_per_share_4q_avg": 13.36,
            "equity": 1910615,
            "current_ratio": 198.56,
            "debt_ratio": 46.57,
            "inventory_turnover_ratio": null,
            "account_receivable_turnover_ratio": 2.06,
            "reinvestment_rate": 57.96,
            "research_to_sale_ratio": null,
            "price_fair": 72.98,
            "eps_avg_yearly": 2.09,
            "eps_latest_yearly": 0.96,
            "eps_growth_yearly": 47.26
        },
        "20114": {
            "year_quarter": 20114,
            "year": 2011,
            "quarter": 4,
            "eps": 0.19,
            "eps_growth_year": -67.47,
            "eps_4q": 1.49,
            "eps_4q_growth_year": -36.85,
            "roe": 1.7,
            "roe_4q": 11.389999999999999,
            "gross_profit": 547432,
            "gross_margin": 14.06,
            "gross_margin_4q_avg": 14.84,
            "net_income": 32682,
            "net_income_4q": null,
            "revenue": 3893453,
            "revenue_4q": null,
            "common_shares": 1350000,
            "book_valuer_per_share": 13.72,
            "book_valuer_per_share_4q_avg": 13.48,
            "equity": 1941684,
            "current_ratio": 195.9,
            "debt_ratio": 47.59,
            "inventory_turnover_ratio": null,
            "account_receivable_turnover_ratio": 2.16,
            "reinvestment_rate": 18.52,
            "research_to_sale_ratio": null,
            "price_fair": 68.51,
            "eps_avg_yearly": 1.96,
            "eps_latest_yearly": 0.76,
            "eps_growth_yearly": 45.97
        },
        "20121": {
            "year_quarter": 20121,
            "year": 2012,
            "quarter": 1,
            "eps": 0.21,
            "eps_growth_year": -41.67,
            "eps_4q": 1.34,
            "eps_4q_growth_year": -45.96,
            "roe": 1.81,
            "roe_4q": 10.51,
            "gross_profit": 515692,
            "gross_margin": 14.23,
            "gross_margin_4q_avg": 14.74,
            "net_income": 34925,
            "net_income_4q": null,
            "revenue": 3623710,
            "revenue_4q": null,
            "common_shares": 1350000,
            "book_valuer_per_share": 13.42,
            "book_valuer_per_share_4q_avg": 13.38,
            "equity": 1908158,
            "current_ratio": 195.16,
            "debt_ratio": 48.6,
            "inventory_turnover_ratio": null,
            "account_receivable_turnover_ratio": 1.99,
            "reinvestment_rate": 9.52,
            "research_to_sale_ratio": null,
            "price_fair": 67.03,
            "eps_avg_yearly": 1.92,
            "eps_latest_yearly": 0.84,
            "eps_growth_yearly": 60.03
        },
        "20122": {
            "year_quarter": 20122,
            "year": 2012,
            "quarter": 2,
            "eps": 0.45,
            "eps_growth_year": -34.46,
            "eps_4q": 1.09,
            "eps_4q_growth_year": -52.01,
            "roe": 3.33,
            "roe_4q": 8.66,
            "gross_profit": 555691,
            "gross_margin": 13.83,
            "gross_margin_4q_avg": 14.51,
            "net_income": 62650,
            "net_income_4q": null,
            "revenue": 4018138,
            "revenue_4q": null,
            "common_shares": 1350000,
            "book_valuer_per_share": 13.04,
            "book_valuer_per_share_4q_avg": 13.43,
            "equity": 1858147,
            "current_ratio": 183.81,
            "debt_ratio": 50.54,
            "inventory_turnover_ratio": null,
            "account_receivable_turnover_ratio": 2.13,
            "reinvestment_rate": 8.18,
            "research_to_sale_ratio": null,
            "price_fair": 66.33,
            "eps_avg_yearly": 1.9,
            "eps_latest_yearly": 1.8,
            "eps_growth_yearly": 78.73
        },
        "20123": {
            "year_quarter": 20123,
            "year": 2012,
            "quarter": 3,
            "eps": 0.14,
            "eps_growth_year": -42.49,
            "eps_4q": 0.99,
            "eps_4q_growth_year": -47.63,
            "roe": 1.3,
            "roe_4q": 8.139999999999999,
            "gross_profit": 584512,
            "gross_margin": 15.21,
            "gross_margin_4q_avg": 14.33,
            "net_income": 23958,
            "net_income_4q": null,
            "revenue": 3841822,
            "revenue_4q": null,
            "common_shares": 1350000,
            "book_valuer_per_share": 12.85,
            "book_valuer_per_share_4q_avg": 13.26,
            "equity": 1841033,
            "current_ratio": 191.27,
            "debt_ratio": 48.72,
            "inventory_turnover_ratio": null,
            "account_receivable_turnover_ratio": 2.06,
            "reinvestment_rate": 6.29,
            "research_to_sale_ratio": null,
            "price_fair": 61.08,
            "eps_avg_yearly": 1.75,
            "eps_latest_yearly": 0.56,
            "eps_growth_yearly": 51.6
        },
        "20124": {
            "year_quarter": 20124,
            "year": 2012,
            "quarter": 4,
            "eps": 0.29,
            "eps_growth_year": 49,
            "eps_4q": 1.08,
            "eps_4q_growth_year": -27.2,
            "roe": 2.05,
            "roe_4q": 8.49,
            "gross_profit": 496347,
            "gross_margin": 13.75,
            "gross_margin_4q_avg": 14.26,
            "net_income": 37768,
            "net_income_4q": null,
            "revenue": 3610496,
            "revenue_4q": null,
            "common_shares": 1350000,
            "book_valuer_per_share": 12.92,
            "book_valuer_per_share_4q_avg": 13.06,
            "equity": 1848171,
            "current_ratio": 202.89,
            "debt_ratio": 46.49,
            "inventory_turnover_ratio": null,
            "account_receivable_turnover_ratio": 2.11,
            "reinvestment_rate": 5.03,
            "research_to_sale_ratio": null,
            "price_fair": 60.99,
            "eps_avg_yearly": 1.74,
            "eps_latest_yearly": 1.16,
            "eps_growth_yearly": 93.26
        },
        "20131": {
            "year_quarter": 20131,
            "year": 2013,
            "quarter": 1,
            "eps": -0.11,
            "eps_growth_year": -152.38,
            "eps_4q": 0.76,
            "eps_4q_growth_year": -43.07,
            "roe": -0.78,
            "roe_4q": 5.9,
            "gross_profit": 499572,
            "gross_margin": 16.1,
            "gross_margin_4q_avg": 14.72,
            "net_income": -14462,
            "net_income_4q": null,
            "revenue": 3102304,
            "revenue_4q": null,
            "common_shares": 1350000,
            "book_valuer_per_share": 13.2,
            "book_valuer_per_share_4q_avg": 13,
            "equity": 1883576,
            "current_ratio": 208.69,
            "debt_ratio": 44.83,
            "inventory_turnover_ratio": null,
            "account_receivable_turnover_ratio": 1.98,
            "reinvestment_rate": 0.58,
            "research_to_sale_ratio": null,
            "price_fair": 62.63,
            "eps_avg_yearly": 1.79,
            "eps_latest_yearly": 1.16,
            "eps_growth_yearly": 103.03
        },
        "20132": {
            "year_quarter": 20132,
            "year": 2013,
            "quarter": 2,
            "eps": 0.49,
            "eps_growth_year": 9.26,
            "eps_4q": 0.8,
            "eps_4q_growth_year": -26.51,
            "roe": 3.91,
            "roe_4q": 6.4799999999999995,
            "gross_profit": 595364,
            "gross_margin": 16.14,
            "gross_margin_4q_avg": 15.3,
            "net_income": 73468,
            "net_income_4q": null,
            "revenue": 3689813,
            "revenue_4q": null,
            "common_shares": 1350000,
            "book_valuer_per_share": 13.13,
            "book_valuer_per_share_4q_avg": 13.03,
            "equity": 1878113,
            "current_ratio": 187.93,
            "debt_ratio": 48.21,
            "inventory_turnover_ratio": null,
            "account_receivable_turnover_ratio": 2.29,
            "reinvestment_rate": 7.68,
            "research_to_sale_ratio": null,
            "price_fair": 60.7,
            "eps_avg_yearly": 1.73,
            "eps_latest_yearly": 1.16,
            "eps_growth_yearly": 68.63
        },
        "20133": {
            "year_quarter": 20133,
            "year": 2013,
            "quarter": 3,
            "eps": 0.43,
            "eps_growth_year": 210.5,
            "eps_4q": 1.09,
            "eps_4q_growth_year": 10.11,
            "roe": 3.43,
            "roe_4q": 8.61,
            "gross_profit": 567677,
            "gross_margin": 16.24,
            "gross_margin_4q_avg": 15.56,
            "net_income": 64742,
            "net_income_4q": null,
            "revenue": 3495929,
            "revenue_4q": null,
            "common_shares": 1350000,
            "book_valuer_per_share": 13.23,
            "book_valuer_per_share_4q_avg": 13.12,
            "equity": 1896190,
            "current_ratio": 195.26,
            "debt_ratio": 46.74,
            "inventory_turnover_ratio": null,
            "account_receivable_turnover_ratio": 2.06,
            "reinvestment_rate": -3.86,
            "research_to_sale_ratio": null,
            "price_fair": 58.7,
            "eps_avg_yearly": 1.68,
            "eps_latest_yearly": 1.72,
            "eps_growth_yearly": 65.58
        },
        "20134": {
            "year_quarter": 20134,
            "year": 2013,
            "quarter": 4,
            "eps": 0.22,
            "eps_growth_year": -24.38,
            "eps_4q": 1.02,
            "eps_4q_growth_year": -5.93,
            "roe": 1.73,
            "roe_4q": 8.290000000000001,
            "gross_profit": 478830,
            "gross_margin": 12.33,
            "gross_margin_4q_avg": 15.2,
            "net_income": 33268,
            "net_income_4q": null,
            "revenue": 3884352,
            "revenue_4q": null,
            "common_shares": 1350000,
            "book_valuer_per_share": 13.7,
            "book_valuer_per_share_4q_avg": 13.32,
            "equity": 1952140,
            "current_ratio": 187.54,
            "debt_ratio": 46.03,
            "inventory_turnover_ratio": null,
            "account_receivable_turnover_ratio": 2.29,
            "reinvestment_rate": 3.71,
            "research_to_sale_ratio": null,
            "price_fair": 55.6,
            "eps_avg_yearly": 1.59,
            "eps_latest_yearly": 0.88,
            "eps_growth_yearly": 56.16
        },
        "20141": {
            "year_quarter": 20141,
            "year": 2014,
            "quarter": 1,
            "eps": 0.23,
            "eps_growth_year": null,
            "eps_4q": 1.36,
            "eps_4q_growth_year": 78.35,
            "roe": 1.75,
            "roe_4q": 10.82,
            "gross_profit": 564255,
            "gross_margin": 15.82,
            "gross_margin_4q_avg": 15.13,
            "net_income": 34327,
            "net_income_4q": null,
            "revenue": 3565583,
            "revenue_4q": null,
            "common_shares": 1330000,
            "book_valuer_per_share": 14.26,
            "book_valuer_per_share_4q_avg": 13.58,
            "equity": 1967182,
            "current_ratio": 180.14,
            "debt_ratio": 47.77,
            "inventory_turnover_ratio": null,
            "account_receivable_turnover_ratio": 2.06,
            "reinvestment_rate": -13.8,
            "research_to_sale_ratio": null,
            "price_fair": 55.2,
            "eps_avg_yearly": 1.58,
            "eps_latest_yearly": 0.92,
            "eps_growth_yearly": 71.47
        },
        "20142": {
            "year_quarter": 20142,
            "year": 2014,
            "quarter": 2,
            "eps": 0.82,
            "eps_growth_year": 67.35,
            "eps_4q": 1.69,
            "eps_4q_growth_year": 110.31,
            "roe": 5.77,
            "roe_4q": 12.68,
            "gross_profit": 617533,
            "gross_margin": 15.29,
            "gross_margin_4q_avg": 14.92,
            "net_income": 111226,
            "net_income_4q": null,
            "revenue": 4037512,
            "revenue_4q": null,
            "common_shares": 1310000,
            "book_valuer_per_share": 13.81,
            "book_valuer_per_share_4q_avg": 13.75,
            "equity": 1890662,
            "current_ratio": 164.18,
            "debt_ratio": 52.17,
            "inventory_turnover_ratio": null,
            "account_receivable_turnover_ratio": 2.22,
            "reinvestment_rate": 5.97,
            "research_to_sale_ratio": null,
            "price_fair": 55,
            "eps_avg_yearly": 1.57,
            "eps_latest_yearly": 3.28,
            "eps_growth_yearly": 84.45
        },
        "20143": {
            "year_quarter": 20143,
            "year": 2014,
            "quarter": 3,
            "eps": 0.41,
            "eps_growth_year": -4.65,
            "eps_4q": 1.67,
            "eps_4q_growth_year": 53.38,
            "roe": 3.25,
            "roe_4q": 12.5,
            "gross_profit": 610458,
            "gross_margin": 15.08,
            "gross_margin_4q_avg": 14.63,
            "net_income": 63424,
            "net_income_4q": null,
            "revenue": 4048055,
            "revenue_4q": null,
            "common_shares": 1310000,
            "book_valuer_per_share": 14.7,
            "book_valuer_per_share_4q_avg": 14.12,
            "equity": 2017316,
            "current_ratio": 172.63,
            "debt_ratio": 49.76,
            "inventory_turnover_ratio": null,
            "account_receivable_turnover_ratio": 2.13,
            "reinvestment_rate": 8.33,
            "research_to_sale_ratio": null,
            "price_fair": 52.6,
            "eps_avg_yearly": 1.5,
            "eps_latest_yearly": 1.64,
            "eps_growth_yearly": 76.62
        },
        "20144": {
            "year_quarter": 20144,
            "year": 2014,
            "quarter": 4,
            "eps": 0.21,
            "eps_growth_year": -3.86,
            "eps_4q": 1.66,
            "eps_4q_growth_year": 63.08,
            "roe": 1.53,
            "roe_4q": 12.3,
            "gross_profit": 577559,
            "gross_margin": 10.83,
            "gross_margin_4q_avg": 14.26,
            "net_income": 31914,
            "net_income_4q": null,
            "revenue": 5332075,
            "revenue_4q": null,
            "common_shares": 1290000,
            "book_valuer_per_share": 15.75,
            "book_valuer_per_share_4q_avg": 14.63,
            "equity": 2152522,
            "current_ratio": 178.36,
            "debt_ratio": 48.64,
            "inventory_turnover_ratio": null,
            "account_receivable_turnover_ratio": 2.77,
            "reinvestment_rate": 24.73,
            "research_to_sale_ratio": null,
            "price_fair": 48.8,
            "eps_avg_yearly": 1.39,
            "eps_latest_yearly": 0.84,
            "eps_growth_yearly": 65.32
        },
        "20151": {
            "year_quarter": 20151,
            "year": 2015,
            "quarter": 1,
            "eps": 0.22,
            "eps_growth_year": -4.35,
            "eps_4q": 1.66,
            "eps_4q_growth_year": 22.09,
            "roe": 1.44,
            "roe_4q": 11.989999999999998,
            "gross_profit": 562843,
            "gross_margin": 15.24,
            "gross_margin_4q_avg": 14.11,
            "net_income": 30791,
            "net_income_4q": null,
            "revenue": 3693429,
            "revenue_4q": null,
            "common_shares": 1290000,
            "book_valuer_per_share": 15.5,
            "book_valuer_per_share_4q_avg": 14.94,
            "equity": 2120429,
            "current_ratio": 185.67,
            "debt_ratio": 46.84,
            "inventory_turnover_ratio": null,
            "account_receivable_turnover_ratio": 2.04,
            "reinvestment_rate": 19.58,
            "research_to_sale_ratio": null,
            "price_fair": 47.4,
            "eps_avg_yearly": 1.35,
            "eps_latest_yearly": 0.88,
            "eps_growth_yearly": 77.82
        },
        "20152": {
            "year_quarter": 20152,
            "year": 2015,
            "quarter": 2,
            "eps": 0.56,
            "eps_growth_year": -31.71,
            "eps_4q": 1.4,
            "eps_4q_growth_year": -17.01,
            "roe": 3.5,
            "roe_4q": 9.719999999999999,
            "gross_profit": 609055,
            "gross_margin": 16.87,
            "gross_margin_4q_avg": 14.51,
            "net_income": 72481,
            "net_income_4q": null,
            "revenue": 3609437,
            "revenue_4q": null,
            "common_shares": 1290000,
            "book_valuer_per_share": 14.71,
            "book_valuer_per_share_4q_avg": 15.17,
            "equity": 2017110,
            "current_ratio": 172.03,
            "debt_ratio": 49.15,
            "inventory_turnover_ratio": null,
            "account_receivable_turnover_ratio": 2.2,
            "reinvestment_rate": 29.16,
            "research_to_sale_ratio": null,
            "price_fair": 46.2,
            "eps_avg_yearly": 1.32,
            "eps_latest_yearly": 2.24,
            "eps_growth_yearly": 96.58
        },
        "20153": {
            "year_quarter": 20153,
            "year": 2015,
            "quarter": 3,
            "eps": 0.17,
            "eps_growth_year": -58.54,
            "eps_4q": 1.19,
            "eps_4q_growth_year": -29,
            "roe": 1.44,
            "roe_4q": 7.909999999999999,
            "gross_profit": 580147,
            "gross_margin": 16.01,
            "gross_margin_4q_avg": 14.74,
            "net_income": 29790,
            "net_income_4q": null,
            "revenue": 3624540,
            "revenue_4q": null,
            "common_shares": 1290000,
            "book_valuer_per_share": 15.79,
            "book_valuer_per_share_4q_avg": 15.44,
            "equity": 2121560,
            "current_ratio": 175.18,
            "debt_ratio": 49.28,
            "inventory_turnover_ratio": null,
            "account_receivable_turnover_ratio": 2.12,
            "reinvestment_rate": 18.43,
            "research_to_sale_ratio": null,
            "price_fair": 45.5,
            "eps_avg_yearly": 1.3,
            "eps_latest_yearly": 0.68,
            "eps_growth_yearly": 95.17
        },
        "20154": {
            "year_quarter": 20154,
            "year": 2015,
            "quarter": 4,
            "eps": 0.12,
            "eps_growth_year": -42.12,
            "eps_4q": 1.12,
            "eps_4q_growth_year": -32.83,
            "roe": 0.73,
            "roe_4q": 7.109999999999999,
            "gross_profit": 592124,
            "gross_margin": 12.81,
            "gross_margin_4q_avg": 15.23,
            "net_income": 15286,
            "net_income_4q": null,
            "revenue": 4621112,
            "revenue_4q": null,
            "common_shares": 1290000,
            "book_valuer_per_share": 15.77,
            "book_valuer_per_share_4q_avg": 15.44,
            "equity": 2067066,
            "current_ratio": 176.76,
            "debt_ratio": 48.8,
            "inventory_turnover_ratio": null,
            "account_receivable_turnover_ratio": 2.59,
            "reinvestment_rate": 30.42,
            "research_to_sale_ratio": null,
            "price_fair": 44.8,
            "eps_avg_yearly": 1.28,
            "eps_latest_yearly": 0.48,
            "eps_growth_yearly": 92.72
        },
        "20161": {
            "year_quarter": 20161,
            "year": 2016,
            "quarter": 1,
            "eps": 0.44,
            "eps_growth_year": 100,
            "eps_4q": 1.33,
            "eps_4q_growth_year": -19.98,
            "roe": 2.56,
            "roe_4q": 8.23,
            "gross_profit": 625868,
            "gross_margin": 17.2,
            "gross_margin_4q_avg": 15.72,
            "net_income": 52973,
            "net_income_4q": null,
            "revenue": 3638123,
            "revenue_4q": null,
            "common_shares": 1290000,
            "book_valuer_per_share": 15.87,
            "book_valuer_per_share_4q_avg": 15.54,
            "equity": 2074723,
            "current_ratio": 179.23,
            "debt_ratio": 48.19,
            "inventory_turnover_ratio": null,
            "account_receivable_turnover_ratio": 2.19,
            "reinvestment_rate": 30.23,
            "research_to_sale_ratio": null,
            "price_fair": 47.1,
            "eps_avg_yearly": 1.35,
            "eps_latest_yearly": 1.76,
            "eps_growth_yearly": 165.9
        },
        "20162": {
            "year_quarter": 20162,
            "year": 2016,
            "quarter": 2,
            "eps": 0.75,
            "eps_growth_year": 33.93,
            "eps_4q": 1.49,
            "eps_4q_growth_year": 6.72,
            "roe": 4.72,
            "roe_4q": 9.45,
            "gross_profit": 668420,
            "gross_margin": 16.76,
            "gross_margin_4q_avg": 15.7,
            "net_income": 97855,
            "net_income_4q": null,
            "revenue": 3987922,
            "revenue_4q": null,
            "common_shares": 1290000,
            "book_valuer_per_share": 15.79,
            "book_valuer_per_share_4q_avg": 15.81,
            "equity": 2069310,
            "current_ratio": 167.25,
            "debt_ratio": 51.98,
            "inventory_turnover_ratio": null,
            "account_receivable_turnover_ratio": 2.33,
            "reinvestment_rate": 26.52,
            "research_to_sale_ratio": null,
            "price_fair": 50.1,
            "eps_avg_yearly": 1.43,
            "eps_latest_yearly": 3,
            "eps_growth_yearly": 153.38
        },
        "20163": {
            "year_quarter": 20163,
            "year": 2016,
            "quarter": 3,
            "eps": 0.57,
            "eps_growth_year": 235.29,
            "eps_4q": 1.88,
            "eps_4q_growth_year": 58.9,
            "roe": 3.65,
            "roe_4q": 11.66,
            "gross_profit": 697374,
            "gross_margin": 17.03,
            "gross_margin_4q_avg": 15.95,
            "net_income": 74962,
            "net_income_4q": null,
            "revenue": 4095810,
            "revenue_4q": null,
            "common_shares": 1290000,
            "book_valuer_per_share": 15.56,
            "book_valuer_per_share_4q_avg": 15.75,
            "equity": 2038247,
            "current_ratio": 172.54,
            "debt_ratio": 50.44,
            "inventory_turnover_ratio": null,
            "account_receivable_turnover_ratio": 2.15,
            "reinvestment_rate": 24.44,
            "research_to_sale_ratio": null,
            "price_fair": 54.4,
            "eps_avg_yearly": 1.55,
            "eps_latest_yearly": 2.28,
            "eps_growth_yearly": 166.21
        },
        "20164": {
            "year_quarter": 20164,
            "year": 2016,
            "quarter": 4,
            "eps": 0.44,
            "eps_growth_year": 262.45,
            "eps_4q": 2.2,
            "eps_4q_growth_year": 97.17,
            "roe": 2.82,
            "roe_4q": 13.75,
            "gross_profit": 530514,
            "gross_margin": 11.96,
            "gross_margin_4q_avg": 15.74,
            "net_income": 59469,
            "net_income_4q": null,
            "revenue": 4436614,
            "revenue_4q": null,
            "common_shares": 1290000,
            "book_valuer_per_share": 16.62,
            "book_valuer_per_share_4q_avg": 15.96,
            "equity": 2172033,
            "current_ratio": 175.1,
            "debt_ratio": 48.87,
            "inventory_turnover_ratio": null,
            "account_receivable_turnover_ratio": 2.22,
            "reinvestment_rate": 23.88,
            "research_to_sale_ratio": null,
            "price_fair": 55.9,
            "eps_avg_yearly": 1.6,
            "eps_latest_yearly": 1.76,
            "eps_growth_yearly": 129.08
        },
        "20171": {
            "year_quarter": 20171,
            "year": 2017,
            "quarter": 1,
            "eps": 0.35,
            "eps_growth_year": -20.45,
            "eps_4q": 2.09,
            "eps_4q_growth_year": 57.28,
            "roe": 2.07,
            "roe_4q": 13.259999999999998,
            "gross_profit": 547943,
            "gross_margin": 13.57,
            "gross_margin_4q_avg": 14.83,
            "net_income": 43216,
            "net_income_4q": null,
            "revenue": 4036898,
            "revenue_4q": null,
            "common_shares": 1290000,
            "book_valuer_per_share": 15.18,
            "book_valuer_per_share_4q_avg": 15.79,
            "equity": 2006460,
            "current_ratio": 172.98,
            "debt_ratio": 49.9,
            "inventory_turnover_ratio": null,
            "account_receivable_turnover_ratio": 2.07,
            "reinvestment_rate": 15.23,
            "research_to_sale_ratio": null,
            "price_fair": 55.44,
            "eps_avg_yearly": 1.58,
            "eps_latest_yearly": 1.4,
            "eps_growth_yearly": 115.02
        },
        "20172": {
            "year_quarter": 20172,
            "year": 2017,
            "quarter": 2,
            "eps": 0.42,
            "eps_growth_year": -44,
            "eps_4q": 1.76,
            "eps_4q_growth_year": 17.58,
            "roe": 2.74,
            "roe_4q": 11.280000000000001,
            "gross_profit": 572734,
            "gross_margin": 13.98,
            "gross_margin_4q_avg": 14.14,
            "net_income": 52720,
            "net_income_4q": null,
            "revenue": 4097557,
            "revenue_4q": null,
            "common_shares": 1290000,
            "book_valuer_per_share": 13.83,
            "book_valuer_per_share_4q_avg": 15.3,
            "equity": 1841546,
            "current_ratio": 157.24,
            "debt_ratio": 54.52,
            "inventory_turnover_ratio": null,
            "account_receivable_turnover_ratio": 2.16,
            "reinvestment_rate": 6.92,
            "research_to_sale_ratio": null,
            "price_fair": 55.65,
            "eps_avg_yearly": 1.59,
            "eps_latest_yearly": 1.68,
            "eps_growth_yearly": 112.83
        },
        "20173": {
            "year_quarter": 20173,
            "year": 2017,
            "quarter": 3,
            "eps": 0.53,
            "eps_growth_year": -7.02,
            "eps_4q": 1.72,
            "eps_4q_growth_year": -8.52,
            "roe": 3.68,
            "roe_4q": 11.31,
            "gross_profit": 712391,
            "gross_margin": 14.62,
            "gross_margin_4q_avg": 13.53,
            "net_income": 68762,
            "net_income_4q": null,
            "revenue": 4873498,
            "revenue_4q": null,
            "common_shares": 1290000,
            "book_valuer_per_share": 14.28,
            "book_valuer_per_share_4q_avg": 14.98,
            "equity": 1900381,
            "current_ratio": 157.65,
            "debt_ratio": 54.68,
            "inventory_turnover_ratio": null,
            "account_receivable_turnover_ratio": 2.32,
            "reinvestment_rate": 6.87,
            "research_to_sale_ratio": null,
            "price_fair": 56.53,
            "eps_avg_yearly": 1.62,
            "eps_latest_yearly": 2.12,
            "eps_growth_yearly": 122.44
        },
        "20174": {
            "year_quarter": 20174,
            "year": 2017,
            "quarter": 4,
            "eps": 0.37,
            "eps_growth_year": -14.62,
            "eps_4q": 1.66,
            "eps_4q_growth_year": -24.39,
            "roe": 2.86,
            "roe_4q": 11.350000000000001,
            "gross_profit": 614975,
            "gross_margin": 13.59,
            "gross_margin_4q_avg": 13.94,
            "net_income": 54461,
            "net_income_4q": null,
            "revenue": 4525327,
            "revenue_4q": null,
            "common_shares": 1290000,
            "book_valuer_per_share": 14.25,
            "book_valuer_per_share_4q_avg": 14.39,
            "equity": 1901933,
            "current_ratio": 157.62,
            "debt_ratio": 54.84,
            "inventory_turnover_ratio": null,
            "account_receivable_turnover_ratio": 2.06,
            "reinvestment_rate": 6.18,
            "research_to_sale_ratio": null,
            "price_fair": 57.84,
            "eps_avg_yearly": 1.65,
            "eps_latest_yearly": 1.48,
            "eps_growth_yearly": 127.1
        },
        "20181": {
            "year_quarter": 20181,
            "year": 2018,
            "quarter": 1,
            "eps": 0.37,
            "eps_growth_year": 5.71,
            "eps_4q": 1.67,
            "eps_4q_growth_year": -20.04,
            "roe": 2.6,
            "roe_4q": 11.88,
            "gross_profit": 599519,
            "gross_margin": 15.29,
            "gross_margin_4q_avg": 14.37,
            "net_income": 50159,
            "net_income_4q": null,
            "revenue": 3920045,
            "revenue_4q": null,
            "common_shares": 1290000,
            "book_valuer_per_share": 14.46,
            "book_valuer_per_share_4q_avg": 14.21,
            "equity": 1956319,
            "current_ratio": 162.47,
            "debt_ratio": 52.11,
            "inventory_turnover_ratio": null,
            "account_receivable_turnover_ratio": 1.96,
            "reinvestment_rate": 4.85,
            "research_to_sale_ratio": null,
            "price_fair": 59.06,
            "eps_avg_yearly": 1.69,
            "eps_latest_yearly": 1.48,
            "eps_growth_yearly": 125.96
        },
        "20182": {
            "year_quarter": 20182,
            "year": 2018,
            "quarter": 2,
            "eps": 0.58,
            "eps_growth_year": 38.1,
            "eps_4q": 1.83,
            "eps_4q_growth_year": 4.14,
            "roe": 3.81,
            "roe_4q": 12.95,
            "gross_profit": 626237,
            "gross_margin": 14.83,
            "gross_margin_4q_avg": 14.58,
            "net_income": 74458,
            "net_income_4q": null,
            "revenue": 4223839,
            "revenue_4q": null,
            "common_shares": 1290000,
            "book_valuer_per_share": 14.7,
            "book_valuer_per_share_4q_avg": 14.42,
            "equity": 1950101,
            "current_ratio": 155.09,
            "debt_ratio": 53.97,
            "inventory_turnover_ratio": null,
            "account_receivable_turnover_ratio": 2.2,
            "reinvestment_rate": -7.98,
            "research_to_sale_ratio": null,
            "price_fair": 56.96,
            "eps_avg_yearly": 1.63,
            "eps_latest_yearly": 2.32,
            "eps_growth_yearly": 76.02
        },
        "20183": {
            "year_quarter": 20183,
            "year": 2018,
            "quarter": 3,
            "eps": 0.5,
            "eps_growth_year": -5.66,
            "eps_4q": 1.81,
            "eps_4q_growth_year": 5.03,
            "roe": 3.18,
            "roe_4q": 12.45,
            "gross_profit": 665263,
            "gross_margin": 13.25,
            "gross_margin_4q_avg": 14.24,
            "net_income": 62884,
            "net_income_4q": null,
            "revenue": 5021740,
            "revenue_4q": null,
            "common_shares": 1260000,
            "book_valuer_per_share": 15.14,
            "book_valuer_per_share_4q_avg": 14.64,
            "equity": 2002207,
            "current_ratio": 156.85,
            "debt_ratio": 52.79,
            "inventory_turnover_ratio": null,
            "account_receivable_turnover_ratio": 2.39,
            "reinvestment_rate": -11.11,
            "research_to_sale_ratio": null,
            "price_fair": 57.75,
            "eps_avg_yearly": 1.65,
            "eps_latest_yearly": 2,
            "eps_growth_yearly": 85.07
        },
        "20184": {
            "year_quarter": 20184,
            "year": 2018,
            "quarter": 4,
            "eps": 0.64,
            "eps_growth_year": 72.65,
            "eps_4q": 2.09,
            "eps_4q_growth_year": 25.4,
            "roe": 3.98,
            "roe_4q": 13.57,
            "gross_profit": 622507,
            "gross_margin": 11.79,
            "gross_margin_4q_avg": 13.79,
            "net_income": 81523,
            "net_income_4q": null,
            "revenue": 5278791,
            "revenue_4q": null,
            "common_shares": 1260000,
            "book_valuer_per_share": 15.85,
            "book_valuer_per_share_4q_avg": 15.04,
            "equity": 2089600,
            "current_ratio": 153.02,
            "debt_ratio": 54.39,
            "inventory_turnover_ratio": null,
            "account_receivable_turnover_ratio": 2.29,
            "reinvestment_rate": -12.12,
            "research_to_sale_ratio": null,
            "price_fair": 61.51,
            "eps_avg_yearly": 1.76,
            "eps_latest_yearly": 2.56,
            "eps_growth_yearly": 104.27
        },
        "20191": {
            "year_quarter": 20191,
            "year": 2019,
            "quarter": 1,
            "eps": 0.59,
            "eps_growth_year": 59.46,
            "eps_4q": 2.31,
            "eps_4q_growth_year": 38.27,
            "roe": 3.68,
            "roe_4q": 14.65,
            "gross_profit": 664603,
            "gross_margin": 16.2,
            "gross_margin_4q_avg": 14.02,
            "net_income": 78948,
            "net_income_4q": null,
            "revenue": 4101212,
            "revenue_4q": null,
            "common_shares": 1260000,
            "book_valuer_per_share": 16.69,
            "book_valuer_per_share_4q_avg": 15.6,
            "equity": 2204866,
            "current_ratio": 150.78,
            "debt_ratio": 54.41,
            "inventory_turnover_ratio": null,
            "account_receivable_turnover_ratio": 1.89,
            "reinvestment_rate": -9.47,
            "research_to_sale_ratio": null,
            "price_fair": 64.75,
            "eps_avg_yearly": 1.85,
            "eps_latest_yearly": 2.36,
            "eps_growth_yearly": 101.13
        },
        "20192": {
            "year_quarter": 20192,
            "year": 2019,
            "quarter": 2,
            "eps": 1.04,
            "eps_growth_year": 79.31,
            "eps_4q": 2.78,
            "eps_4q_growth_year": 51.89,
            "roe": 6.11,
            "roe_4q": 16.950000000000003,
            "gross_profit": 741361,
            "gross_margin": 17.57,
            "gross_margin_4q_avg": 14.7,
            "net_income": 133521,
            "net_income_4q": null,
            "revenue": 4219855,
            "revenue_4q": null,
            "common_shares": 1260000,
            "book_valuer_per_share": 16.33,
            "book_valuer_per_share_4q_avg": 16,
            "equity": 2163186,
            "current_ratio": 144.28,
            "debt_ratio": 57.01,
            "inventory_turnover_ratio": null,
            "account_receivable_turnover_ratio": 2.12,
            "reinvestment_rate": -11.4,
            "research_to_sale_ratio": null,
            "price_fair": 68.95,
            "eps_avg_yearly": 1.97,
            "eps_latest_yearly": 4.16,
            "eps_growth_yearly": 81.56
        },
        "20193": {
            "year_quarter": 20193,
            "year": 2019,
            "quarter": 3,
            "eps": 0.83,
            "eps_growth_year": 66,
            "eps_4q": 3.11,
            "eps_4q_growth_year": 71.71,
            "roe": 4.71,
            "roe_4q": 18.48,
            "gross_profit": 757731,
            "gross_margin": 16.36,
            "gross_margin_4q_avg": 15.48,
            "net_income": 103889,
            "net_income_4q": null,
            "revenue": 4632594,
            "revenue_4q": null,
            "common_shares": 1260000,
            "book_valuer_per_share": 17,
            "book_valuer_per_share_4q_avg": 16.47,
            "equity": 2243840,
            "current_ratio": 152.51,
            "debt_ratio": 54.14,
            "inventory_turnover_ratio": null,
            "account_receivable_turnover_ratio": 2.31,
            "reinvestment_rate": -13.44,
            "research_to_sale_ratio": null,
            "price_fair": 74.73,
            "eps_avg_yearly": 2.14,
            "eps_latest_yearly": 3.32,
            "eps_growth_yearly": 93.92
        },
        "20194": {
            "year_quarter": 20194,
            "year": 2019,
            "quarter": 4,
            "eps": 0.74,
            "eps_growth_year": 14.58,
            "eps_4q": 3.2,
            "eps_4q_growth_year": 53.46,
            "roe": 3.97,
            "roe_4q": 18.47,
            "gross_profit": 795509,
            "gross_margin": 16.4,
            "gross_margin_4q_avg": 16.63,
            "net_income": 88763,
            "net_income_4q": null,
            "revenue": 4849670,
            "revenue_4q": null,
            "common_shares": 1260000,
            "book_valuer_per_share": 16.93,
            "book_valuer_per_share_4q_avg": 16.74,
            "equity": 2226476,
            "current_ratio": 145.7,
            "debt_ratio": 57.25,
            "inventory_turnover_ratio": null,
            "account_receivable_turnover_ratio": 2.29,
            "reinvestment_rate": -12.35,
            "research_to_sale_ratio": null,
            "price_fair": 80.15,
            "eps_avg_yearly": 2.29,
            "eps_latest_yearly": 2.96,
            "eps_growth_yearly": 98.56
        },
        "20201": {
            "year_quarter": 20201,
            "year": 2020,
            "quarter": 1,
            "eps": 0.77,
            "eps_growth_year": 30.51,
            "eps_4q": 3.39,
            "eps_4q_growth_year": 46.96,
            "roe": 4.43,
            "roe_4q": 19.22,
            "gross_profit": 662581,
            "gross_margin": 15.95,
            "gross_margin_4q_avg": 16.57,
            "net_income": 100652,
            "net_income_4q": null,
            "revenue": 4153094,
            "revenue_4q": null,
            "common_shares": 1260000,
            "book_valuer_per_share": 17.65,
            "book_valuer_per_share_4q_avg": 16.98,
            "equity": 2319282,
            "current_ratio": 146.14,
            "debt_ratio": 54.4,
            "inventory_turnover_ratio": null,
            "account_receivable_turnover_ratio": 1.92,
            "reinvestment_rate": 3.48,
            "research_to_sale_ratio": null,
            "price_fair": 83.04,
            "eps_avg_yearly": 2.37,
            "eps_latest_yearly": 3.08,
            "eps_growth_yearly": 32.91
        },
        "20202": {
            "year_quarter": 20202,
            "year": 2020,
            "quarter": 2,
            "eps": 3.74,
            "eps_growth_year": 259.62,
            "eps_4q": 6.09,
            "eps_4q_growth_year": 119.07,
            "roe": 19.92,
            "roe_4q": 33.03,
            "gross_profit": 1240320,
            "gross_margin": 17.63,
            "gross_margin_4q_avg": 16.59,
            "net_income": 482244,
            "net_income_4q": null,
            "revenue": 7035287,
            "revenue_4q": null,
            "common_shares": 1260000,
            "book_valuer_per_share": 19.17,
            "book_valuer_per_share_4q_avg": 17.69,
            "equity": 2522112,
            "current_ratio": 140.82,
            "debt_ratio": 59.31,
            "inventory_turnover_ratio": null,
            "account_receivable_turnover_ratio": 3.15,
            "reinvestment_rate": 3.1,
            "research_to_sale_ratio": null,
            "price_fair": 109.2,
            "eps_avg_yearly": 3.12,
            "eps_latest_yearly": 14.96,
            "eps_growth_yearly": 111.72
        },
        "20203": {
            "year_quarter": 20203,
            "year": 2020,
            "quarter": 3,
            "eps": 2.16,
            "eps_growth_year": 160.24,
            "eps_4q": 7.42,
            "eps_4q_growth_year": 138.53,
            "roe": 10.32,
            "roe_4q": 38.64,
            "gross_profit": 902841,
            "gross_margin": 16.13,
            "gross_margin_4q_avg": 16.53,
            "net_income": 272317,
            "net_income_4q": null,
            "revenue": 5596015,
            "revenue_4q": null,
            "common_shares": 1260000,
            "book_valuer_per_share": 21.06,
            "book_valuer_per_share_4q_avg": 18.7,
            "equity": 2757236,
            "current_ratio": 153.63,
            "debt_ratio": 54.56,
            "inventory_turnover_ratio": null,
            "account_receivable_turnover_ratio": 2.55,
            "reinvestment_rate": 3.27,
            "research_to_sale_ratio": null,
            "price_fair": 123.11,
            "eps_avg_yearly": 3.52,
            "eps_latest_yearly": 8.64,
            "eps_growth_yearly": 107.16
        },
        "20204": {
            "year_quarter": 20204,
            "year": 2020,
            "quarter": 4,
            "eps": 1.94,
            "eps_growth_year": 162.52,
            "eps_4q": 8.62,
            "eps_4q_growth_year": 169.02,
            "roe": 8.73,
            "roe_4q": 43.4,
            "gross_profit": 931205,
            "gross_margin": 15.11,
            "gross_margin_4q_avg": 16.21,
            "net_income": 246092,
            "net_income_4q": null,
            "revenue": 6164449,
            "revenue_4q": null,
            "common_shares": 1260000,
            "book_valuer_per_share": 22.01,
            "book_valuer_per_share_4q_avg": 19.97,
            "equity": 2879077,
            "current_ratio": 150.36,
            "debt_ratio": 56.99,
            "inventory_turnover_ratio": null,
            "account_receivable_turnover_ratio": 2.89,
            "reinvestment_rate": 3.06,
            "research_to_sale_ratio": null,
            "price_fair": 136.24,
            "eps_avg_yearly": 3.89,
            "eps_latest_yearly": 7.76,
            "eps_growth_yearly": 110.32
        },
        "20211": {
            "year_quarter": 20211,
            "year": 2021,
            "quarter": 1,
            "eps": 2.38,
            "eps_growth_year": 209.09,
            "eps_4q": 10.23,
            "eps_4q_growth_year": 201.64,
            "roe": 10.02,
            "roe_4q": 48.99,
            "gross_profit": 956859,
            "gross_margin": 13.71,
            "gross_margin_4q_avg": 15.65,
            "net_income": 306761,
            "net_income_4q": null,
            "revenue": 6981067,
            "revenue_4q": null,
            "common_shares": 1260000,
            "book_valuer_per_share": 24.86,
            "book_valuer_per_share_4q_avg": 21.78,
            "equity": 3244144,
            "current_ratio": 160.54,
            "debt_ratio": 53.79,
            "inventory_turnover_ratio": null,
            "account_receivable_turnover_ratio": 2.84,
            "reinvestment_rate": 5,
            "research_to_sale_ratio": null,
            "price_fair": 154,
            "eps_avg_yearly": 4.4,
            "eps_latest_yearly": 9.52,
            "eps_growth_yearly": 121.1
        },
        "20212": {
            "year_quarter": 20212,
            "year": 2021,
            "quarter": 2,
            "eps": 4.45,
            "eps_growth_year": 18.98,
            "eps_4q": 10.94,
            "eps_4q_growth_year": 79.67,
            "roe": 18.08,
            "roe_4q": 47.15,
            "gross_profit": 1193088,
            "gross_margin": 13.9,
            "gross_margin_4q_avg": 14.71,
            "net_income": 567004,
            "net_income_4q": null,
            "revenue": 8581746,
            "revenue_4q": null,
            "common_shares": 1260000,
            "book_valuer_per_share": 23.28,
            "book_valuer_per_share_4q_avg": 22.8,
            "equity": 3027456,
            "current_ratio": 142.77,
            "debt_ratio": 61.23,
            "inventory_turnover_ratio": null,
            "account_receivable_turnover_ratio": 3.05,
            "reinvestment_rate": 4.05,
            "research_to_sale_ratio": null,
            "price_fair": 189.26,
            "eps_avg_yearly": 5.41,
            "eps_latest_yearly": 17.8,
            "eps_growth_yearly": 137.85
        },
        "20213": {
            "year_quarter": 20213,
            "year": 2021,
            "quarter": 3,
            "eps": 4.23,
            "eps_growth_year": 95.83,
            "eps_4q": 12.36,
            "eps_4q_growth_year": 66.59,
            "roe": 18.13,
            "roe_4q": 54.959999999999994,
            "gross_profit": 1368561,
            "gross_margin": 13.67,
            "gross_margin_4q_avg": 14.1,
            "net_income": 598515,
            "net_income_4q": null,
            "revenue": 10011673,
            "revenue_4q": null,
            "common_shares": 1360800,
            "book_valuer_per_share": 25.46,
            "book_valuer_per_share_4q_avg": 23.9,
            "equity": 3574392,
            "current_ratio": 156.94,
            "debt_ratio": 56.34,
            "inventory_turnover_ratio": null,
            "account_receivable_turnover_ratio": 2.93,
            "reinvestment_rate": 3.6,
            "research_to_sale_ratio": null,
            "price_fair": 221.64,
            "eps_avg_yearly": 6.33,
            "eps_latest_yearly": 16.92,
            "eps_growth_yearly": 130.06
        },
        "20214": {
            "year_quarter": 20214,
            "year": 2021,
            "quarter": 4,
            "eps": 6.42,
            "eps_growth_year": 230.91,
            "eps_4q": 16.98,
            "eps_4q_growth_year": 97.02,
            "roe": 22.11,
            "roe_4q": 68.33999999999999,
            "gross_profit": 2303817,
            "gross_margin": 17.18,
            "gross_margin_4q_avg": 14.62,
            "net_income": 885351,
            "net_income_4q": null,
            "revenue": 13412430,
            "revenue_4q": null,
            "common_shares": 1360800,
            "book_valuer_per_share": 31.66,
            "book_valuer_per_share_4q_avg": 26.32,
            "equity": 4434974,
            "current_ratio": 166.39,
            "debt_ratio": 54.5,
            "inventory_turnover_ratio": null,
            "account_receivable_turnover_ratio": 3.18,
            "reinvestment_rate": 3.04,
            "research_to_sale_ratio": null,
            "price_fair": 274.58,
            "eps_avg_yearly": 7.85,
            "eps_latest_yearly": 25.68,
            "eps_growth_yearly": 150.55
        },
        "20221": {
            "year_quarter": 20221,
            "year": 2022,
            "quarter": 1,
            "eps": 4.54,
            "eps_growth_year": 90.76,
            "eps_4q": 19.31,
            "eps_4q_growth_year": 88.85,
            "roe": 15.35,
            "roe_4q": 73.67,
            "gross_profit": 1572088,
            "gross_margin": 13.81,
            "gross_margin_4q_avg": 14.64,
            "net_income": 641461,
            "net_income_4q": null,
            "revenue": 11380929,
            "revenue_4q": null,
            "common_shares": 1360800,
            "book_valuer_per_share": 27.66,
            "book_valuer_per_share_4q_avg": 27.02,
            "equity": 3921102,
            "current_ratio": 143.37,
            "debt_ratio": 62.88,
            "inventory_turnover_ratio": null,
            "account_receivable_turnover_ratio": 2.62,
            "reinvestment_rate": 3.06,
            "research_to_sale_ratio": null,
            "price_fair": 311.06,
            "eps_avg_yearly": 8.89,
            "eps_latest_yearly": 18.16,
            "eps_growth_yearly": 143.23
        },
        "20222": {
            "year_quarter": 20222,
            "year": 2022,
            "quarter": 2,
            "eps": 7.39,
            "eps_growth_year": 66.07,
            "eps_4q": 22.58,
            "eps_4q_growth_year": 106.45,
            "roe": 22.38,
            "roe_4q": 77.97,
            "gross_profit": 1636218,
            "gross_margin": 14.16,
            "gross_margin_4q_avg": 14.71,
            "net_income": 1016516,
            "net_income_4q": null,
            "revenue": 11555939,
            "revenue_4q": null,
            "common_shares": 1360800,
            "book_valuer_per_share": 36.76,
            "book_valuer_per_share_4q_avg": 30.39,
            "equity": 5161949,
            "current_ratio": 163.21,
            "debt_ratio": 55.76,
            "inventory_turnover_ratio": null,
            "account_receivable_turnover_ratio": 2.75,
            "reinvestment_rate": 2.73,
            "research_to_sale_ratio": null,
            "price_fair": 370.65,
            "eps_avg_yearly": 10.59,
            "eps_latest_yearly": 29.56,
            "eps_growth_yearly": 144.74
        },
        "20223": {
            "year_quarter": 20223,
            "year": 2022,
            "quarter": 3,
            "eps": 4.1,
            "eps_growth_year": -3.07,
            "eps_4q": 22.45,
            "eps_4q_growth_year": 81.72,
            "roe": 9.55,
            "roe_4q": 69.39,
            "gross_profit": 1375399,
            "gross_margin": 13.26,
            "gross_margin_4q_avg": 14.6,
            "net_income": 543252,
            "net_income_4q": null,
            "revenue": 10368976,
            "revenue_4q": null,
            "common_shares": 1360800,
            "book_valuer_per_share": 44.58,
            "book_valuer_per_share_4q_avg": 35.17,
            "equity": 6210141,
            "current_ratio": 212.18,
            "debt_ratio": 43.15,
            "inventory_turnover_ratio": null,
            "account_receivable_turnover_ratio": 2.61,
            "reinvestment_rate": 3.24,
            "research_to_sale_ratio": null,
            "price_fair": 402.15,
            "eps_avg_yearly": 11.49,
            "eps_latest_yearly": 16.4,
            "eps_growth_yearly": 137.05
        },
        "20224": {
            "year_quarter": 20224,
            "year": 2022,
            "quarter": 4,
            "eps": 2.68,
            "eps_growth_year": -58.25,
            "eps_4q": 19.08,
            "eps_4q_growth_year": 12.35,
            "roe": 5.5,
            "roe_4q": 52.78,
            "gross_profit": 1357276,
            "gross_margin": 17.25,
            "gross_margin_4q_avg": 14.62,
            "net_income": 338966,
            "net_income_4q": null,
            "revenue": 7868966,
            "revenue_4q": null,
            "common_shares": 1360800,
            "book_valuer_per_share": 45.09,
            "book_valuer_per_share_4q_avg": 38.52,
            "equity": 6124741,
            "current_ratio": 216.49,
            "debt_ratio": 41.8,
            "inventory_turnover_ratio": null,
            "account_receivable_turnover_ratio": 2.44,
            "reinvestment_rate": 2.79,
            "research_to_sale_ratio": null,
            "price_fair": 420,
            "eps_avg_yearly": 12,
            "eps_latest_yearly": 10.72,
            "eps_growth_yearly": 121.4
        },
        "20231": {
            "year_quarter": 20231,
            "year": 2023,
            "quarter": 1,
            "eps": 2,
            "eps_growth_year": -55.95,
            "eps_4q": 16.44,
            "eps_4q_growth_year": -14.89,
            "roe": 4.74,
            "roe_4q": 42.17,
            "gross_profit": 920692,
            "gross_margin": 17,
            "gross_margin_4q_avg": 15.42,
            "net_income": 259809,
            "net_income_4q": null,
            "revenue": 5416155,
            "revenue_4q": null,
            "common_shares": 1360800,
            "book_valuer_per_share": 35.55,
            "book_valuer_per_share_4q_avg": 40.5,
            "equity": 4839239,
            "current_ratio": 175.09,
            "debt_ratio": 50.76,
            "inventory_turnover_ratio": null,
            "account_receivable_turnover_ratio": 2.26,
            "reinvestment_rate": 2.68,
            "research_to_sale_ratio": null,
            "price_fair": 432.34,
            "eps_avg_yearly": 12.35,
            "eps_latest_yearly": 8,
            "eps_growth_yearly": 117.01
        },
        "20232": {
            "year_quarter": 20232,
            "year": 2023,
            "quarter": 2,
            "eps": 2.12,
            "eps_growth_year": -71.31,
            "eps_4q": 10.37,
            "eps_4q_growth_year": -54.09,
            "roe": 5.75,
            "roe_4q": 25.54,
            "gross_profit": 937422,
            "gross_margin": 17.91,
            "gross_margin_4q_avg": 16.36,
            "net_income": 298513,
            "net_income_4q": null,
            "revenue": 5234649,
            "revenue_4q": null,
            "common_shares": 1360800,
            "book_valuer_per_share": 39.96,
            "book_valuer_per_share_4q_avg": 41.3,
            "equity": 5538473,
            "current_ratio": 193.11,
            "debt_ratio": 46.47,
            "inventory_turnover_ratio": null,
            "account_receivable_turnover_ratio": 2.57,
            "reinvestment_rate": 2.73,
            "research_to_sale_ratio": null,
            "price_fair": 441.79,
            "eps_avg_yearly": 12.62,
            "eps_latest_yearly": 8.48,
            "eps_growth_yearly": 99.44
        },
        "20233": {
            "year_quarter": 20233,
            "year": 2023,
            "quarter": 3,
            "eps": 1.83,
            "eps_growth_year": -55.37,
            "eps_4q": 8.29,
            "eps_4q_growth_year": -63.1,
            "roe": 4.54,
            "roe_4q": 20.53,
            "gross_profit": 911418,
            "gross_margin": 17.44,
            "gross_margin_4q_avg": 17.4,
            "net_income": 264547,
            "net_income_4q": null,
            "revenue": 5225706,
            "revenue_4q": null,
            "common_shares": 1428840,
            "book_valuer_per_share": 42.11,
            "book_valuer_per_share_4q_avg": 40.68,
            "equity": 6117518,
            "current_ratio": 280.91,
            "debt_ratio": 31.96,
            "inventory_turnover_ratio": null,
            "account_receivable_turnover_ratio": 2.33,
            "reinvestment_rate": 3.12,
            "research_to_sale_ratio": null,
            "price_fair": 450.54,
            "eps_avg_yearly": 12.87,
            "eps_latest_yearly": 7.32,
            "eps_growth_yearly": 101.07
        },
        "20234": {
            "year_quarter": 20234,
            "year": 2023,
            "quarter": 4,
            "eps": 1.38,
            "eps_growth_year": -48.34,
            "eps_4q": 7.17,
            "eps_4q_growth_year": -62.41,
            "roe": 3.21,
            "roe_4q": 18.240000000000002,
            "gross_profit": 1027499,
            "gross_margin": 16.66,
            "gross_margin_4q_avg": 17.25,
            "net_income": 193699,
            "net_income_4q": null,
            "revenue": 6166174,
            "revenue_4q": null,
            "common_shares": 1428840,
            "book_valuer_per_share": 40.88,
            "book_valuer_per_share_4q_avg": 39.63,
            "equity": 5939379,
            "current_ratio": 269.81,
            "debt_ratio": 33.13,
            "inventory_turnover_ratio": null,
            "account_receivable_turnover_ratio": 2.54,
            "reinvestment_rate": 2.35,
            "research_to_sale_ratio": null,
            "price_fair": 456.14,
            "eps_avg_yearly": 13.03,
            "eps_latest_yearly": 5.52,
            "eps_growth_yearly": 97.63
        }
    },
    "months": {
        "2001-10": {
            "month": "2001-10",
            "price": "13.85",
            "revenue": 105454
        },
        "2001-11": {
            "month": "2001-11",
            "price": "13.75",
            "revenue": 117680
        },
        "2001-12": {
            "month": "2001-12",
            "price": "15.03",
            "revenue": 99588
        },
        "2002-01": {
            "month": "2002-01",
            "price": "17.27",
            "revenue": 69500
        },
        "2002-02": {
            "month": "2002-02",
            "price": "16.66",
            "revenue": 74485
        },
        "2002-03": {
            "month": "2002-03",
            "price": "16.53",
            "revenue": 109379
        },
        "2002-04": {
            "month": "2002-04",
            "price": "17.98",
            "revenue": 104759
        },
        "2002-05": {
            "month": "2002-05",
            "price": "19.20",
            "revenue": 123268
        },
        "2002-06": {
            "month": "2002-06",
            "price": "19.22",
            "revenue": 110143
        },
        "2002-07": {
            "month": "2002-07",
            "price": "19.12",
            "revenue": 100065
        },
        "2002-08": {
            "month": "2002-08",
            "price": "18.38",
            "revenue": 97353
        },
        "2002-09": {
            "month": "2002-09",
            "price": "14.80",
            "revenue": 113120
        },
        "2002-10": {
            "month": "2002-10",
            "price": "13.50",
            "revenue": 123952
        },
        "2002-11": {
            "month": "2002-11",
            "price": "14.88",
            "revenue": 136827
        },
        "2002-12": {
            "month": "2002-12",
            "price": "16.45",
            "revenue": 104650
        },
        "2003-01": {
            "month": "2003-01",
            "price": "18.44",
            "revenue": 99548
        },
        "2003-02": {
            "month": "2003-02",
            "price": "19.19",
            "revenue": 80100
        },
        "2003-03": {
            "month": "2003-03",
            "price": "19.22",
            "revenue": 116427
        },
        "2003-04": {
            "month": "2003-04",
            "price": "18.44",
            "revenue": 108974
        },
        "2003-05": {
            "month": "2003-05",
            "price": "17.15",
            "revenue": 114498
        },
        "2003-06": {
            "month": "2003-06",
            "price": "18.36",
            "revenue": 102365
        },
        "2003-07": {
            "month": "2003-07",
            "price": "18.65",
            "revenue": 88930
        },
        "2003-08": {
            "month": "2003-08",
            "price": "15.98",
            "revenue": 105624
        },
        "2003-09": {
            "month": "2003-09",
            "price": "14.27",
            "revenue": 98337
        },
        "2003-10": {
            "month": "2003-10",
            "price": "14.50",
            "revenue": 114359
        },
        "2003-11": {
            "month": "2003-11",
            "price": "15.47",
            "revenue": 112051
        },
        "2003-12": {
            "month": "2003-12",
            "price": "16.07",
            "revenue": 112262
        },
        "2004-01": {
            "month": "2004-01",
            "price": "16.48",
            "revenue": 90875
        },
        "2004-02": {
            "month": "2004-02",
            "price": "17.12",
            "revenue": 97991
        },
        "2004-03": {
            "month": "2004-03",
            "price": "16.87",
            "revenue": 90836
        },
        "2004-04": {
            "month": "2004-04",
            "price": "16.27",
            "revenue": 90129
        },
        "2004-05": {
            "month": "2004-05",
            "price": "14.77",
            "revenue": 84907
        },
        "2004-06": {
            "month": "2004-06",
            "price": "15.07",
            "revenue": 81098
        },
        "2004-07": {
            "month": "2004-07",
            "price": "14.85",
            "revenue": 79025
        },
        "2004-08": {
            "month": "2004-08",
            "price": "14.19",
            "revenue": 84763
        },
        "2004-09": {
            "month": "2004-09",
            "price": "13.80",
            "revenue": 86438
        },
        "2004-10": {
            "month": "2004-10",
            "price": "14.18",
            "revenue": 91444
        },
        "2004-11": {
            "month": "2004-11",
            "price": "13.92",
            "revenue": 99015
        },
        "2004-12": {
            "month": "2004-12",
            "price": "14.01",
            "revenue": 108113
        },
        "2005-01": {
            "month": "2005-01",
            "price": "14.69",
            "revenue": 733133
        },
        "2005-02": {
            "month": "2005-02",
            "price": "15.27",
            "revenue": 676515
        },
        "2005-03": {
            "month": "2005-03",
            "price": "15.10",
            "revenue": 824576
        },
        "2005-04": {
            "month": "2005-04",
            "price": "14.44",
            "revenue": 868159
        },
        "2005-05": {
            "month": "2005-05",
            "price": "14.41",
            "revenue": 809628
        },
        "2005-06": {
            "month": "2005-06",
            "price": "14.99",
            "revenue": 808123
        },
        "2005-07": {
            "month": "2005-07",
            "price": "15.22",
            "revenue": 881468
        },
        "2005-08": {
            "month": "2005-08",
            "price": "15.58",
            "revenue": 914126
        },
        "2005-09": {
            "month": "2005-09",
            "price": "16.57",
            "revenue": 988829
        },
        "2005-10": {
            "month": "2005-10",
            "price": "15.05",
            "revenue": 1039064
        },
        "2005-11": {
            "month": "2005-11",
            "price": "15.04",
            "revenue": 1097014
        },
        "2005-12": {
            "month": "2005-12",
            "price": "16.22",
            "revenue": 1064440
        },
        "2006-01": {
            "month": "2006-01",
            "price": "16.56",
            "revenue": 862815
        },
        "2006-02": {
            "month": "2006-02",
            "price": "17.93",
            "revenue": 776544
        },
        "2006-03": {
            "month": "2006-03",
            "price": "16.30",
            "revenue": 968756
        },
        "2006-04": {
            "month": "2006-04",
            "price": "18.14",
            "revenue": 1019106
        },
        "2006-05": {
            "month": "2006-05",
            "price": "22.14",
            "revenue": 998932
        },
        "2006-06": {
            "month": "2006-06",
            "price": "27.24",
            "revenue": 1011664
        },
        "2006-07": {
            "month": "2006-07",
            "price": "33.95",
            "revenue": 1019953
        },
        "2006-08": {
            "month": "2006-08",
            "price": "37.99",
            "revenue": 1073264
        },
        "2006-09": {
            "month": "2006-09",
            "price": "37.55",
            "revenue": 1213947
        },
        "2006-10": {
            "month": "2006-10",
            "price": "40.24",
            "revenue": 1367508
        },
        "2006-11": {
            "month": "2006-11",
            "price": "40.08",
            "revenue": 1382403
        },
        "2006-12": {
            "month": "2006-12",
            "price": "40.24",
            "revenue": 1126813
        },
        "2007-01": {
            "month": "2007-01",
            "price": "37.05",
            "revenue": 1030500
        },
        "2007-02": {
            "month": "2007-02",
            "price": "36.84",
            "revenue": 887418
        },
        "2007-03": {
            "month": "2007-03",
            "price": "34.80",
            "revenue": 1131549
        },
        "2007-04": {
            "month": "2007-04",
            "price": "36.54",
            "revenue": 1392466
        },
        "2007-05": {
            "month": "2007-05",
            "price": "34.28",
            "revenue": 1254398
        },
        "2007-06": {
            "month": "2007-06",
            "price": "35.18",
            "revenue": 1249550
        },
        "2007-07": {
            "month": "2007-07",
            "price": "38.99",
            "revenue": 1382840
        },
        "2007-08": {
            "month": "2007-08",
            "price": "45.81",
            "revenue": 1490076
        },
        "2007-09": {
            "month": "2007-09",
            "price": "50.88",
            "revenue": 1536861
        },
        "2007-10": {
            "month": "2007-10",
            "price": "47.80",
            "revenue": 1530891
        },
        "2007-11": {
            "month": "2007-11",
            "price": "37.80",
            "revenue": 1541307
        },
        "2007-12": {
            "month": "2007-12",
            "price": "35.96",
            "revenue": 1420869
        },
        "2008-01": {
            "month": "2008-01",
            "price": "39.21",
            "revenue": 1308094
        },
        "2008-02": {
            "month": "2008-02",
            "price": "36.61",
            "revenue": 1063868
        },
        "2008-03": {
            "month": "2008-03",
            "price": "46.70",
            "revenue": 1383647
        },
        "2008-04": {
            "month": "2008-04",
            "price": "47.51",
            "revenue": 1321327
        },
        "2008-05": {
            "month": "2008-05",
            "price": "43.04",
            "revenue": 1327536
        },
        "2008-06": {
            "month": "2008-06",
            "price": "36.52",
            "revenue": 1288010
        },
        "2008-07": {
            "month": "2008-07",
            "price": "36.90",
            "revenue": 1398480
        },
        "2008-08": {
            "month": "2008-08",
            "price": "32.83",
            "revenue": 1435646
        },
        "2008-09": {
            "month": "2008-09",
            "price": "21.79",
            "revenue": 1384210
        },
        "2008-10": {
            "month": "2008-10",
            "price": "16.15",
            "revenue": 1364638
        },
        "2008-11": {
            "month": "2008-11",
            "price": "20.64",
            "revenue": 1479051
        },
        "2008-12": {
            "month": "2008-12",
            "price": "22.79",
            "revenue": 1183205
        },
        "2009-01": {
            "month": "2009-01",
            "price": "20.66",
            "revenue": 751087
        },
        "2009-02": {
            "month": "2009-02",
            "price": "18.96",
            "revenue": 684991
        },
        "2009-03": {
            "month": "2009-03",
            "price": "21.86",
            "revenue": 922923
        },
        "2009-04": {
            "month": "2009-04",
            "price": "25.01",
            "revenue": 917887
        },
        "2009-05": {
            "month": "2009-05",
            "price": "25.96",
            "revenue": 859589
        },
        "2009-06": {
            "month": "2009-06",
            "price": "23.28",
            "revenue": 852598
        },
        "2009-07": {
            "month": "2009-07",
            "price": "23.75",
            "revenue": 932024
        },
        "2009-08": {
            "month": "2009-08",
            "price": "21.86",
            "revenue": 1076842
        },
        "2009-09": {
            "month": "2009-09",
            "price": "25.87",
            "revenue": 63748
        },
        "2009-10": {
            "month": "2009-10",
            "price": "27.03",
            "revenue": 1236458
        },
        "2009-11": {
            "month": "2009-11",
            "price": "27.09",
            "revenue": 1370142
        },
        "2009-12": {
            "month": "2009-12",
            "price": "32.10",
            "revenue": 1323908
        },
        "2010-01": {
            "month": "2010-01",
            "price": "32.78",
            "revenue": 1169322
        },
        "2010-02": {
            "month": "2010-02",
            "price": "31.76",
            "revenue": 1052204
        },
        "2010-03": {
            "month": "2010-03",
            "price": "33.41",
            "revenue": 1400497
        },
        "2010-04": {
            "month": "2010-04",
            "price": "34.82",
            "revenue": 1419444
        },
        "2010-05": {
            "month": "2010-05",
            "price": "32.10",
            "revenue": 1527999
        },
        "2010-06": {
            "month": "2010-06",
            "price": "32.17",
            "revenue": 91488
        },
        "2010-07": {
            "month": "2010-07",
            "price": "32.98",
            "revenue": 1508440
        },
        "2010-08": {
            "month": "2010-08",
            "price": "31.47",
            "revenue": 1411039
        },
        "2010-09": {
            "month": "2010-09",
            "price": "29.78",
            "revenue": 1447886
        },
        "2010-10": {
            "month": "2010-10",
            "price": "30.13",
            "revenue": 1384932
        },
        "2010-11": {
            "month": "2010-11",
            "price": "26.98",
            "revenue": 1322198
        },
        "2010-12": {
            "month": "2010-12",
            "price": "28.64",
            "revenue": 1191839
        },
        "2011-01": {
            "month": "2011-01",
            "price": "28.56",
            "revenue": 1193603
        },
        "2011-02": {
            "month": "2011-02",
            "price": "26.74",
            "revenue": 972596
        },
        "2011-03": {
            "month": "2011-03",
            "price": "25.45",
            "revenue": 1362162
        },
        "2011-04": {
            "month": "2011-04",
            "price": "26.24",
            "revenue": 1283774
        },
        "2011-05": {
            "month": "2011-05",
            "price": "25.86",
            "revenue": 1287289
        },
        "2011-06": {
            "month": "2011-06",
            "price": "25.11",
            "revenue": 1254817
        },
        "2011-07": {
            "month": "2011-07",
            "price": "24.11",
            "revenue": 1223963
        },
        "2011-08": {
            "month": "2011-08",
            "price": "20.38",
            "revenue": 1221933
        },
        "2011-09": {
            "month": "2011-09",
            "price": "20.50",
            "revenue": 1194162
        },
        "2011-10": {
            "month": "2011-10",
            "price": "19.08",
            "revenue": 1219846
        },
        "2011-11": {
            "month": "2011-11",
            "price": "17.70",
            "revenue": 1271473
        },
        "2011-12": {
            "month": "2011-12",
            "price": "16.34",
            "revenue": 1238894
        },
        "2012-01": {
            "month": "2012-01",
            "price": "17.23",
            "revenue": 1097291
        },
        "2012-02": {
            "month": "2012-02",
            "price": "19.35",
            "revenue": 1117326
        },
        "2012-03": {
            "month": "2012-03",
            "price": "18.83",
            "revenue": 1353145
        },
        "2012-04": {
            "month": "2012-04",
            "price": "17.30",
            "revenue": 1221718
        },
        "2012-05": {
            "month": "2012-05",
            "price": "17.05",
            "revenue": 1340794
        },
        "2012-06": {
            "month": "2012-06",
            "price": "17.83",
            "revenue": 1302797
        },
        "2012-07": {
            "month": "2012-07",
            "price": "19.33",
            "revenue": 1318430
        },
        "2012-08": {
            "month": "2012-08",
            "price": "22.32",
            "revenue": 1214549
        },
        "2012-09": {
            "month": "2012-09",
            "price": "22.84",
            "revenue": 1221674
        },
        "2012-10": {
            "month": "2012-10",
            "price": "20.32",
            "revenue": 1228787
        },
        "2012-11": {
            "month": "2012-11",
            "price": "18.31",
            "revenue": 1146314
        },
        "2012-12": {
            "month": "2012-12",
            "price": "18.37",
            "revenue": 1054868
        },
        "2013-01": {
            "month": "2013-01",
            "price": "18.60",
            "revenue": 1078605
        },
        "2013-02": {
            "month": "2013-02",
            "price": "18.70",
            "revenue": 890427
        },
        "2013-03": {
            "month": "2013-03",
            "price": "18.25",
            "revenue": 1105465
        },
        "2013-04": {
            "month": "2013-04",
            "price": "17.84",
            "revenue": 1307796
        },
        "2013-05": {
            "month": "2013-05",
            "price": "17.57",
            "revenue": 1261002
        },
        "2013-06": {
            "month": "2013-06",
            "price": "17.02",
            "revenue": 1124903
        },
        "2013-07": {
            "month": "2013-07",
            "price": "16.90",
            "revenue": 1156785
        },
        "2013-08": {
            "month": "2013-08",
            "price": "17.07",
            "revenue": 1134732
        },
        "2013-09": {
            "month": "2013-09",
            "price": "17.32",
            "revenue": 1163228
        },
        "2013-10": {
            "month": "2013-10",
            "price": "18.06",
            "revenue": 1268722
        },
        "2013-11": {
            "month": "2013-11",
            "price": "19.32",
            "revenue": 1312144
        },
        "2013-12": {
            "month": "2013-12",
            "price": "20.42",
            "revenue": 1217245
        },
        "2014-01": {
            "month": "2014-01",
            "price": "20.36",
            "revenue": 1269082
        },
        "2014-02": {
            "month": "2014-02",
            "price": "20.09",
            "revenue": 973873
        },
        "2014-03": {
            "month": "2014-03",
            "price": "19.93",
            "revenue": 1294376
        },
        "2014-04": {
            "month": "2014-04",
            "price": "19.49",
            "revenue": 1352953
        },
        "2014-05": {
            "month": "2014-05",
            "price": "18.29",
            "revenue": 1303185
        },
        "2014-06": {
            "month": "2014-06",
            "price": "18.90",
            "revenue": 1327784
        },
        "2014-07": {
            "month": "2014-07",
            "price": "19.28",
            "revenue": 1377167
        },
        "2014-08": {
            "month": "2014-08",
            "price": "21.80",
            "revenue": 1345580
        },
        "2014-09": {
            "month": "2014-09",
            "price": "23.59",
            "revenue": 1352748
        },
        "2014-10": {
            "month": "2014-10",
            "price": "22.46",
            "revenue": 1375070
        },
        "2014-11": {
            "month": "2014-11",
            "price": "22.75",
            "revenue": 1423165
        },
        "2014-12": {
            "month": "2014-12",
            "price": "23.18",
            "revenue": 1343322
        },
        "2015-01": {
            "month": "2015-01",
            "price": "24.23",
            "revenue": 1331357
        },
        "2015-02": {
            "month": "2015-02",
            "price": "23.20",
            "revenue": 1089936
        },
        "2015-03": {
            "month": "2015-03",
            "price": "23.15",
            "revenue": 1265677
        },
        "2015-04": {
            "month": "2015-04",
            "price": "21.84",
            "revenue": 1232754
        },
        "2015-05": {
            "month": "2015-05",
            "price": "20.44",
            "revenue": 1157856
        },
        "2015-06": {
            "month": "2015-06",
            "price": "19.09",
            "revenue": 1202041
        },
        "2015-07": {
            "month": "2015-07",
            "price": "18.35",
            "revenue": 1177697
        },
        "2015-08": {
            "month": "2015-08",
            "price": "17.25",
            "revenue": 1181807
        },
        "2015-09": {
            "month": "2015-09",
            "price": "17.17",
            "revenue": 1263306
        },
        "2015-10": {
            "month": "2015-10",
            "price": "17.91",
            "revenue": 1307650
        },
        "2015-11": {
            "month": "2015-11",
            "price": "17.92",
            "revenue": 1277419
        },
        "2015-12": {
            "month": "2015-12",
            "price": "16.49",
            "revenue": 1255299
        },
        "2016-01": {
            "month": "2016-01",
            "price": "15.44",
            "revenue": 1336720
        },
        "2016-02": {
            "month": "2016-02",
            "price": "15.68",
            "revenue": 1086812
        },
        "2016-03": {
            "month": "2016-03",
            "price": "16.59",
            "revenue": 1223608
        },
        "2016-04": {
            "month": "2016-04",
            "price": "16.07",
            "revenue": 1214058
        },
        "2016-05": {
            "month": "2016-05",
            "price": "16.52",
            "revenue": 1351112
        },
        "2016-06": {
            "month": "2016-06",
            "price": "17.10",
            "revenue": 1412531
        },
        "2016-07": {
            "month": "2016-07",
            "price": "17.71",
            "revenue": 1269006
        },
        "2016-08": {
            "month": "2016-08",
            "price": "18.75",
            "revenue": 1351259
        },
        "2016-09": {
            "month": "2016-09",
            "price": "19.18",
            "revenue": 1351438
        },
        "2016-10": {
            "month": "2016-10",
            "price": "20.40",
            "revenue": 1423692
        },
        "2016-11": {
            "month": "2016-11",
            "price": "21.14",
            "revenue": 1380273
        },
        "2016-12": {
            "month": "2016-12",
            "price": "20.81",
            "revenue": 1317963
        },
        "2017-01": {
            "month": "2017-01",
            "price": "20.90",
            "revenue": 1306404
        },
        "2017-02": {
            "month": "2017-02",
            "price": "21.61",
            "revenue": 1109032
        },
        "2017-03": {
            "month": "2017-03",
            "price": "22.77",
            "revenue": 1484891
        },
        "2017-04": {
            "month": "2017-04",
            "price": "23.47",
            "revenue": 1354381
        },
        "2017-05": {
            "month": "2017-05",
            "price": "23.02",
            "revenue": 1438905
        },
        "2017-06": {
            "month": "2017-06",
            "price": "23.70",
            "revenue": 1435675
        },
        "2017-07": {
            "month": "2017-07",
            "price": "23.38",
            "revenue": 1529105
        },
        "2017-08": {
            "month": "2017-08",
            "price": "21.62",
            "revenue": 1616154
        },
        "2017-09": {
            "month": "2017-09",
            "price": "22.36",
            "revenue": 1608600
        },
        "2017-10": {
            "month": "2017-10",
            "price": "22.55",
            "revenue": 1433236
        },
        "2017-11": {
            "month": "2017-11",
            "price": "22.05",
            "revenue": 1526310
        },
        "2017-12": {
            "month": "2017-12",
            "price": "21.09",
            "revenue": 1407945
        },
        "2018-01": {
            "month": "2018-01",
            "price": "21.37",
            "revenue": 1353854
        },
        "2018-02": {
            "month": "2018-02",
            "price": "21.17",
            "revenue": 1213499
        },
        "2018-03": {
            "month": "2018-03",
            "price": "21.35",
            "revenue": 1351277
        },
        "2018-04": {
            "month": "2018-04",
            "price": "20.91",
            "revenue": 1340872
        },
        "2018-05": {
            "month": "2018-05",
            "price": "20.71",
            "revenue": 1458907
        },
        "2018-06": {
            "month": "2018-06",
            "price": "20.56",
            "revenue": 1417867
        },
        "2018-07": {
            "month": "2018-07",
            "price": "20.20",
            "revenue": 1513501
        },
        "2018-08": {
            "month": "2018-08",
            "price": "20.02",
            "revenue": 1538037
        },
        "2018-09": {
            "month": "2018-09",
            "price": "19.53",
            "revenue": 1702715
        },
        "2018-10": {
            "month": "2018-10",
            "price": "19.29",
            "revenue": 1814980
        },
        "2018-11": {
            "month": "2018-11",
            "price": "19.75",
            "revenue": 1586863
        },
        "2018-12": {
            "month": "2018-12",
            "price": "19.75",
            "revenue": 1578216
        },
        "2019-01": {
            "month": "2019-01",
            "price": "19.75",
            "revenue": 1556859
        },
        "2019-02": {
            "month": "2019-02",
            "price": "20.18",
            "revenue": 1109632
        },
        "2019-03": {
            "month": "2019-03",
            "price": "20.88",
            "revenue": 1435478
        },
        "2019-04": {
            "month": "2019-04",
            "price": "21.66",
            "revenue": 1354357
        },
        "2019-05": {
            "month": "2019-05",
            "price": "21.78",
            "revenue": 1453262
        },
        "2019-06": {
            "month": "2019-06",
            "price": "22.23",
            "revenue": 1375281
        },
        "2019-07": {
            "month": "2019-07",
            "price": "21.73",
            "revenue": 1444392
        },
        "2019-08": {
            "month": "2019-08",
            "price": "22.77",
            "revenue": 1456716
        },
        "2019-09": {
            "month": "2019-09",
            "price": "24.75",
            "revenue": 1494544
        },
        "2019-10": {
            "month": "2019-10",
            "price": "24.34",
            "revenue": 1461631
        },
        "2019-11": {
            "month": "2019-11",
            "price": "25.52",
            "revenue": 1585892
        },
        "2019-12": {
            "month": "2019-12",
            "price": "26.61",
            "revenue": 1507557
        },
        "2020-01": {
            "month": "2020-01",
            "price": "27.83",
            "revenue": 1315264
        },
        "2020-02": {
            "month": "2020-02",
            "price": "26.58",
            "revenue": 1177302
        },
        "2020-03": {
            "month": "2020-03",
            "price": "23.24",
            "revenue": 1649586
        },
        "2020-04": {
            "month": "2020-04",
            "price": "23.83",
            "revenue": 2141200
        },
        "2020-05": {
            "month": "2020-05",
            "price": "28.52",
            "revenue": 2715551
        },
        "2020-06": {
            "month": "2020-06",
            "price": "35.92",
            "revenue": 2079707
        },
        "2020-07": {
            "month": "2020-07",
            "price": "38.21",
            "revenue": 1797452
        },
        "2020-08": {
            "month": "2020-08",
            "price": "53.47",
            "revenue": 1811887
        },
        "2020-09": {
            "month": "2020-09",
            "price": "62.41",
            "revenue": 1793842
        },
        "2020-10": {
            "month": "2020-10",
            "price": "62.55",
            "revenue": 1927700
        },
        "2020-11": {
            "month": "2020-11",
            "price": "66.31",
            "revenue": 2040396
        },
        "2020-12": {
            "month": "2020-12",
            "price": "66.95",
            "revenue": 2147789
        },
        "2021-01": {
            "month": "2021-01",
            "price": "60.16",
            "revenue": 2553567
        },
        "2021-02": {
            "month": "2021-02",
            "price": "62.27",
            "revenue": 2016961
        },
        "2021-03": {
            "month": "2021-03",
            "price": "72.62",
            "revenue": 2323794
        },
        "2021-04": {
            "month": "2021-04",
            "price": "79.91",
            "revenue": 2618891
        },
        "2021-05": {
            "month": "2021-05",
            "price": "75.70",
            "revenue": 2837153
        },
        "2021-06": {
            "month": "2021-06",
            "price": "125.93",
            "revenue": 2940103
        },
        "2021-07": {
            "month": "2021-07",
            "price": "114.45",
            "revenue": 3115156
        },
        "2021-08": {
            "month": "2021-08",
            "price": "110.45",
            "revenue": 3473187
        },
        "2021-09": {
            "month": "2021-09",
            "price": "103.35",
            "revenue": 3838264
        },
        "2021-10": {
            "month": "2021-10",
            "price": "87.06",
            "revenue": 4071247
        },
        "2021-11": {
            "month": "2021-11",
            "price": "98.60",
            "revenue": 4441455
        },
        "2021-12": {
            "month": "2021-12",
            "price": "105.48",
            "revenue": 4623411
        },
        "2022-01": {
            "month": "2022-01",
            "price": "103.18",
            "revenue": 4149450
        },
        "2022-02": {
            "month": "2022-02",
            "price": "101.59",
            "revenue": 3081457
        },
        "2022-03": {
            "month": "2022-03",
            "price": "104.03",
            "revenue": 4228962
        },
        "2022-04": {
            "month": "2022-04",
            "price": "106.21",
            "revenue": 4008188
        },
        "2022-05": {
            "month": "2022-05",
            "price": "107.74",
            "revenue": 3866545
        },
        "2022-06": {
            "month": "2022-06",
            "price": "90.52",
            "revenue": 3684407
        },
        "2022-07": {
            "month": "2022-07",
            "price": "70.97",
            "revenue": 3584822
        },
        "2022-08": {
            "month": "2022-08",
            "price": "79.76",
            "revenue": 3432528
        },
        "2022-09": {
            "month": "2022-09",
            "price": "69.65",
            "revenue": 3077677
        },
        "2022-10": {
            "month": "2022-10",
            "price": "61.86",
            "revenue": 2884387
        },
        "2022-11": {
            "month": "2022-11",
            "price": "69.39",
            "revenue": 2522646
        },
        "2022-12": {
            "month": "2022-12",
            "price": "71.39",
            "revenue": 2292044
        },
        "2023-01": {
            "month": "2023-01",
            "price": "71.44",
            "revenue": 1901750
        },
        "2023-02": {
            "month": "2023-02",
            "price": "75.22",
            "revenue": 1593358
        },
        "2023-03": {
            "month": "2023-03",
            "price": "82.24",
            "revenue": 1825027
        },
        "2023-04": {
            "month": "2023-04",
            "price": "86.34",
            "revenue": 1685187
        },
        "2023-05": {
            "month": "2023-05",
            "price": "85.08",
            "revenue": 1768285
        },
        "2023-06": {
            "month": "2023-06",
            "price": "89.96",
            "revenue": 1665612
        },
        "2023-07": {
            "month": "2023-07",
            "price": "73.55",
            "revenue": 1703314
        },
        "2023-08": {
            "month": "2023-08",
            "price": "75.18",
            "revenue": 1705817
        },
        "2023-09": {
            "month": "2023-09",
            "price": "79.10",
            "revenue": 1817018
        },
        "2023-10": {
            "month": "2023-10",
            "price": "77.99",
            "revenue": 1945211
        },
        "2023-11": {
            "month": "2023-11",
            "price": "79.50",
            "revenue": 1960135
        },
        "2023-12": {
            "month": "2023-12",
            "price": "83.08",
            "revenue": 1929133
        },
        "2024-01": {
            "month": "2024-01",
            "price": "86.18",
            "revenue": 1901011
        },
        "2024-02": {
            "month": "2024-02",
            "price": "84.49",
            "revenue": 1591835
        }
    }
}
