{
    "summary": {
        "stock_name": "劍湖山",
        "stock_id": "5701",
        "category": "觀光餐旅",
        "main_business": "觀光遊樂業<br>觀光旅館業",
        "website_url": "http://www.janfusun.com.tw",
        "ceo": "謝顯爵",
        "pe_ratio": -17,
        "report_year_from": 2001,
        "report_year_to": 2023,
        "age": 23,
        "eps_negative_percentage": 87,
        "eps_growth_avg": {
            "last_all": -59.52,
            "last_2y": null,
            "last_4y": null,
            "last_8y": null,
            "last_12y": null,
            "last_16y": null,
            "last_20y": -59.52,
            "at_2006_last_3y": -59.52,
            "at_2007_last_3y": -59.52,
            "at_2008_last_3y": -64.29,
            "at_2009_last_3y": -100,
            "at_2010_last_3y": null,
            "at_2011_last_3y": null,
            "at_2012_last_3y": null,
            "at_2013_last_3y": null,
            "at_2014_last_3y": null,
            "at_2015_last_3y": null,
            "at_2016_last_3y": null,
            "at_2017_last_3y": null,
            "at_2018_last_3y": null,
            "at_2019_last_3y": null,
            "at_2020_last_3y": null,
            "at_2021_last_3y": null,
            "at_2022_last_3y": null,
            "at_2023_last_3y": null,
            "at_2024_last_3y": null,
            "at_2006_last_all": -59.52,
            "at_2007_last_all": -59.52,
            "at_2008_last_all": -59.52,
            "at_2009_last_all": -59.52,
            "at_2010_last_all": -59.52,
            "at_2011_last_all": -59.52,
            "at_2012_last_all": -59.52,
            "at_2013_last_all": -59.52,
            "at_2014_last_all": -59.52,
            "at_2015_last_all": -59.52,
            "at_2016_last_all": -59.52,
            "at_2017_last_all": -59.52,
            "at_2018_last_all": -59.52,
            "at_2019_last_all": -59.52,
            "at_2020_last_all": -59.52,
            "at_2021_last_all": -59.52,
            "at_2022_last_all": -59.52,
            "at_2023_last_all": -59.52,
            "at_2024_last_all": -59.52
        },
        "latest_eps": -0.34,
        "latest_price": 5.85,
        "latest_roe": -8.22,
        "latest_gross_margin": 51.54,
        "latest_equity": 675011,
        "latest_revenue": 151762,
        "latest_gross_profit": 78215,
        "latest_net_income": -3440,
        "latest_debt_ratio": 74.75,
        "latest_current_ratio": 13.5,
        "latest_account_receivable_turnover_ratio": 10.18,
        "latest_inventory_turnover_ratio": 7.67,
        "latest_reinvestment_rate": null,
        "latest_research_to_sale_ratio": null
    },
    "eps_dividends": {
        "1998": {
            "cash": 0,
            "stock": 2,
            "eps": 0
        },
        "1999": {
            "cash": 1,
            "stock": 2,
            "eps": 0
        },
        "2000": {
            "cash": 0.5,
            "stock": 1,
            "eps": 0
        },
        "2001": {
            "cash": 0,
            "stock": 0.3,
            "eps": -0.9
        },
        "2002": {
            "cash": 0,
            "stock": 0,
            "eps": -0.45
        },
        "2003": {
            "cash": 0,
            "stock": 0,
            "eps": 0.14
        },
        "2004": {
            "cash": 0,
            "stock": 0,
            "eps": 0.07
        },
        "2005": {
            "cash": 0,
            "stock": 0,
            "eps": 0.05
        },
        "2006": {
            "cash": 0,
            "stock": 0,
            "eps": -1.58
        },
        "2007": {
            "cash": 0,
            "stock": 0,
            "eps": -1.41
        },
        "2008": {
            "cash": 0,
            "stock": 0,
            "eps": -1.88
        },
        "2009": {
            "cash": 0,
            "stock": 0,
            "eps": -2.52
        },
        "2010": {
            "cash": 0,
            "stock": 0,
            "eps": -1.08
        },
        "2011": {
            "cash": 0,
            "stock": 0,
            "eps": -0.98
        },
        "2012": {
            "cash": 0,
            "stock": 0,
            "eps": -1.51
        },
        "2013": {
            "cash": 0,
            "stock": 0,
            "eps": -1.24
        },
        "2014": {
            "cash": 0,
            "stock": 0,
            "eps": -1.45
        },
        "2015": {
            "cash": 0,
            "stock": 0,
            "eps": -1.27
        },
        "2016": {
            "cash": 0,
            "stock": 0,
            "eps": -1.38
        },
        "2017": {
            "cash": 0,
            "stock": 0,
            "eps": -1.28
        },
        "2018": {
            "cash": 0,
            "stock": 0,
            "eps": -0.43
        },
        "2019": {
            "cash": 0,
            "stock": 0,
            "eps": -0.76
        },
        "2020": {
            "cash": 0,
            "stock": 0,
            "eps": -0.54
        },
        "2021": {
            "cash": 0,
            "stock": 0,
            "eps": -0.64
        },
        "2022": {
            "cash": 0,
            "stock": 0,
            "eps": -0.29
        },
        "2023": {
            "cash": 0,
            "stock": 0,
            "eps": -0.34
        }
    },
    "dividends": {
        "1998-04-25": {
            "cash": 0,
            "stock": 2
        },
        "1999-05-28": {
            "cash": 1,
            "stock": 2
        },
        "2000-05-30": {
            "cash": 0.5,
            "stock": 1
        },
        "2001-05-30": {
            "cash": 0,
            "stock": 0.3
        }
    },
    "prices": {
        "200101": "17.71",
        "200102": "18.48",
        "200103": "15.49",
        "200104": "14.42",
        "200105": "14.05",
        "200106": "13.39",
        "200107": "10.80",
        "200108": "10.55",
        "200109": "9.62",
        "200110": "8.80",
        "200111": "8.68",
        "200112": "9.11",
        "200201": "9.96",
        "200202": "9.79",
        "200203": "9.17",
        "200204": "9.80",
        "200205": "9.31",
        "200206": "9.95",
        "200207": "10.92",
        "200208": "9.94",
        "200209": "8.36",
        "200210": "7.17",
        "200211": "7.95",
        "200212": "10.70",
        "200301": "11.49",
        "200302": "9.50",
        "200303": "8.18",
        "200304": "7.56",
        "200305": "6.64",
        "200306": "8.25",
        "200307": "8.39",
        "200308": "8.67",
        "200309": "7.47",
        "200310": "7.86",
        "200311": "8.05",
        "200312": "9.78",
        "200401": "11.46",
        "200402": "13.10",
        "200403": "11.95",
        "200404": "10.97",
        "200405": "10.71",
        "200406": "10.91",
        "200407": "9.66",
        "200408": "8.49",
        "200409": "8.70",
        "200410": "8.92",
        "200411": "9.12",
        "200412": "11.13",
        "200501": "11.44",
        "200502": "10.92",
        "200503": "11.97",
        "200504": "11.52",
        "200505": "16.22",
        "200506": "23.36",
        "200507": "21.46",
        "200508": "22.29",
        "200509": "18.60",
        "200510": "17.57",
        "200511": "17.21",
        "200512": "20.81",
        "200601": "18.39",
        "200602": "17.36",
        "200603": "17.19",
        "200604": "20.01",
        "200605": "20.91",
        "200606": "20.92",
        "200607": "19.77",
        "200608": "18.95",
        "200609": "17.92",
        "200610": "18.25",
        "200611": "18.16",
        "200612": "21.40",
        "200701": "19.56",
        "200702": "20.88",
        "200703": "19.75",
        "200704": "20.20",
        "200705": "18.03",
        "200706": "18.37",
        "200707": "19.06",
        "200708": "16.05",
        "200709": "14.14",
        "200710": "13.91",
        "200711": "12.60",
        "200712": "12.51",
        "200801": "15.15",
        "200802": "16.67",
        "200803": "18.79",
        "200804": "21.34",
        "200805": "21.56",
        "200806": "19.17",
        "200807": "12.52",
        "200808": "12.31",
        "200809": "10.64",
        "200810": "7.97",
        "200811": "6.32",
        "200812": "7.29",
        "200901": "7.87",
        "200902": "7.15",
        "200903": "8.04",
        "200904": "12.36",
        "200905": "12.66",
        "200906": "14.16",
        "200907": "16.01",
        "200908": "12.20",
        "200909": "12.46",
        "200910": "11.92",
        "200911": "11.92",
        "200912": "13.05",
        "201001": "13.59",
        "201002": "12.57",
        "201003": "12.15",
        "201004": "12.15",
        "201005": "10.83",
        "201006": "11.70",
        "201007": "11.83",
        "201008": "11.62",
        "201009": "10.68",
        "201010": "10.41",
        "201011": "10.09",
        "201012": "10.70",
        "201101": "11.27",
        "201102": "10.30",
        "201103": "9.52",
        "201104": "9.94",
        "201105": "10.03",
        "201106": "10.30",
        "201107": "9.39",
        "201108": "7.36",
        "201109": "6.79",
        "201110": "6.72",
        "201111": "6.46",
        "201112": "5.59",
        "201201": "5.95",
        "201202": "7.00",
        "201203": "6.71",
        "201204": "5.83",
        "201205": "5.52",
        "201206": "5.42",
        "201207": "5.62",
        "201208": "5.35",
        "201209": "5.21",
        "201210": "5.00",
        "201211": "4.26",
        "201212": "4.63",
        "201301": "5.24",
        "201302": "5.07",
        "201303": "4.69",
        "201304": "4.25",
        "201305": "4.39",
        "201306": "4.33",
        "201307": "4.26",
        "201308": "3.88",
        "201309": "4.22",
        "201310": "5.86",
        "201311": "5.29",
        "201312": "5.77",
        "201401": "5.78",
        "201402": "5.36",
        "201403": "5.24",
        "201404": "5.23",
        "201405": "5.33",
        "201406": "5.47",
        "201407": "5.91",
        "201408": "5.34",
        "201409": "5.15",
        "201410": "4.69",
        "201411": "4.61",
        "201412": "4.72",
        "201501": "4.85",
        "201502": "4.78",
        "201503": "4.69",
        "201504": "4.55",
        "201505": "4.56",
        "201506": "4.18",
        "201507": "3.88",
        "201508": "3.28",
        "201509": "3.20",
        "201510": "3.34",
        "201511": "3.50",
        "201512": "3.38",
        "201601": "3.13",
        "201602": "3.00",
        "201603": "3.03",
        "201604": "2.94",
        "201605": "2.84",
        "201606": "2.82",
        "201607": "2.83",
        "201608": "2.90",
        "201609": "3.00",
        "201610": "2.84",
        "201611": "2.48",
        "201612": "2.69",
        "201701": "2.87",
        "201702": "2.95",
        "201703": "2.98",
        "201704": "2.89",
        "201705": "2.86",
        "201706": "2.96",
        "201707": "2.90",
        "201708": "2.53",
        "201709": "2.18",
        "201710": "2.25",
        "201711": "2.15",
        "201712": "2.27",
        "201801": "2.35",
        "201802": "2.36",
        "201803": "2.36",
        "201804": "2.15",
        "201805": "2.22",
        "201806": "2.28",
        "201807": "2.14",
        "201808": "2.08",
        "201809": "2.05",
        "201810": "1.97",
        "201811": "1.91",
        "201812": "2.15",
        "201901": "2.03",
        "201902": "2.01",
        "201903": "1.94",
        "201904": "1.87",
        "201905": "1.96",
        "201906": "1.88",
        "201907": "1.84",
        "201908": "1.82",
        "201909": "1.78",
        "201910": "1.69",
        "201911": "1.81",
        "201912": "1.82",
        "202001": "1.80",
        "202002": "1.64",
        "202003": "1.28",
        "202004": "1.21",
        "202005": "1.56",
        "202006": "3.18",
        "202007": "3.50",
        "202008": "2.64",
        "202009": "3.01",
        "202010": "3.04",
        "202011": "2.85",
        "202012": "2.87",
        "202101": "2.57",
        "202102": "2.58",
        "202103": "2.76",
        "202104": "2.89",
        "202105": "2.63",
        "202106": "2.83",
        "202107": "3.81",
        "202108": "3.33",
        "202109": "3.19",
        "202110": "3.37",
        "202111": "3.17",
        "202112": "3.06",
        "202201": "3.10",
        "202202": "3.08",
        "202203": "3.11",
        "202204": "3.00",
        "202205": "2.94",
        "202206": "3.24",
        "202207": "3.20",
        "202208": "3.08",
        "202209": "3.04",
        "202210": "2.95",
        "202211": "2.96",
        "202212": "2.96",
        "202301": "2.99",
        "202302": "3.48",
        "202303": "3.98",
        "202304": "4.85",
        "202305": "8.02",
        "202306": "9.24",
        "202307": "8.42",
        "202308": "7.39",
        "202309": "6.94",
        "202310": "6.97",
        "202311": "6.99",
        "202312": "6.85"
    },
    "quarters": {
        "20011": {
            "year_quarter": 20011,
            "year": 2001,
            "quarter": 1,
            "eps": 0.11,
            "eps_growth_year": -64.52,
            "eps_4q": -0.17,
            "eps_4q_growth_year": -116.11,
            "roe": 0.63,
            "roe_4q": 0.63,
            "gross_profit": 41905,
            "gross_margin": 20.21,
            "gross_margin_4q_avg": 20.21,
            "net_income": 21707,
            "net_income_4q": null,
            "revenue": 207375,
            "revenue_4q": null,
            "common_shares": 2048606,
            "book_valuer_per_share": 16.81,
            "book_valuer_per_share_4q_avg": 16.81,
            "equity": 3442837,
            "current_ratio": 46.53,
            "debt_ratio": 30.44,
            "inventory_turnover_ratio": 11.29,
            "account_receivable_turnover_ratio": null,
            "reinvestment_rate": null,
            "research_to_sale_ratio": null,
            "price_fair": 0,
            "eps_avg_yearly": 0,
            "eps_latest_yearly": 0,
            "eps_growth_yearly": 0
        },
        "20012": {
            "year_quarter": 20012,
            "year": 2001,
            "quarter": 2,
            "eps": -0.53,
            "eps_growth_year": null,
            "eps_4q": -0.48,
            "eps_4q_growth_year": -272.13,
            "roe": -3.21,
            "roe_4q": -2.58,
            "gross_profit": 4163,
            "gross_margin": 2.99,
            "gross_margin_4q_avg": 11.6,
            "net_income": -108665,
            "net_income_4q": null,
            "revenue": 139052,
            "revenue_4q": null,
            "common_shares": 2048606,
            "book_valuer_per_share": 16.23,
            "book_valuer_per_share_4q_avg": 16.52,
            "equity": 3325375,
            "current_ratio": 28.83,
            "debt_ratio": 32.99,
            "inventory_turnover_ratio": 8.71,
            "account_receivable_turnover_ratio": null,
            "reinvestment_rate": null,
            "research_to_sale_ratio": null,
            "price_fair": 0,
            "eps_avg_yearly": 0,
            "eps_latest_yearly": 0,
            "eps_growth_yearly": 0
        },
        "20013": {
            "year_quarter": 20013,
            "year": 2001,
            "quarter": 3,
            "eps": -0.39,
            "eps_growth_year": null,
            "eps_4q": -0.62,
            "eps_4q_growth_year": -2675.21,
            "roe": -2.48,
            "roe_4q": -5.06,
            "gross_profit": -19287,
            "gross_margin": -15.6,
            "gross_margin_4q_avg": 2.53,
            "net_income": -81449,
            "net_income_4q": null,
            "revenue": 123599,
            "revenue_4q": null,
            "common_shares": 2110064,
            "book_valuer_per_share": 15.32,
            "book_valuer_per_share_4q_avg": 16.12,
            "equity": 3232525,
            "current_ratio": 26.05,
            "debt_ratio": 35.75,
            "inventory_turnover_ratio": 9.46,
            "account_receivable_turnover_ratio": null,
            "reinvestment_rate": null,
            "research_to_sale_ratio": null,
            "price_fair": 0,
            "eps_avg_yearly": 0,
            "eps_latest_yearly": 0,
            "eps_growth_yearly": 0
        },
        "20014": {
            "year_quarter": 20014,
            "year": 2001,
            "quarter": 4,
            "eps": -0.09,
            "eps_growth_year": -150,
            "eps_4q": -0.89,
            "eps_4q_growth_year": -6120.6,
            "roe": -0.61,
            "roe_4q": -5.67,
            "gross_profit": 49989,
            "gross_margin": 23.53,
            "gross_margin_4q_avg": 7.78,
            "net_income": -19721,
            "net_income_4q": null,
            "revenue": 212428,
            "revenue_4q": null,
            "common_shares": 2110064,
            "book_valuer_per_share": 15.31,
            "book_valuer_per_share_4q_avg": 15.92,
            "equity": 3226645,
            "current_ratio": 26.1,
            "debt_ratio": 40.26,
            "inventory_turnover_ratio": 10.22,
            "account_receivable_turnover_ratio": null,
            "reinvestment_rate": null,
            "research_to_sale_ratio": null,
            "price_fair": 0,
            "eps_avg_yearly": 0,
            "eps_latest_yearly": 0,
            "eps_growth_yearly": 0
        },
        "20021": {
            "year_quarter": 20021,
            "year": 2002,
            "quarter": 1,
            "eps": 0.01,
            "eps_growth_year": -90.91,
            "eps_4q": -1.09,
            "eps_4q_growth_year": null,
            "roe": 0.06,
            "roe_4q": -6.24,
            "gross_profit": 73928,
            "gross_margin": 29.07,
            "gross_margin_4q_avg": 10,
            "net_income": 1901,
            "net_income_4q": null,
            "revenue": 254316,
            "revenue_4q": null,
            "common_shares": 2110064,
            "book_valuer_per_share": 15.33,
            "book_valuer_per_share_4q_avg": 15.55,
            "equity": 3235422,
            "current_ratio": 28.85,
            "debt_ratio": 41.67,
            "inventory_turnover_ratio": 9.25,
            "account_receivable_turnover_ratio": null,
            "reinvestment_rate": null,
            "research_to_sale_ratio": null,
            "price_fair": 0,
            "eps_avg_yearly": 0,
            "eps_latest_yearly": 0,
            "eps_growth_yearly": 0
        },
        "20022": {
            "year_quarter": 20022,
            "year": 2002,
            "quarter": 2,
            "eps": -0.71,
            "eps_growth_year": null,
            "eps_4q": -1.18,
            "eps_4q_growth_year": null,
            "roe": -4.76,
            "roe_4q": -7.790000000000001,
            "gross_profit": 5282,
            "gross_margin": 2.82,
            "gross_margin_4q_avg": 9.96,
            "net_income": -150370,
            "net_income_4q": null,
            "revenue": 187322,
            "revenue_4q": null,
            "common_shares": 2110064,
            "book_valuer_per_share": 14.61,
            "book_valuer_per_share_4q_avg": 15.14,
            "equity": 3083597,
            "current_ratio": 21.48,
            "debt_ratio": 42.85,
            "inventory_turnover_ratio": 8.96,
            "account_receivable_turnover_ratio": null,
            "reinvestment_rate": null,
            "research_to_sale_ratio": null,
            "price_fair": 0,
            "eps_avg_yearly": 0,
            "eps_latest_yearly": 0,
            "eps_growth_yearly": 0
        },
        "20023": {
            "year_quarter": 20023,
            "year": 2002,
            "quarter": 3,
            "eps": -0.11,
            "eps_growth_year": null,
            "eps_4q": -0.9,
            "eps_4q_growth_year": null,
            "roe": -0.73,
            "roe_4q": -6.040000000000001,
            "gross_profit": 125389,
            "gross_margin": 40.12,
            "gross_margin_4q_avg": 23.89,
            "net_income": -22513,
            "net_income_4q": null,
            "revenue": 312513,
            "revenue_4q": null,
            "common_shares": 2110064,
            "book_valuer_per_share": 14.45,
            "book_valuer_per_share_4q_avg": 14.93,
            "equity": 3049875,
            "current_ratio": 19.89,
            "debt_ratio": 46.13,
            "inventory_turnover_ratio": 9.64,
            "account_receivable_turnover_ratio": null,
            "reinvestment_rate": null,
            "research_to_sale_ratio": null,
            "price_fair": 0,
            "eps_avg_yearly": 0,
            "eps_latest_yearly": 0,
            "eps_growth_yearly": 0
        },
        "20024": {
            "year_quarter": 20024,
            "year": 2002,
            "quarter": 4,
            "eps": 0.36,
            "eps_growth_year": null,
            "eps_4q": -0.46,
            "eps_4q_growth_year": null,
            "roe": 2.44,
            "roe_4q": -2.9899999999999998,
            "gross_profit": 141287,
            "gross_margin": 39.2,
            "gross_margin_4q_avg": 27.8,
            "net_income": 75332,
            "net_income_4q": null,
            "revenue": 360467,
            "revenue_4q": null,
            "common_shares": 2110064,
            "book_valuer_per_share": 14.8,
            "book_valuer_per_share_4q_avg": 14.8,
            "equity": 3121988,
            "current_ratio": 20.1,
            "debt_ratio": 44.56,
            "inventory_turnover_ratio": 10.11,
            "account_receivable_turnover_ratio": null,
            "reinvestment_rate": null,
            "research_to_sale_ratio": null,
            "price_fair": 0,
            "eps_avg_yearly": 0,
            "eps_latest_yearly": 0,
            "eps_growth_yearly": 0
        },
        "20031": {
            "year_quarter": 20031,
            "year": 2003,
            "quarter": 1,
            "eps": 0.08,
            "eps_growth_year": 700,
            "eps_4q": -0.39,
            "eps_4q_growth_year": null,
            "roe": 0.53,
            "roe_4q": -2.52,
            "gross_profit": 125241,
            "gross_margin": 35.01,
            "gross_margin_4q_avg": 29.29,
            "net_income": 16610,
            "net_income_4q": null,
            "revenue": 357766,
            "revenue_4q": null,
            "common_shares": 2110064,
            "book_valuer_per_share": 14.85,
            "book_valuer_per_share_4q_avg": 14.68,
            "equity": 3134181,
            "current_ratio": 13.48,
            "debt_ratio": 44.11,
            "inventory_turnover_ratio": 9.96,
            "account_receivable_turnover_ratio": null,
            "reinvestment_rate": null,
            "research_to_sale_ratio": null,
            "price_fair": 0.96,
            "eps_avg_yearly": 0.32,
            "eps_latest_yearly": 0.32,
            "eps_growth_yearly": -311.11
        },
        "20032": {
            "year_quarter": 20032,
            "year": 2003,
            "quarter": 2,
            "eps": -0.42,
            "eps_growth_year": null,
            "eps_4q": -0.09,
            "eps_4q_growth_year": null,
            "roe": -2.85,
            "roe_4q": -0.6100000000000003,
            "gross_profit": 51217,
            "gross_margin": 22.92,
            "gross_margin_4q_avg": 34.31,
            "net_income": -88037,
            "net_income_4q": null,
            "revenue": 223471,
            "revenue_4q": null,
            "common_shares": 2110064,
            "book_valuer_per_share": 14.44,
            "book_valuer_per_share_4q_avg": 14.64,
            "equity": 3046840,
            "current_ratio": 14.57,
            "debt_ratio": 44.92,
            "inventory_turnover_ratio": 7.63,
            "account_receivable_turnover_ratio": null,
            "reinvestment_rate": null,
            "research_to_sale_ratio": null,
            "price_fair": 0.96,
            "eps_avg_yearly": 0.32,
            "eps_latest_yearly": 0.32,
            "eps_growth_yearly": -311.11
        },
        "20033": {
            "year_quarter": 20033,
            "year": 2003,
            "quarter": 3,
            "eps": 0.11,
            "eps_growth_year": null,
            "eps_4q": 0.13,
            "eps_4q_growth_year": null,
            "roe": 0.77,
            "roe_4q": 0.8899999999999999,
            "gross_profit": 237878,
            "gross_margin": 59.62,
            "gross_margin_4q_avg": 39.19,
            "net_income": 23422,
            "net_income_4q": null,
            "revenue": 399014,
            "revenue_4q": null,
            "common_shares": 2110064,
            "book_valuer_per_share": 14.56,
            "book_valuer_per_share_4q_avg": 14.66,
            "equity": 3072631,
            "current_ratio": 19.25,
            "debt_ratio": 45.1,
            "inventory_turnover_ratio": 7.36,
            "account_receivable_turnover_ratio": null,
            "reinvestment_rate": null,
            "research_to_sale_ratio": null,
            "price_fair": 0.96,
            "eps_avg_yearly": 0.32,
            "eps_latest_yearly": 0.32,
            "eps_growth_yearly": -311.11
        },
        "20034": {
            "year_quarter": 20034,
            "year": 2003,
            "quarter": 4,
            "eps": 0.37,
            "eps_growth_year": 2.78,
            "eps_4q": 0.14,
            "eps_4q_growth_year": null,
            "roe": 2.47,
            "roe_4q": 0.9200000000000002,
            "gross_profit": 169268,
            "gross_margin": 45.21,
            "gross_margin_4q_avg": 40.69,
            "net_income": 77057,
            "net_income_4q": null,
            "revenue": 374379,
            "revenue_4q": null,
            "common_shares": 2110064,
            "book_valuer_per_share": 14.99,
            "book_valuer_per_share_4q_avg": 14.71,
            "equity": 3162141,
            "current_ratio": 30.52,
            "debt_ratio": 44.56,
            "inventory_turnover_ratio": 8.75,
            "account_receivable_turnover_ratio": null,
            "reinvestment_rate": null,
            "research_to_sale_ratio": null,
            "price_fair": 31.5,
            "eps_avg_yearly": 0.9,
            "eps_latest_yearly": 1.48,
            "eps_growth_yearly": 317.17
        },
        "20041": {
            "year_quarter": 20041,
            "year": 2004,
            "quarter": 1,
            "eps": 0.05,
            "eps_growth_year": -37.5,
            "eps_4q": 0.11,
            "eps_4q_growth_year": null,
            "roe": 0.35,
            "roe_4q": 0.7400000000000002,
            "gross_profit": 161472,
            "gross_margin": 43.64,
            "gross_margin_4q_avg": 42.85,
            "net_income": 11016,
            "net_income_4q": null,
            "revenue": 370032,
            "revenue_4q": null,
            "common_shares": 2110064,
            "book_valuer_per_share": 15.1,
            "book_valuer_per_share_4q_avg": 14.77,
            "equity": 3185395,
            "current_ratio": 25.41,
            "debt_ratio": 44.75,
            "inventory_turnover_ratio": 8.12,
            "account_receivable_turnover_ratio": null,
            "reinvestment_rate": null,
            "research_to_sale_ratio": null,
            "price_fair": 23.33,
            "eps_avg_yearly": 0.67,
            "eps_latest_yearly": 0.2,
            "eps_growth_yearly": 96.13
        },
        "20042": {
            "year_quarter": 20042,
            "year": 2004,
            "quarter": 2,
            "eps": -0.38,
            "eps_growth_year": null,
            "eps_4q": 0.15,
            "eps_4q_growth_year": null,
            "roe": -2.57,
            "roe_4q": 1.0200000000000005,
            "gross_profit": 96833,
            "gross_margin": 34.46,
            "gross_margin_4q_avg": 45.73,
            "net_income": -80822,
            "net_income_4q": null,
            "revenue": 280968,
            "revenue_4q": null,
            "common_shares": 2110064,
            "book_valuer_per_share": 14.7,
            "book_valuer_per_share_4q_avg": 14.84,
            "equity": 3101891,
            "current_ratio": 17.4,
            "debt_ratio": 46.54,
            "inventory_turnover_ratio": 7.13,
            "account_receivable_turnover_ratio": null,
            "reinvestment_rate": null,
            "research_to_sale_ratio": null,
            "price_fair": 23.33,
            "eps_avg_yearly": 0.67,
            "eps_latest_yearly": 0.2,
            "eps_growth_yearly": 96.13
        },
        "20043": {
            "year_quarter": 20043,
            "year": 2004,
            "quarter": 3,
            "eps": 0.08,
            "eps_growth_year": -27.27,
            "eps_4q": 0.11,
            "eps_4q_growth_year": -11.5,
            "roe": 0.56,
            "roe_4q": 0.8100000000000005,
            "gross_profit": 214614,
            "gross_margin": 49.73,
            "gross_margin_4q_avg": 43.26,
            "net_income": 17271,
            "net_income_4q": null,
            "revenue": 431582,
            "revenue_4q": null,
            "common_shares": 2110064,
            "book_valuer_per_share": 14.76,
            "book_valuer_per_share_4q_avg": 14.89,
            "equity": 3114459,
            "current_ratio": 17.53,
            "debt_ratio": 46.59,
            "inventory_turnover_ratio": 8.67,
            "account_receivable_turnover_ratio": null,
            "reinvestment_rate": null,
            "research_to_sale_ratio": null,
            "price_fair": 23.33,
            "eps_avg_yearly": 0.67,
            "eps_latest_yearly": 0.2,
            "eps_growth_yearly": 96.13
        },
        "20044": {
            "year_quarter": 20044,
            "year": 2004,
            "quarter": 4,
            "eps": 0.32,
            "eps_growth_year": -13.51,
            "eps_4q": 0.07,
            "eps_4q_growth_year": -47.67,
            "roe": 2.16,
            "roe_4q": 0.5000000000000003,
            "gross_profit": 287011,
            "gross_margin": 54.18,
            "gross_margin_4q_avg": 45.5,
            "net_income": 68063,
            "net_income_4q": null,
            "revenue": 529781,
            "revenue_4q": null,
            "common_shares": 2110064,
            "book_valuer_per_share": 15.04,
            "book_valuer_per_share_4q_avg": 14.9,
            "equity": 3174064,
            "current_ratio": 22.97,
            "debt_ratio": 45.83,
            "inventory_turnover_ratio": 8.4,
            "account_receivable_turnover_ratio": null,
            "reinvestment_rate": null,
            "research_to_sale_ratio": null,
            "price_fair": 28.7,
            "eps_avg_yearly": 0.82,
            "eps_latest_yearly": 1.28,
            "eps_growth_yearly": 372.1
        },
        "20051": {
            "year_quarter": 20051,
            "year": 2005,
            "quarter": 1,
            "eps": 0.11,
            "eps_growth_year": 120,
            "eps_4q": 0.13,
            "eps_4q_growth_year": 24,
            "roe": 0.71,
            "roe_4q": 0.8600000000000003,
            "gross_profit": 268017,
            "gross_margin": 51.3,
            "gross_margin_4q_avg": 47.42,
            "net_income": 22531,
            "net_income_4q": null,
            "revenue": 522469,
            "revenue_4q": null,
            "common_shares": 2110064,
            "book_valuer_per_share": 15.22,
            "book_valuer_per_share_4q_avg": 14.93,
            "equity": 3210555,
            "current_ratio": 20.41,
            "debt_ratio": 45.4,
            "inventory_turnover_ratio": 6.04,
            "account_receivable_turnover_ratio": null,
            "reinvestment_rate": null,
            "research_to_sale_ratio": null,
            "price_fair": 26.04,
            "eps_avg_yearly": 0.74,
            "eps_latest_yearly": 0.44,
            "eps_growth_yearly": 245.18
        },
        "20052": {
            "year_quarter": 20052,
            "year": 2005,
            "quarter": 2,
            "eps": -0.1,
            "eps_growth_year": null,
            "eps_4q": 0.41,
            "eps_4q_growth_year": 182.46,
            "roe": -0.66,
            "roe_4q": 2.77,
            "gross_profit": 126345,
            "gross_margin": 38.14,
            "gross_margin_4q_avg": 48.34,
            "net_income": -21225,
            "net_income_4q": null,
            "revenue": 331278,
            "revenue_4q": null,
            "common_shares": 2110064,
            "book_valuer_per_share": 15.1,
            "book_valuer_per_share_4q_avg": 15.03,
            "equity": 3185620,
            "current_ratio": 25.88,
            "debt_ratio": 45.38,
            "inventory_turnover_ratio": 1.79,
            "account_receivable_turnover_ratio": null,
            "reinvestment_rate": null,
            "research_to_sale_ratio": null,
            "price_fair": 26.04,
            "eps_avg_yearly": 0.74,
            "eps_latest_yearly": 0.44,
            "eps_growth_yearly": 245.18
        },
        "20053": {
            "year_quarter": 20053,
            "year": 2005,
            "quarter": 3,
            "eps": 0.02,
            "eps_growth_year": -75,
            "eps_4q": 0.41,
            "eps_4q_growth_year": 258.79,
            "roe": 0.11,
            "roe_4q": 2.3200000000000003,
            "gross_profit": 208489,
            "gross_margin": 48.2,
            "gross_margin_4q_avg": 47.96,
            "net_income": 3580,
            "net_income_4q": null,
            "revenue": 432542,
            "revenue_4q": null,
            "common_shares": 2110064,
            "book_valuer_per_share": 15.33,
            "book_valuer_per_share_4q_avg": 15.17,
            "equity": 3235771,
            "current_ratio": 29.8,
            "debt_ratio": 45.36,
            "inventory_turnover_ratio": 1.26,
            "account_receivable_turnover_ratio": null,
            "reinvestment_rate": null,
            "research_to_sale_ratio": null,
            "price_fair": 26.04,
            "eps_avg_yearly": 0.74,
            "eps_latest_yearly": 0.44,
            "eps_growth_yearly": 245.18
        },
        "20054": {
            "year_quarter": 20054,
            "year": 2005,
            "quarter": 4,
            "eps": 0.02,
            "eps_growth_year": -93.75,
            "eps_4q": 0.04,
            "eps_4q_growth_year": -45.24,
            "roe": 0.13,
            "roe_4q": 0.2899999999999999,
            "gross_profit": 200280,
            "gross_margin": 46.19,
            "gross_margin_4q_avg": 45.96,
            "net_income": 4891,
            "net_income_4q": null,
            "revenue": 433559,
            "revenue_4q": null,
            "common_shares": 2670064,
            "book_valuer_per_share": 15.65,
            "book_valuer_per_share_4q_avg": 15.33,
            "equity": 4212299,
            "current_ratio": 54.68,
            "debt_ratio": 33.95,
            "inventory_turnover_ratio": 1.24,
            "account_receivable_turnover_ratio": null,
            "reinvestment_rate": null,
            "research_to_sale_ratio": null,
            "price_fair": 22.17,
            "eps_avg_yearly": 0.63,
            "eps_latest_yearly": 0.08,
            "eps_growth_yearly": 204.32
        },
        "20061": {
            "year_quarter": 20061,
            "year": 2006,
            "quarter": 1,
            "eps": -0.14,
            "eps_growth_year": -227.27,
            "eps_4q": -0.19,
            "eps_4q_growth_year": -242.56,
            "roe": -0.89,
            "roe_4q": -1.31,
            "gross_profit": 178659,
            "gross_margin": 44.04,
            "gross_margin_4q_avg": 44.14,
            "net_income": -37032,
            "net_income_4q": null,
            "revenue": 405681,
            "revenue_4q": null,
            "common_shares": 2670064,
            "book_valuer_per_share": 15.51,
            "book_valuer_per_share_4q_avg": 15.4,
            "equity": 4140506,
            "current_ratio": 40.23,
            "debt_ratio": 33.66,
            "inventory_turnover_ratio": 1.2,
            "account_receivable_turnover_ratio": null,
            "reinvestment_rate": null,
            "research_to_sale_ratio": null,
            "price_fair": 22.17,
            "eps_avg_yearly": 0.63,
            "eps_latest_yearly": 0.08,
            "eps_growth_yearly": 204.32
        },
        "20062": {
            "year_quarter": 20062,
            "year": 2006,
            "quarter": 2,
            "eps": -0.56,
            "eps_growth_year": null,
            "eps_4q": -0.67,
            "eps_4q_growth_year": -262.54,
            "roe": -3.67,
            "roe_4q": -4.319999999999999,
            "gross_profit": 83788,
            "gross_margin": 29.28,
            "gross_margin_4q_avg": 41.93,
            "net_income": -149643,
            "net_income_4q": null,
            "revenue": 286191,
            "revenue_4q": null,
            "common_shares": 2670064,
            "book_valuer_per_share": 15,
            "book_valuer_per_share_4q_avg": 15.37,
            "equity": 4004086,
            "current_ratio": 29.46,
            "debt_ratio": 37.03,
            "inventory_turnover_ratio": 1.14,
            "account_receivable_turnover_ratio": null,
            "reinvestment_rate": null,
            "research_to_sale_ratio": null,
            "price_fair": 22.17,
            "eps_avg_yearly": 0.63,
            "eps_latest_yearly": 0.08,
            "eps_growth_yearly": 204.32
        },
        "20063": {
            "year_quarter": 20063,
            "year": 2006,
            "quarter": 3,
            "eps": -0.2,
            "eps_growth_year": -1100,
            "eps_4q": -0.88,
            "eps_4q_growth_year": -315.71,
            "roe": -1.33,
            "roe_4q": -5.76,
            "gross_profit": 249761,
            "gross_margin": 48.29,
            "gross_margin_4q_avg": 41.95,
            "net_income": -52940,
            "net_income_4q": null,
            "revenue": 517217,
            "revenue_4q": null,
            "common_shares": 2670064,
            "book_valuer_per_share": 14.81,
            "book_valuer_per_share_4q_avg": 15.24,
            "equity": 3953743,
            "current_ratio": 29.27,
            "debt_ratio": 39.02,
            "inventory_turnover_ratio": 1.48,
            "account_receivable_turnover_ratio": null,
            "reinvestment_rate": null,
            "research_to_sale_ratio": null,
            "price_fair": 22.17,
            "eps_avg_yearly": 0.63,
            "eps_latest_yearly": 0.08,
            "eps_growth_yearly": 204.32
        },
        "20064": {
            "year_quarter": 20064,
            "year": 2006,
            "quarter": 4,
            "eps": -0.68,
            "eps_growth_year": -3500,
            "eps_4q": -1.57,
            "eps_4q_growth_year": -4027.91,
            "roe": -4.68,
            "roe_4q": -10.57,
            "gross_profit": 211412,
            "gross_margin": 42.56,
            "gross_margin_4q_avg": 41.04,
            "net_income": -181470,
            "net_income_4q": null,
            "revenue": 496771,
            "revenue_4q": null,
            "common_shares": 2670064,
            "book_valuer_per_share": 14.11,
            "book_valuer_per_share_4q_avg": 14.86,
            "equity": 3799939,
            "current_ratio": 27.16,
            "debt_ratio": 42.45,
            "inventory_turnover_ratio": 1.32,
            "account_receivable_turnover_ratio": null,
            "reinvestment_rate": null,
            "research_to_sale_ratio": null,
            "price_fair": 22.17,
            "eps_avg_yearly": 0.63,
            "eps_latest_yearly": 0.08,
            "eps_growth_yearly": 204.32
        },
        "20071": {
            "year_quarter": 20071,
            "year": 2007,
            "quarter": 1,
            "eps": 0.02,
            "eps_growth_year": null,
            "eps_4q": -1.24,
            "eps_4q_growth_year": null,
            "roe": 0.16,
            "roe_4q": -9.52,
            "gross_profit": 242738,
            "gross_margin": 48.9,
            "gross_margin_4q_avg": 42.26,
            "net_income": 6120,
            "net_income_4q": null,
            "revenue": 496439,
            "revenue_4q": null,
            "common_shares": 2670064,
            "book_valuer_per_share": 14.23,
            "book_valuer_per_share_4q_avg": 14.54,
            "equity": 3799234,
            "current_ratio": 34.09,
            "debt_ratio": 40.6,
            "inventory_turnover_ratio": 1.16,
            "account_receivable_turnover_ratio": null,
            "reinvestment_rate": null,
            "research_to_sale_ratio": null,
            "price_fair": 24.36,
            "eps_avg_yearly": 0.7,
            "eps_latest_yearly": 0.08,
            "eps_growth_yearly": 307.4
        },
        "20072": {
            "year_quarter": 20072,
            "year": 2007,
            "quarter": 2,
            "eps": -0.46,
            "eps_growth_year": null,
            "eps_4q": -1.32,
            "eps_4q_growth_year": null,
            "roe": -3.29,
            "roe_4q": -9.14,
            "gross_profit": 196909,
            "gross_margin": 53.37,
            "gross_margin_4q_avg": 48.28,
            "net_income": -123191,
            "net_income_4q": null,
            "revenue": 368936,
            "revenue_4q": null,
            "common_shares": 2670064,
            "book_valuer_per_share": 13.78,
            "book_valuer_per_share_4q_avg": 14.23,
            "equity": 3679416,
            "current_ratio": 26.52,
            "debt_ratio": 40.68,
            "inventory_turnover_ratio": 0.93,
            "account_receivable_turnover_ratio": null,
            "reinvestment_rate": null,
            "research_to_sale_ratio": null,
            "price_fair": 24.36,
            "eps_avg_yearly": 0.7,
            "eps_latest_yearly": 0.08,
            "eps_growth_yearly": 307.4
        },
        "20073": {
            "year_quarter": 20073,
            "year": 2007,
            "quarter": 3,
            "eps": -0.36,
            "eps_growth_year": null,
            "eps_4q": -1.47,
            "eps_4q_growth_year": null,
            "roe": -2.61,
            "roe_4q": -10.42,
            "gross_profit": 97806,
            "gross_margin": 19.92,
            "gross_margin_4q_avg": 41.19,
            "net_income": -94941,
            "net_income_4q": null,
            "revenue": 491093,
            "revenue_4q": null,
            "common_shares": 2670064,
            "book_valuer_per_share": 13.42,
            "book_valuer_per_share_4q_avg": 13.89,
            "equity": 3584475,
            "current_ratio": 60.24,
            "debt_ratio": 46.57,
            "inventory_turnover_ratio": 1.92,
            "account_receivable_turnover_ratio": null,
            "reinvestment_rate": null,
            "research_to_sale_ratio": null,
            "price_fair": 24.36,
            "eps_avg_yearly": 0.7,
            "eps_latest_yearly": 0.08,
            "eps_growth_yearly": 307.4
        },
        "20074": {
            "year_quarter": 20074,
            "year": 2007,
            "quarter": 4,
            "eps": -0.61,
            "eps_growth_year": null,
            "eps_4q": -1.3,
            "eps_4q_growth_year": null,
            "roe": -4.12,
            "roe_4q": -9.86,
            "gross_profit": 240664,
            "gross_margin": 26.56,
            "gross_margin_4q_avg": 37.19,
            "net_income": -186545,
            "net_income_4q": null,
            "revenue": 906251,
            "revenue_4q": null,
            "common_shares": 4156992,
            "book_valuer_per_share": 13.07,
            "book_valuer_per_share_4q_avg": 13.63,
            "equity": 5463371,
            "current_ratio": 20.94,
            "debt_ratio": 51.53,
            "inventory_turnover_ratio": 3.51,
            "account_receivable_turnover_ratio": null,
            "reinvestment_rate": null,
            "research_to_sale_ratio": null,
            "price_fair": 17.5,
            "eps_avg_yearly": 0.5,
            "eps_latest_yearly": 0.08,
            "eps_growth_yearly": 147.89
        },
        "20081": {
            "year_quarter": 20081,
            "year": 2008,
            "quarter": 1,
            "eps": -0.32,
            "eps_growth_year": -1700,
            "eps_4q": -1.28,
            "eps_4q_growth_year": null,
            "roe": -2.46,
            "roe_4q": -12.48,
            "gross_profit": 238568,
            "gross_margin": 30.23,
            "gross_margin_4q_avg": 32.52,
            "net_income": -134851,
            "net_income_4q": null,
            "revenue": 789082,
            "revenue_4q": null,
            "common_shares": 4156992,
            "book_valuer_per_share": 13.21,
            "book_valuer_per_share_4q_avg": 13.37,
            "equity": 5522015,
            "current_ratio": 17.92,
            "debt_ratio": 51.28,
            "inventory_turnover_ratio": 3.49,
            "account_receivable_turnover_ratio": null,
            "reinvestment_rate": null,
            "research_to_sale_ratio": null,
            "price_fair": 21,
            "eps_avg_yearly": 0.6,
            "eps_latest_yearly": 0.08,
            "eps_growth_yearly": 312.5
        },
        "20082": {
            "year_quarter": 20082,
            "year": 2008,
            "quarter": 2,
            "eps": -0.44,
            "eps_growth_year": null,
            "eps_4q": -1.44,
            "eps_4q_growth_year": null,
            "roe": -3.39,
            "roe_4q": -12.579999999999998,
            "gross_profit": 250069,
            "gross_margin": 36.9,
            "gross_margin_4q_avg": 28.4,
            "net_income": -184198,
            "net_income_4q": null,
            "revenue": 677737,
            "revenue_4q": null,
            "common_shares": 4156992,
            "book_valuer_per_share": 12.77,
            "book_valuer_per_share_4q_avg": 13.12,
            "equity": 5352094,
            "current_ratio": 18.21,
            "debt_ratio": 51.98,
            "inventory_turnover_ratio": 2.95,
            "account_receivable_turnover_ratio": null,
            "reinvestment_rate": null,
            "research_to_sale_ratio": null,
            "price_fair": 21,
            "eps_avg_yearly": 0.6,
            "eps_latest_yearly": 0.08,
            "eps_growth_yearly": 312.5
        },
        "20083": {
            "year_quarter": 20083,
            "year": 2008,
            "quarter": 3,
            "eps": -0.43,
            "eps_growth_year": null,
            "eps_4q": -1.65,
            "eps_4q_growth_year": null,
            "roe": -3.41,
            "roe_4q": -13.380000000000003,
            "gross_profit": 234103,
            "gross_margin": 33.29,
            "gross_margin_4q_avg": 31.75,
            "net_income": -178768,
            "net_income_4q": null,
            "revenue": 703205,
            "revenue_4q": null,
            "common_shares": 4156992,
            "book_valuer_per_share": 12.36,
            "book_valuer_per_share_4q_avg": 12.85,
            "equity": 5139306,
            "current_ratio": 16.29,
            "debt_ratio": 52.05,
            "inventory_turnover_ratio": 3.65,
            "account_receivable_turnover_ratio": null,
            "reinvestment_rate": null,
            "research_to_sale_ratio": null,
            "price_fair": 21,
            "eps_avg_yearly": 0.6,
            "eps_latest_yearly": 0.08,
            "eps_growth_yearly": 312.5
        },
        "20084": {
            "year_quarter": 20084,
            "year": 2008,
            "quarter": 4,
            "eps": -0.69,
            "eps_growth_year": null,
            "eps_4q": -1.89,
            "eps_4q_growth_year": null,
            "roe": -5.78,
            "roe_4q": -15.040000000000003,
            "gross_profit": 264849,
            "gross_margin": 38.47,
            "gross_margin_4q_avg": 34.72,
            "net_income": -288700,
            "net_income_4q": null,
            "revenue": 688433,
            "revenue_4q": null,
            "common_shares": 4156992,
            "book_valuer_per_share": 11.66,
            "book_valuer_per_share_4q_avg": 12.5,
            "equity": 4848648,
            "current_ratio": 19.62,
            "debt_ratio": 53.32,
            "inventory_turnover_ratio": 3.44,
            "account_receivable_turnover_ratio": 63.24,
            "reinvestment_rate": null,
            "research_to_sale_ratio": null,
            "price_fair": 0.78,
            "eps_avg_yearly": 0.26,
            "eps_latest_yearly": 0.08,
            "eps_growth_yearly": -131.25
        },
        "20091": {
            "year_quarter": 20091,
            "year": 2009,
            "quarter": 1,
            "eps": -0.15,
            "eps_growth_year": null,
            "eps_4q": -1.72,
            "eps_4q_growth_year": null,
            "roe": -1.3,
            "roe_4q": -13.88,
            "gross_profit": 252180,
            "gross_margin": 34.77,
            "gross_margin_4q_avg": 35.86,
            "net_income": -64152,
            "net_income_4q": null,
            "revenue": 725244,
            "revenue_4q": null,
            "common_shares": 4156992,
            "book_valuer_per_share": 12,
            "book_valuer_per_share_4q_avg": 12.2,
            "equity": 4987296,
            "current_ratio": 24.14,
            "debt_ratio": 51.69,
            "inventory_turnover_ratio": 4.13,
            "account_receivable_turnover_ratio": 39.11,
            "reinvestment_rate": null,
            "research_to_sale_ratio": null,
            "price_fair": 0.8,
            "eps_avg_yearly": 0.08,
            "eps_latest_yearly": 0.08,
            "eps_growth_yearly": 0
        },
        "20092": {
            "year_quarter": 20092,
            "year": 2009,
            "quarter": 2,
            "eps": -0.71,
            "eps_growth_year": null,
            "eps_4q": -1.98,
            "eps_4q_growth_year": null,
            "roe": -5.91,
            "roe_4q": -16.4,
            "gross_profit": 198867,
            "gross_margin": 34.45,
            "gross_margin_4q_avg": 35.25,
            "net_income": -292192,
            "net_income_4q": null,
            "revenue": 577315,
            "revenue_4q": null,
            "common_shares": 4156992,
            "book_valuer_per_share": 11.77,
            "book_valuer_per_share_4q_avg": 11.95,
            "equity": 4892617,
            "current_ratio": 20.88,
            "debt_ratio": 50.85,
            "inventory_turnover_ratio": 3.49,
            "account_receivable_turnover_ratio": 37.88,
            "reinvestment_rate": null,
            "research_to_sale_ratio": null,
            "price_fair": 0.8,
            "eps_avg_yearly": 0.08,
            "eps_latest_yearly": 0.08,
            "eps_growth_yearly": 0
        },
        "20093": {
            "year_quarter": 20093,
            "year": 2009,
            "quarter": 3,
            "eps": -1.31,
            "eps_growth_year": null,
            "eps_4q": -2.85,
            "eps_4q_growth_year": null,
            "roe": -11.72,
            "roe_4q": -24.710000000000004,
            "gross_profit": 219781,
            "gross_margin": 32.12,
            "gross_margin_4q_avg": 34.95,
            "net_income": -541678,
            "net_income_4q": null,
            "revenue": 684342,
            "revenue_4q": null,
            "common_shares": 4156992,
            "book_valuer_per_share": 10.47,
            "book_valuer_per_share_4q_avg": 11.48,
            "equity": 4350938,
            "current_ratio": 218.19,
            "debt_ratio": 40.84,
            "inventory_turnover_ratio": 4.36,
            "account_receivable_turnover_ratio": 30.48,
            "reinvestment_rate": null,
            "research_to_sale_ratio": null,
            "price_fair": 0.8,
            "eps_avg_yearly": 0.08,
            "eps_latest_yearly": 0.08,
            "eps_growth_yearly": 0
        },
        "20094": {
            "year_quarter": 20094,
            "year": 2009,
            "quarter": 4,
            "eps": -0.35,
            "eps_growth_year": null,
            "eps_4q": -2.5,
            "eps_4q_growth_year": null,
            "roe": -3.26,
            "roe_4q": -22.19,
            "gross_profit": 201753,
            "gross_margin": 33.37,
            "gross_margin_4q_avg": 33.68,
            "net_income": -139478,
            "net_income_4q": null,
            "revenue": 604622,
            "revenue_4q": null,
            "common_shares": 4156992,
            "book_valuer_per_share": 8.93,
            "book_valuer_per_share_4q_avg": 10.79,
            "equity": 4211584,
            "current_ratio": 185.51,
            "debt_ratio": 37.07,
            "inventory_turnover_ratio": 3.87,
            "account_receivable_turnover_ratio": 53.15,
            "reinvestment_rate": null,
            "research_to_sale_ratio": null,
            "price_fair": 0,
            "eps_avg_yearly": 0,
            "eps_latest_yearly": 0,
            "eps_growth_yearly": 0
        },
        "20101": {
            "year_quarter": 20101,
            "year": 2010,
            "quarter": 1,
            "eps": -0.19,
            "eps_growth_year": null,
            "eps_4q": -2.52,
            "eps_4q_growth_year": null,
            "roe": -1.78,
            "roe_4q": -22.67,
            "gross_profit": 248344,
            "gross_margin": 33.53,
            "gross_margin_4q_avg": 33.37,
            "net_income": -74338,
            "net_income_4q": null,
            "revenue": 740604,
            "revenue_4q": null,
            "common_shares": 4156992,
            "book_valuer_per_share": 8.79,
            "book_valuer_per_share_4q_avg": 9.99,
            "equity": 4144615,
            "current_ratio": 121.35,
            "debt_ratio": 37.88,
            "inventory_turnover_ratio": 4.89,
            "account_receivable_turnover_ratio": 34.64,
            "reinvestment_rate": null,
            "research_to_sale_ratio": null,
            "price_fair": 0,
            "eps_avg_yearly": 0,
            "eps_latest_yearly": 0,
            "eps_growth_yearly": 0
        },
        "20102": {
            "year_quarter": 20102,
            "year": 2010,
            "quarter": 2,
            "eps": -0.44,
            "eps_growth_year": null,
            "eps_4q": -2.26,
            "eps_4q_growth_year": null,
            "roe": -4.5,
            "roe_4q": -21.259999999999998,
            "gross_profit": 179283,
            "gross_margin": 32.02,
            "gross_margin_4q_avg": 32.76,
            "net_income": -182436,
            "net_income_4q": null,
            "revenue": 559856,
            "revenue_4q": null,
            "common_shares": 4156992,
            "book_valuer_per_share": 8.39,
            "book_valuer_per_share_4q_avg": 9.15,
            "equity": 3963140,
            "current_ratio": 112.28,
            "debt_ratio": 39.2,
            "inventory_turnover_ratio": 3.85,
            "account_receivable_turnover_ratio": 26.78,
            "reinvestment_rate": null,
            "research_to_sale_ratio": null,
            "price_fair": 0,
            "eps_avg_yearly": 0,
            "eps_latest_yearly": 0,
            "eps_growth_yearly": 0
        },
        "20103": {
            "year_quarter": 20103,
            "year": 2010,
            "quarter": 3,
            "eps": -0.1,
            "eps_growth_year": null,
            "eps_4q": -1.05,
            "eps_4q_growth_year": null,
            "roe": -1.07,
            "roe_4q": -10.61,
            "gross_profit": 293000,
            "gross_margin": 36.58,
            "gross_margin_4q_avg": 33.88,
            "net_income": -42091,
            "net_income_4q": null,
            "revenue": 801031,
            "revenue_4q": null,
            "common_shares": 4156992,
            "book_valuer_per_share": 8.3,
            "book_valuer_per_share_4q_avg": 8.6,
            "equity": 3918477,
            "current_ratio": 112.31,
            "debt_ratio": 39.4,
            "inventory_turnover_ratio": 5.02,
            "account_receivable_turnover_ratio": 27.45,
            "reinvestment_rate": null,
            "research_to_sale_ratio": null,
            "price_fair": 0,
            "eps_avg_yearly": 0,
            "eps_latest_yearly": 0,
            "eps_growth_yearly": 0
        },
        "20104": {
            "year_quarter": 20104,
            "year": 2010,
            "quarter": 4,
            "eps": -0.35,
            "eps_growth_year": null,
            "eps_4q": -1.07,
            "eps_4q_growth_year": null,
            "roe": -3.82,
            "roe_4q": -11.17,
            "gross_profit": 224497,
            "gross_margin": 36.1,
            "gross_margin_4q_avg": 34.56,
            "net_income": -146805,
            "net_income_4q": null,
            "revenue": 621898,
            "revenue_4q": null,
            "common_shares": 4156992,
            "book_valuer_per_share": 7.99,
            "book_valuer_per_share_4q_avg": 8.37,
            "equity": 3775861,
            "current_ratio": 81,
            "debt_ratio": 37.82,
            "inventory_turnover_ratio": 3.84,
            "account_receivable_turnover_ratio": 21.09,
            "reinvestment_rate": null,
            "research_to_sale_ratio": null,
            "price_fair": 0,
            "eps_avg_yearly": 0,
            "eps_latest_yearly": 0,
            "eps_growth_yearly": 0
        },
        "20111": {
            "year_quarter": 20111,
            "year": 2011,
            "quarter": 1,
            "eps": -0.22,
            "eps_growth_year": null,
            "eps_4q": -1.1,
            "eps_4q_growth_year": null,
            "roe": -2.27,
            "roe_4q": -11.66,
            "gross_profit": 231861,
            "gross_margin": 32.87,
            "gross_margin_4q_avg": 34.39,
            "net_income": -84719,
            "net_income_4q": null,
            "revenue": 705439,
            "revenue_4q": null,
            "common_shares": 4156992,
            "book_valuer_per_share": 7.81,
            "book_valuer_per_share_4q_avg": 8.12,
            "equity": 3691143,
            "current_ratio": 70.97,
            "debt_ratio": 38.28,
            "inventory_turnover_ratio": 4.56,
            "account_receivable_turnover_ratio": 33.31,
            "reinvestment_rate": null,
            "research_to_sale_ratio": null,
            "price_fair": 0,
            "eps_avg_yearly": 0,
            "eps_latest_yearly": 0,
            "eps_growth_yearly": 0
        },
        "20112": {
            "year_quarter": 20112,
            "year": 2011,
            "quarter": 2,
            "eps": -0.25,
            "eps_growth_year": null,
            "eps_4q": -0.91,
            "eps_4q_growth_year": null,
            "roe": -2.9,
            "roe_4q": -10.06,
            "gross_profit": 229302,
            "gross_margin": 37.27,
            "gross_margin_4q_avg": 35.71,
            "net_income": -105481,
            "net_income_4q": null,
            "revenue": 615234,
            "revenue_4q": null,
            "common_shares": 4156992,
            "book_valuer_per_share": 7.59,
            "book_valuer_per_share_4q_avg": 7.92,
            "equity": 3585661,
            "current_ratio": 62.91,
            "debt_ratio": 38.48,
            "inventory_turnover_ratio": 3.72,
            "account_receivable_turnover_ratio": 28.99,
            "reinvestment_rate": null,
            "research_to_sale_ratio": null,
            "price_fair": 0,
            "eps_avg_yearly": 0,
            "eps_latest_yearly": 0,
            "eps_growth_yearly": 0
        },
        "20113": {
            "year_quarter": 20113,
            "year": 2011,
            "quarter": 3,
            "eps": -0.13,
            "eps_growth_year": null,
            "eps_4q": -0.94,
            "eps_4q_growth_year": null,
            "roe": -1.46,
            "roe_4q": -10.45,
            "gross_profit": 284594,
            "gross_margin": 36.42,
            "gross_margin_4q_avg": 35.67,
            "net_income": -52145,
            "net_income_4q": null,
            "revenue": 781517,
            "revenue_4q": null,
            "common_shares": 4156992,
            "book_valuer_per_share": 7.48,
            "book_valuer_per_share_4q_avg": 7.72,
            "equity": 3533516,
            "current_ratio": 61.52,
            "debt_ratio": 39.2,
            "inventory_turnover_ratio": 4.72,
            "account_receivable_turnover_ratio": 31.54,
            "reinvestment_rate": null,
            "research_to_sale_ratio": null,
            "price_fair": 0,
            "eps_avg_yearly": 0,
            "eps_latest_yearly": 0,
            "eps_growth_yearly": 0
        },
        "20114": {
            "year_quarter": 20114,
            "year": 2011,
            "quarter": 4,
            "eps": -0.38,
            "eps_growth_year": null,
            "eps_4q": -0.96,
            "eps_4q_growth_year": null,
            "roe": -4.53,
            "roe_4q": -11.16,
            "gross_profit": 217925,
            "gross_margin": 34.34,
            "gross_margin_4q_avg": 35.23,
            "net_income": -157423,
            "net_income_4q": null,
            "revenue": 634635,
            "revenue_4q": null,
            "common_shares": 4156992,
            "book_valuer_per_share": 7.22,
            "book_valuer_per_share_4q_avg": 7.53,
            "equity": 3410852,
            "current_ratio": 73.53,
            "debt_ratio": 38.86,
            "inventory_turnover_ratio": 3.91,
            "account_receivable_turnover_ratio": 23.84,
            "reinvestment_rate": null,
            "research_to_sale_ratio": null,
            "price_fair": 0,
            "eps_avg_yearly": 0,
            "eps_latest_yearly": 0,
            "eps_growth_yearly": 0
        },
        "20121": {
            "year_quarter": 20121,
            "year": 2012,
            "quarter": 1,
            "eps": -0.28,
            "eps_growth_year": null,
            "eps_4q": -1.02,
            "eps_4q_growth_year": null,
            "roe": -3.3,
            "roe_4q": -12.19,
            "gross_profit": 228955,
            "gross_margin": 30.54,
            "gross_margin_4q_avg": 34.64,
            "net_income": -110865,
            "net_income_4q": null,
            "revenue": 749749,
            "revenue_4q": null,
            "common_shares": 4156992,
            "book_valuer_per_share": 6.99,
            "book_valuer_per_share_4q_avg": 7.32,
            "equity": 3302387,
            "current_ratio": 71.31,
            "debt_ratio": 39.82,
            "inventory_turnover_ratio": 5.45,
            "account_receivable_turnover_ratio": 25.57,
            "reinvestment_rate": null,
            "research_to_sale_ratio": null,
            "price_fair": 0,
            "eps_avg_yearly": 0,
            "eps_latest_yearly": 0,
            "eps_growth_yearly": 0
        },
        "20122": {
            "year_quarter": 20122,
            "year": 2012,
            "quarter": 2,
            "eps": -0.41,
            "eps_growth_year": null,
            "eps_4q": -1.18,
            "eps_4q_growth_year": null,
            "roe": -5.26,
            "roe_4q": -14.55,
            "gross_profit": 158176,
            "gross_margin": 30.85,
            "gross_margin_4q_avg": 33.04,
            "net_income": -169288,
            "net_income_4q": null,
            "revenue": 512705,
            "revenue_4q": null,
            "common_shares": 4156992,
            "book_valuer_per_share": 6.63,
            "book_valuer_per_share_4q_avg": 7.08,
            "equity": 3132925,
            "current_ratio": 51.24,
            "debt_ratio": 40.12,
            "inventory_turnover_ratio": 4.16,
            "account_receivable_turnover_ratio": 17.85,
            "reinvestment_rate": null,
            "research_to_sale_ratio": null,
            "price_fair": 0,
            "eps_avg_yearly": 0,
            "eps_latest_yearly": 0,
            "eps_growth_yearly": 0
        },
        "20123": {
            "year_quarter": 20123,
            "year": 2012,
            "quarter": 3,
            "eps": -0.34,
            "eps_growth_year": null,
            "eps_4q": -1.39,
            "eps_4q_growth_year": null,
            "roe": -4.59,
            "roe_4q": -17.68,
            "gross_profit": 216215,
            "gross_margin": 29.72,
            "gross_margin_4q_avg": 31.36,
            "net_income": -140653,
            "net_income_4q": null,
            "revenue": 727465,
            "revenue_4q": null,
            "common_shares": 4156992,
            "book_valuer_per_share": 6.33,
            "book_valuer_per_share_4q_avg": 6.79,
            "equity": 2992301,
            "current_ratio": 50.7,
            "debt_ratio": 42.47,
            "inventory_turnover_ratio": 5.95,
            "account_receivable_turnover_ratio": 20.14,
            "reinvestment_rate": null,
            "research_to_sale_ratio": null,
            "price_fair": 0,
            "eps_avg_yearly": 0,
            "eps_latest_yearly": 0,
            "eps_growth_yearly": 0
        },
        "20124": {
            "year_quarter": 20124,
            "year": 2012,
            "quarter": 4,
            "eps": -0.48,
            "eps_growth_year": null,
            "eps_4q": -1.49,
            "eps_4q_growth_year": null,
            "roe": -6.85,
            "roe_4q": -20,
            "gross_profit": 223819,
            "gross_margin": 31.75,
            "gross_margin_4q_avg": 30.72,
            "net_income": -198073,
            "net_income_4q": null,
            "revenue": 704910,
            "revenue_4q": null,
            "common_shares": 4156992,
            "book_valuer_per_share": 5.91,
            "book_valuer_per_share_4q_avg": 6.47,
            "equity": 2792793,
            "current_ratio": 54.96,
            "debt_ratio": 44.48,
            "inventory_turnover_ratio": 5.53,
            "account_receivable_turnover_ratio": 14.12,
            "reinvestment_rate": null,
            "research_to_sale_ratio": null,
            "price_fair": 0,
            "eps_avg_yearly": 0,
            "eps_latest_yearly": 0,
            "eps_growth_yearly": 0
        },
        "20131": {
            "year_quarter": 20131,
            "year": 2013,
            "quarter": 1,
            "eps": -0.2,
            "eps_growth_year": null,
            "eps_4q": -1.41,
            "eps_4q_growth_year": null,
            "roe": -2.88,
            "roe_4q": -19.58,
            "gross_profit": 224457,
            "gross_margin": 55.37,
            "gross_margin_4q_avg": 36.92,
            "net_income": -78518,
            "net_income_4q": null,
            "revenue": 405356,
            "revenue_4q": null,
            "common_shares": 4156992,
            "book_valuer_per_share": 5.65,
            "book_valuer_per_share_4q_avg": 6.13,
            "equity": 2668471,
            "current_ratio": 50.91,
            "debt_ratio": 46.98,
            "inventory_turnover_ratio": 2.02,
            "account_receivable_turnover_ratio": 8.74,
            "reinvestment_rate": null,
            "research_to_sale_ratio": null,
            "price_fair": 0,
            "eps_avg_yearly": 0,
            "eps_latest_yearly": 0,
            "eps_growth_yearly": 0
        },
        "20132": {
            "year_quarter": 20132,
            "year": 2013,
            "quarter": 2,
            "eps": -0.27,
            "eps_growth_year": null,
            "eps_4q": -1.26,
            "eps_4q_growth_year": null,
            "roe": -4.02,
            "roe_4q": -18.34,
            "gross_profit": 165239,
            "gross_margin": 49.93,
            "gross_margin_4q_avg": 41.69,
            "net_income": -104661,
            "net_income_4q": null,
            "revenue": 330948,
            "revenue_4q": null,
            "common_shares": 4156992,
            "book_valuer_per_share": 5.37,
            "book_valuer_per_share_4q_avg": 5.82,
            "equity": 2536467,
            "current_ratio": 50.8,
            "debt_ratio": 47.16,
            "inventory_turnover_ratio": 1.88,
            "account_receivable_turnover_ratio": 9.11,
            "reinvestment_rate": null,
            "research_to_sale_ratio": null,
            "price_fair": 0,
            "eps_avg_yearly": 0,
            "eps_latest_yearly": 0,
            "eps_growth_yearly": 0
        },
        "20133": {
            "year_quarter": 20133,
            "year": 2013,
            "quarter": 3,
            "eps": -0.41,
            "eps_growth_year": null,
            "eps_4q": -2.1,
            "eps_4q_growth_year": null,
            "roe": -3.56,
            "roe_4q": -17.310000000000002,
            "gross_profit": 224174,
            "gross_margin": 50.48,
            "gross_margin_4q_avg": 46.88,
            "net_income": -89057,
            "net_income_4q": null,
            "revenue": 444045,
            "revenue_4q": null,
            "common_shares": 2237614,
            "book_valuer_per_share": 9.69,
            "book_valuer_per_share_4q_avg": 6.66,
            "equity": 2467051,
            "current_ratio": 45.83,
            "debt_ratio": 47.97,
            "inventory_turnover_ratio": 2.71,
            "account_receivable_turnover_ratio": 17.55,
            "reinvestment_rate": null,
            "research_to_sale_ratio": null,
            "price_fair": 0,
            "eps_avg_yearly": 0,
            "eps_latest_yearly": 0,
            "eps_growth_yearly": 0
        },
        "20134": {
            "year_quarter": 20134,
            "year": 2013,
            "quarter": 4,
            "eps": -0.36,
            "eps_growth_year": null,
            "eps_4q": -1.58,
            "eps_4q_growth_year": null,
            "roe": -3.34,
            "roe_4q": -13.8,
            "gross_profit": 160554,
            "gross_margin": 45.59,
            "gross_margin_4q_avg": 50.34,
            "net_income": -81125,
            "net_income_4q": null,
            "revenue": 352134,
            "revenue_4q": null,
            "common_shares": 2237614,
            "book_valuer_per_share": 9.42,
            "book_valuer_per_share_4q_avg": 7.53,
            "equity": 2395672,
            "current_ratio": 43.42,
            "debt_ratio": 47.77,
            "inventory_turnover_ratio": 2.44,
            "account_receivable_turnover_ratio": 22.25,
            "reinvestment_rate": null,
            "research_to_sale_ratio": null,
            "price_fair": 0,
            "eps_avg_yearly": 0,
            "eps_latest_yearly": 0,
            "eps_growth_yearly": 0
        },
        "20141": {
            "year_quarter": 20141,
            "year": 2014,
            "quarter": 1,
            "eps": -0.37,
            "eps_growth_year": null,
            "eps_4q": -1.59,
            "eps_4q_growth_year": null,
            "roe": -3.43,
            "roe_4q": -14.35,
            "gross_profit": 205843,
            "gross_margin": 49.22,
            "gross_margin_4q_avg": 48.81,
            "net_income": -80860,
            "net_income_4q": null,
            "revenue": 418179,
            "revenue_4q": null,
            "common_shares": 2237614,
            "book_valuer_per_share": 9.14,
            "book_valuer_per_share_4q_avg": 8.41,
            "equity": 2324286,
            "current_ratio": 41.78,
            "debt_ratio": 48.64,
            "inventory_turnover_ratio": 2.69,
            "account_receivable_turnover_ratio": 25.04,
            "reinvestment_rate": null,
            "research_to_sale_ratio": null,
            "price_fair": 0,
            "eps_avg_yearly": 0,
            "eps_latest_yearly": 0,
            "eps_growth_yearly": 0
        },
        "20142": {
            "year_quarter": 20142,
            "year": 2014,
            "quarter": 2,
            "eps": -0.47,
            "eps_growth_year": null,
            "eps_4q": -1.59,
            "eps_4q_growth_year": null,
            "roe": -4.58,
            "roe_4q": -14.91,
            "gross_profit": 172848,
            "gross_margin": 50.16,
            "gross_margin_4q_avg": 48.86,
            "net_income": -103926,
            "net_income_4q": null,
            "revenue": 344589,
            "revenue_4q": null,
            "common_shares": 2237614,
            "book_valuer_per_share": 8.72,
            "book_valuer_per_share_4q_avg": 9.24,
            "equity": 2217063,
            "current_ratio": 51.87,
            "debt_ratio": 52.04,
            "inventory_turnover_ratio": 2.27,
            "account_receivable_turnover_ratio": 13.9,
            "reinvestment_rate": null,
            "research_to_sale_ratio": null,
            "price_fair": 0,
            "eps_avg_yearly": 0,
            "eps_latest_yearly": 0,
            "eps_growth_yearly": 0
        },
        "20143": {
            "year_quarter": 20143,
            "year": 2014,
            "quarter": 3,
            "eps": -0.27,
            "eps_growth_year": null,
            "eps_4q": -1.29,
            "eps_4q_growth_year": null,
            "roe": -2.84,
            "roe_4q": -14.19,
            "gross_profit": 238263,
            "gross_margin": 52.39,
            "gross_margin_4q_avg": 49.34,
            "net_income": -61959,
            "net_income_4q": null,
            "revenue": 454825,
            "revenue_4q": null,
            "common_shares": 2537569,
            "book_valuer_per_share": 8.47,
            "book_valuer_per_share_4q_avg": 8.94,
            "equity": 2152810,
            "current_ratio": 46.74,
            "debt_ratio": 52.2,
            "inventory_turnover_ratio": 2.85,
            "account_receivable_turnover_ratio": 19.26,
            "reinvestment_rate": null,
            "research_to_sale_ratio": null,
            "price_fair": 0,
            "eps_avg_yearly": 0,
            "eps_latest_yearly": 0,
            "eps_growth_yearly": 0
        },
        "20144": {
            "year_quarter": 20144,
            "year": 2014,
            "quarter": 4,
            "eps": -0.34,
            "eps_growth_year": null,
            "eps_4q": -1.31,
            "eps_4q_growth_year": null,
            "roe": -4.05,
            "roe_4q": -14.899999999999999,
            "gross_profit": 189846,
            "gross_margin": 53.05,
            "gross_margin_4q_avg": 51.21,
            "net_income": -85602,
            "net_income_4q": null,
            "revenue": 357893,
            "revenue_4q": null,
            "common_shares": 2537569,
            "book_valuer_per_share": 8.18,
            "book_valuer_per_share_4q_avg": 8.63,
            "equity": 2079247,
            "current_ratio": 32.23,
            "debt_ratio": 52.93,
            "inventory_turnover_ratio": 2.03,
            "account_receivable_turnover_ratio": 19.06,
            "reinvestment_rate": null,
            "research_to_sale_ratio": null,
            "price_fair": 0,
            "eps_avg_yearly": 0,
            "eps_latest_yearly": 0,
            "eps_growth_yearly": 0
        },
        "20151": {
            "year_quarter": 20151,
            "year": 2015,
            "quarter": 1,
            "eps": -0.26,
            "eps_growth_year": null,
            "eps_4q": -1.25,
            "eps_4q_growth_year": null,
            "roe": -3.25,
            "roe_4q": -14.72,
            "gross_profit": 227965,
            "gross_margin": 52.79,
            "gross_margin_4q_avg": 52.1,
            "net_income": -66345,
            "net_income_4q": null,
            "revenue": 431803,
            "revenue_4q": null,
            "common_shares": 2537569,
            "book_valuer_per_share": 7.85,
            "book_valuer_per_share_4q_avg": 8.31,
            "equity": 1997435,
            "current_ratio": 28.38,
            "debt_ratio": 53.84,
            "inventory_turnover_ratio": 2.57,
            "account_receivable_turnover_ratio": 21.95,
            "reinvestment_rate": null,
            "research_to_sale_ratio": null,
            "price_fair": 0,
            "eps_avg_yearly": 0,
            "eps_latest_yearly": 0,
            "eps_growth_yearly": 0
        },
        "20152": {
            "year_quarter": 20152,
            "year": 2015,
            "quarter": 2,
            "eps": -0.35,
            "eps_growth_year": null,
            "eps_4q": -1.19,
            "eps_4q_growth_year": null,
            "roe": -4.53,
            "roe_4q": -14.67,
            "gross_profit": 185412,
            "gross_margin": 51.4,
            "gross_margin_4q_avg": 52.41,
            "net_income": -87494,
            "net_income_4q": null,
            "revenue": 360691,
            "revenue_4q": null,
            "common_shares": 2537569,
            "book_valuer_per_share": 7.34,
            "book_valuer_per_share_4q_avg": 7.96,
            "equity": 1863505,
            "current_ratio": 23.45,
            "debt_ratio": 55.38,
            "inventory_turnover_ratio": 2.5,
            "account_receivable_turnover_ratio": 17.82,
            "reinvestment_rate": null,
            "research_to_sale_ratio": null,
            "price_fair": 0,
            "eps_avg_yearly": 0,
            "eps_latest_yearly": 0,
            "eps_growth_yearly": 0
        },
        "20153": {
            "year_quarter": 20153,
            "year": 2015,
            "quarter": 3,
            "eps": -0.42,
            "eps_growth_year": null,
            "eps_4q": -1.37,
            "eps_4q_growth_year": null,
            "roe": -5.92,
            "roe_4q": -17.75,
            "gross_profit": 189263,
            "gross_margin": 48.45,
            "gross_margin_4q_avg": 51.42,
            "net_income": -108632,
            "net_income_4q": null,
            "revenue": 390600,
            "revenue_4q": null,
            "common_shares": 2537569,
            "book_valuer_per_share": 7.11,
            "book_valuer_per_share_4q_avg": 7.62,
            "equity": 1806812,
            "current_ratio": 18.83,
            "debt_ratio": 56.45,
            "inventory_turnover_ratio": 2.92,
            "account_receivable_turnover_ratio": 11.58,
            "reinvestment_rate": null,
            "research_to_sale_ratio": null,
            "price_fair": 0,
            "eps_avg_yearly": 0,
            "eps_latest_yearly": 0,
            "eps_growth_yearly": 0
        },
        "20154": {
            "year_quarter": 20154,
            "year": 2015,
            "quarter": 4,
            "eps": -0.24,
            "eps_growth_year": null,
            "eps_4q": -1.27,
            "eps_4q_growth_year": null,
            "roe": -3.35,
            "roe_4q": -17.05,
            "gross_profit": 195336,
            "gross_margin": 55.55,
            "gross_margin_4q_avg": 52.05,
            "net_income": -59739,
            "net_income_4q": null,
            "revenue": 351623,
            "revenue_4q": null,
            "common_shares": 2537569,
            "book_valuer_per_share": 6.92,
            "book_valuer_per_share_4q_avg": 7.31,
            "equity": 1757529,
            "current_ratio": 24.34,
            "debt_ratio": 55.4,
            "inventory_turnover_ratio": 2.2,
            "account_receivable_turnover_ratio": 9.5,
            "reinvestment_rate": null,
            "research_to_sale_ratio": null,
            "price_fair": 0,
            "eps_avg_yearly": 0,
            "eps_latest_yearly": 0,
            "eps_growth_yearly": 0
        },
        "20161": {
            "year_quarter": 20161,
            "year": 2016,
            "quarter": 1,
            "eps": -0.29,
            "eps_growth_year": null,
            "eps_4q": -1.3,
            "eps_4q_growth_year": null,
            "roe": -4.37,
            "roe_4q": -18.17,
            "gross_profit": 204457,
            "gross_margin": 54.06,
            "gross_margin_4q_avg": 52.37,
            "net_income": -74810,
            "net_income_4q": null,
            "revenue": 378188,
            "revenue_4q": null,
            "common_shares": 2537569,
            "book_valuer_per_share": 6.57,
            "book_valuer_per_share_4q_avg": 6.99,
            "equity": 1669772,
            "current_ratio": 28.85,
            "debt_ratio": 57.91,
            "inventory_turnover_ratio": 2.46,
            "account_receivable_turnover_ratio": 14.51,
            "reinvestment_rate": null,
            "research_to_sale_ratio": null,
            "price_fair": 0,
            "eps_avg_yearly": 0,
            "eps_latest_yearly": 0,
            "eps_growth_yearly": 0
        },
        "20162": {
            "year_quarter": 20162,
            "year": 2016,
            "quarter": 2,
            "eps": -0.33,
            "eps_growth_year": null,
            "eps_4q": -1.28,
            "eps_4q_growth_year": null,
            "roe": -5.07,
            "roe_4q": -18.71,
            "gross_profit": 175070,
            "gross_margin": 52.89,
            "gross_margin_4q_avg": 52.74,
            "net_income": -82348,
            "net_income_4q": null,
            "revenue": 330979,
            "revenue_4q": null,
            "common_shares": 2537569,
            "book_valuer_per_share": 6.22,
            "book_valuer_per_share_4q_avg": 6.71,
            "equity": 1581239,
            "current_ratio": 22.63,
            "debt_ratio": 58.81,
            "inventory_turnover_ratio": 2.31,
            "account_receivable_turnover_ratio": 12.98,
            "reinvestment_rate": null,
            "research_to_sale_ratio": null,
            "price_fair": 0,
            "eps_avg_yearly": 0,
            "eps_latest_yearly": 0,
            "eps_growth_yearly": 0
        },
        "20163": {
            "year_quarter": 20163,
            "year": 2016,
            "quarter": 3,
            "eps": -0.5,
            "eps_growth_year": null,
            "eps_4q": -1.35,
            "eps_4q_growth_year": null,
            "roe": -8.22,
            "roe_4q": -21.01,
            "gross_profit": 181978,
            "gross_margin": 50.14,
            "gross_margin_4q_avg": 53.16,
            "net_income": -126248,
            "net_income_4q": null,
            "revenue": 362920,
            "revenue_4q": null,
            "common_shares": 2537569,
            "book_valuer_per_share": 5.78,
            "book_valuer_per_share_4q_avg": 6.37,
            "equity": 1488682,
            "current_ratio": 29.06,
            "debt_ratio": 60.57,
            "inventory_turnover_ratio": 2.77,
            "account_receivable_turnover_ratio": 12.47,
            "reinvestment_rate": null,
            "research_to_sale_ratio": null,
            "price_fair": 0,
            "eps_avg_yearly": 0,
            "eps_latest_yearly": 0,
            "eps_growth_yearly": 0
        },
        "20164": {
            "year_quarter": 20164,
            "year": 2016,
            "quarter": 4,
            "eps": -0.26,
            "eps_growth_year": null,
            "eps_4q": -1.37,
            "eps_4q_growth_year": null,
            "roe": -4.47,
            "roe_4q": -22.130000000000003,
            "gross_profit": 186447,
            "gross_margin": 54.99,
            "gross_margin_4q_avg": 53.02,
            "net_income": -65056,
            "net_income_4q": null,
            "revenue": 339077,
            "revenue_4q": null,
            "common_shares": 2537569,
            "book_valuer_per_share": 5.51,
            "book_valuer_per_share_4q_avg": 6.02,
            "equity": 1419899,
            "current_ratio": 22.11,
            "debt_ratio": 62.25,
            "inventory_turnover_ratio": 2.33,
            "account_receivable_turnover_ratio": 11.12,
            "reinvestment_rate": null,
            "research_to_sale_ratio": null,
            "price_fair": 0,
            "eps_avg_yearly": 0,
            "eps_latest_yearly": 0,
            "eps_growth_yearly": 0
        },
        "20171": {
            "year_quarter": 20171,
            "year": 2017,
            "quarter": 1,
            "eps": -0.38,
            "eps_growth_year": null,
            "eps_4q": -1.46,
            "eps_4q_growth_year": null,
            "roe": -7.01,
            "roe_4q": -24.770000000000003,
            "gross_profit": 189349,
            "gross_margin": 53.79,
            "gross_margin_4q_avg": 52.95,
            "net_income": -96024,
            "net_income_4q": null,
            "revenue": 351997,
            "revenue_4q": null,
            "common_shares": 2537569,
            "book_valuer_per_share": 5.11,
            "book_valuer_per_share_4q_avg": 5.66,
            "equity": 1319550,
            "current_ratio": 25.38,
            "debt_ratio": 63.77,
            "inventory_turnover_ratio": 2.42,
            "account_receivable_turnover_ratio": 14.82,
            "reinvestment_rate": null,
            "research_to_sale_ratio": null,
            "price_fair": 0,
            "eps_avg_yearly": 0,
            "eps_latest_yearly": 0,
            "eps_growth_yearly": 0
        },
        "20172": {
            "year_quarter": 20172,
            "year": 2017,
            "quarter": 2,
            "eps": -0.41,
            "eps_growth_year": null,
            "eps_4q": -1.55,
            "eps_4q_growth_year": null,
            "roe": -8.39,
            "roe_4q": -28.090000000000003,
            "gross_profit": 176440,
            "gross_margin": 54.12,
            "gross_margin_4q_avg": 53.26,
            "net_income": -105513,
            "net_income_4q": null,
            "revenue": 326008,
            "revenue_4q": null,
            "common_shares": 2537569,
            "book_valuer_per_share": 4.7,
            "book_valuer_per_share_4q_avg": 5.28,
            "equity": 1195589,
            "current_ratio": 32.2,
            "debt_ratio": 65.57,
            "inventory_turnover_ratio": 2.25,
            "account_receivable_turnover_ratio": 17.56,
            "reinvestment_rate": null,
            "research_to_sale_ratio": null,
            "price_fair": 0,
            "eps_avg_yearly": 0,
            "eps_latest_yearly": 0,
            "eps_growth_yearly": 0
        },
        "20173": {
            "year_quarter": 20173,
            "year": 2017,
            "quarter": 3,
            "eps": -0.27,
            "eps_growth_year": null,
            "eps_4q": -1.32,
            "eps_4q_growth_year": null,
            "roe": -5.91,
            "roe_4q": -25.78,
            "gross_profit": 73489,
            "gross_margin": 43.75,
            "gross_margin_4q_avg": 51.66,
            "net_income": -68615,
            "net_income_4q": null,
            "revenue": 167981,
            "revenue_4q": null,
            "common_shares": 2537569,
            "book_valuer_per_share": 4.44,
            "book_valuer_per_share_4q_avg": 4.94,
            "equity": 1126289,
            "current_ratio": 18.53,
            "debt_ratio": 66.85,
            "inventory_turnover_ratio": 2.06,
            "account_receivable_turnover_ratio": 12.57,
            "reinvestment_rate": null,
            "research_to_sale_ratio": null,
            "price_fair": 0,
            "eps_avg_yearly": 0,
            "eps_latest_yearly": 0,
            "eps_growth_yearly": 0
        },
        "20174": {
            "year_quarter": 20174,
            "year": 2017,
            "quarter": 4,
            "eps": -0.22,
            "eps_growth_year": null,
            "eps_4q": -1.28,
            "eps_4q_growth_year": null,
            "roe": -5.04,
            "roe_4q": -26.35,
            "gross_profit": 63173,
            "gross_margin": 41.74,
            "gross_margin_4q_avg": 48.35,
            "net_income": -55349,
            "net_income_4q": null,
            "revenue": 151355,
            "revenue_4q": null,
            "common_shares": 2537569,
            "book_valuer_per_share": 4.22,
            "book_valuer_per_share_4q_avg": 4.62,
            "equity": 1069994,
            "current_ratio": 18.29,
            "debt_ratio": 69.04,
            "inventory_turnover_ratio": 2.88,
            "account_receivable_turnover_ratio": 13.26,
            "reinvestment_rate": null,
            "research_to_sale_ratio": null,
            "price_fair": 0,
            "eps_avg_yearly": 0,
            "eps_latest_yearly": 0,
            "eps_growth_yearly": 0
        },
        "20181": {
            "year_quarter": 20181,
            "year": 2018,
            "quarter": 1,
            "eps": 0.03,
            "eps_growth_year": null,
            "eps_4q": -0.87,
            "eps_4q_growth_year": null,
            "roe": 0.81,
            "roe_4q": -18.53,
            "gross_profit": 83025,
            "gross_margin": 52.78,
            "gross_margin_4q_avg": 48.1,
            "net_income": 8799,
            "net_income_4q": null,
            "revenue": 157302,
            "revenue_4q": null,
            "common_shares": 2537569,
            "book_valuer_per_share": 4.33,
            "book_valuer_per_share_4q_avg": 4.42,
            "equity": 1098875,
            "current_ratio": 15.99,
            "debt_ratio": 67.52,
            "inventory_turnover_ratio": 2.53,
            "account_receivable_turnover_ratio": 13.69,
            "reinvestment_rate": null,
            "research_to_sale_ratio": null,
            "price_fair": 0,
            "eps_avg_yearly": 0,
            "eps_latest_yearly": 0,
            "eps_growth_yearly": 0
        },
        "20182": {
            "year_quarter": 20182,
            "year": 2018,
            "quarter": 2,
            "eps": -0.16,
            "eps_growth_year": null,
            "eps_4q": -0.61,
            "eps_4q_growth_year": null,
            "roe": -3.81,
            "roe_4q": -13.95,
            "gross_profit": 67960,
            "gross_margin": 45.96,
            "gross_margin_4q_avg": 46.06,
            "net_income": -40792,
            "net_income_4q": null,
            "revenue": 147874,
            "revenue_4q": null,
            "common_shares": 2537569,
            "book_valuer_per_share": 4.12,
            "book_valuer_per_share_4q_avg": 4.28,
            "equity": 1044665,
            "current_ratio": 24.86,
            "debt_ratio": 68.89,
            "inventory_turnover_ratio": 2.95,
            "account_receivable_turnover_ratio": 15,
            "reinvestment_rate": null,
            "research_to_sale_ratio": null,
            "price_fair": 0,
            "eps_avg_yearly": 0,
            "eps_latest_yearly": 0,
            "eps_growth_yearly": 0
        },
        "20183": {
            "year_quarter": 20183,
            "year": 2018,
            "quarter": 3,
            "eps": -0.2,
            "eps_growth_year": null,
            "eps_4q": -0.55,
            "eps_4q_growth_year": null,
            "roe": -5.06,
            "roe_4q": -13.099999999999998,
            "gross_profit": 67204,
            "gross_margin": 42.73,
            "gross_margin_4q_avg": 45.8,
            "net_income": -51440,
            "net_income_4q": null,
            "revenue": 157258,
            "revenue_4q": null,
            "common_shares": 2537569,
            "book_valuer_per_share": 3.9,
            "book_valuer_per_share_4q_avg": 4.14,
            "equity": 989847,
            "current_ratio": 18.92,
            "debt_ratio": 69.79,
            "inventory_turnover_ratio": 3.54,
            "account_receivable_turnover_ratio": 12.64,
            "reinvestment_rate": null,
            "research_to_sale_ratio": null,
            "price_fair": 0,
            "eps_avg_yearly": 0,
            "eps_latest_yearly": 0,
            "eps_growth_yearly": 0
        },
        "20184": {
            "year_quarter": 20184,
            "year": 2018,
            "quarter": 4,
            "eps": -0.1,
            "eps_growth_year": null,
            "eps_4q": -0.43,
            "eps_4q_growth_year": null,
            "roe": -2.53,
            "roe_4q": -10.59,
            "gross_profit": 62512,
            "gross_margin": 52.88,
            "gross_margin_4q_avg": 48.59,
            "net_income": -24715,
            "net_income_4q": null,
            "revenue": 118206,
            "revenue_4q": null,
            "common_shares": 2537569,
            "book_valuer_per_share": 3.81,
            "book_valuer_per_share_4q_avg": 4.04,
            "equity": 967683,
            "current_ratio": 21.25,
            "debt_ratio": 70.55,
            "inventory_turnover_ratio": 2.28,
            "account_receivable_turnover_ratio": 8.52,
            "reinvestment_rate": null,
            "research_to_sale_ratio": null,
            "price_fair": 0,
            "eps_avg_yearly": 0,
            "eps_latest_yearly": 0,
            "eps_growth_yearly": 0
        },
        "20191": {
            "year_quarter": 20191,
            "year": 2019,
            "quarter": 1,
            "eps": -0.25,
            "eps_growth_year": -933.33,
            "eps_4q": -0.71,
            "eps_4q_growth_year": null,
            "roe": -6.77,
            "roe_4q": -18.169999999999998,
            "gross_profit": 53910,
            "gross_margin": 39.07,
            "gross_margin_4q_avg": 45.16,
            "net_income": -62757,
            "net_income_4q": null,
            "revenue": 137979,
            "revenue_4q": null,
            "common_shares": 2537569,
            "book_valuer_per_share": 3.49,
            "book_valuer_per_share_4q_avg": 3.83,
            "equity": 886232,
            "current_ratio": 18.76,
            "debt_ratio": 72.66,
            "inventory_turnover_ratio": 4.43,
            "account_receivable_turnover_ratio": 8.87,
            "reinvestment_rate": null,
            "research_to_sale_ratio": null,
            "price_fair": 0,
            "eps_avg_yearly": 0,
            "eps_latest_yearly": 0,
            "eps_growth_yearly": 0
        },
        "20192": {
            "year_quarter": 20192,
            "year": 2019,
            "quarter": 2,
            "eps": -0.22,
            "eps_growth_year": null,
            "eps_4q": -0.76,
            "eps_4q_growth_year": null,
            "roe": -6.43,
            "roe_4q": -20.79,
            "gross_profit": 59397,
            "gross_margin": 44.64,
            "gross_margin_4q_avg": 44.83,
            "net_income": -55209,
            "net_income_4q": null,
            "revenue": 133059,
            "revenue_4q": null,
            "common_shares": 2537569,
            "book_valuer_per_share": 3.27,
            "book_valuer_per_share_4q_avg": 3.62,
            "equity": 830467,
            "current_ratio": 17.33,
            "debt_ratio": 73.94,
            "inventory_turnover_ratio": 5.67,
            "account_receivable_turnover_ratio": 7.84,
            "reinvestment_rate": null,
            "research_to_sale_ratio": null,
            "price_fair": 0,
            "eps_avg_yearly": 0,
            "eps_latest_yearly": 0,
            "eps_growth_yearly": 0
        },
        "20193": {
            "year_quarter": 20193,
            "year": 2019,
            "quarter": 3,
            "eps": -0.17,
            "eps_growth_year": null,
            "eps_4q": -0.73,
            "eps_4q_growth_year": null,
            "roe": -5.38,
            "roe_4q": -21.11,
            "gross_profit": 59473,
            "gross_margin": 42.36,
            "gross_margin_4q_avg": 44.74,
            "net_income": -43215,
            "net_income_4q": null,
            "revenue": 140401,
            "revenue_4q": null,
            "common_shares": 2537569,
            "book_valuer_per_share": 3.06,
            "book_valuer_per_share_4q_avg": 3.41,
            "equity": 777334,
            "current_ratio": 16.8,
            "debt_ratio": 75.29,
            "inventory_turnover_ratio": 6.52,
            "account_receivable_turnover_ratio": 7.85,
            "reinvestment_rate": null,
            "research_to_sale_ratio": null,
            "price_fair": 0,
            "eps_avg_yearly": 0,
            "eps_latest_yearly": 0,
            "eps_growth_yearly": 0
        },
        "20194": {
            "year_quarter": 20194,
            "year": 2019,
            "quarter": 4,
            "eps": -0.12,
            "eps_growth_year": null,
            "eps_4q": -0.76,
            "eps_4q_growth_year": null,
            "roe": -4.04,
            "roe_4q": -22.619999999999997,
            "gross_profit": 68718,
            "gross_margin": 50.16,
            "gross_margin_4q_avg": 44.06,
            "net_income": -31121,
            "net_income_4q": null,
            "revenue": 137006,
            "revenue_4q": null,
            "common_shares": 2537569,
            "book_valuer_per_share": 3.01,
            "book_valuer_per_share_4q_avg": 3.21,
            "equity": 764153,
            "current_ratio": 14.92,
            "debt_ratio": 75.43,
            "inventory_turnover_ratio": 5.39,
            "account_receivable_turnover_ratio": 7.6,
            "reinvestment_rate": null,
            "research_to_sale_ratio": null,
            "price_fair": 0,
            "eps_avg_yearly": 0,
            "eps_latest_yearly": 0,
            "eps_growth_yearly": 0
        },
        "20201": {
            "year_quarter": 20201,
            "year": 2020,
            "quarter": 1,
            "eps": -0.4,
            "eps_growth_year": null,
            "eps_4q": -0.91,
            "eps_4q_growth_year": null,
            "roe": -14.81,
            "roe_4q": -30.66,
            "gross_profit": 8487,
            "gross_margin": 12.69,
            "gross_margin_4q_avg": 37.46,
            "net_income": -102343,
            "net_income_4q": null,
            "revenue": 66890,
            "revenue_4q": null,
            "common_shares": 2537569,
            "book_valuer_per_share": 2.43,
            "book_valuer_per_share_4q_avg": 2.94,
            "equity": 617854,
            "current_ratio": 10.53,
            "debt_ratio": 79.23,
            "inventory_turnover_ratio": 4.78,
            "account_receivable_turnover_ratio": 4.74,
            "reinvestment_rate": null,
            "research_to_sale_ratio": null,
            "price_fair": 0,
            "eps_avg_yearly": 0,
            "eps_latest_yearly": 0,
            "eps_growth_yearly": 0
        },
        "20202": {
            "year_quarter": 20202,
            "year": 2020,
            "quarter": 2,
            "eps": -0.13,
            "eps_growth_year": null,
            "eps_4q": -0.82,
            "eps_4q_growth_year": null,
            "roe": -5.3,
            "roe_4q": -29.529999999999998,
            "gross_profit": 10828,
            "gross_margin": 16.89,
            "gross_margin_4q_avg": 30.53,
            "net_income": -32024,
            "net_income_4q": null,
            "revenue": 64116,
            "revenue_4q": null,
            "common_shares": 2537569,
            "book_valuer_per_share": 2.33,
            "book_valuer_per_share_4q_avg": 2.71,
            "equity": 591449,
            "current_ratio": 9.27,
            "debt_ratio": 80.11,
            "inventory_turnover_ratio": 4.78,
            "account_receivable_turnover_ratio": 5.26,
            "reinvestment_rate": null,
            "research_to_sale_ratio": null,
            "price_fair": 0,
            "eps_avg_yearly": 0,
            "eps_latest_yearly": 0,
            "eps_growth_yearly": 0
        },
        "20203": {
            "year_quarter": 20203,
            "year": 2020,
            "quarter": 3,
            "eps": 0.24,
            "eps_growth_year": null,
            "eps_4q": -0.42,
            "eps_4q_growth_year": null,
            "roe": 9.77,
            "roe_4q": -14.379999999999999,
            "gross_profit": 134416,
            "gross_margin": 63.73,
            "gross_margin_4q_avg": 35.87,
            "net_income": 60178,
            "net_income_4q": null,
            "revenue": 210924,
            "revenue_4q": null,
            "common_shares": 2537569,
            "book_valuer_per_share": 2.52,
            "book_valuer_per_share_4q_avg": 2.57,
            "equity": 639862,
            "current_ratio": 11.41,
            "debt_ratio": 78.3,
            "inventory_turnover_ratio": 7.03,
            "account_receivable_turnover_ratio": 12.99,
            "reinvestment_rate": null,
            "research_to_sale_ratio": null,
            "price_fair": 0,
            "eps_avg_yearly": 0,
            "eps_latest_yearly": 0,
            "eps_growth_yearly": 0
        },
        "20204": {
            "year_quarter": 20204,
            "year": 2020,
            "quarter": 4,
            "eps": -0.25,
            "eps_growth_year": null,
            "eps_4q": -0.54,
            "eps_4q_growth_year": null,
            "roe": -10.06,
            "roe_4q": -20.400000000000002,
            "gross_profit": 49408,
            "gross_margin": 41.72,
            "gross_margin_4q_avg": 33.76,
            "net_income": -62856,
            "net_income_4q": null,
            "revenue": 118435,
            "revenue_4q": null,
            "common_shares": 2537569,
            "book_valuer_per_share": 2.4,
            "book_valuer_per_share_4q_avg": 2.42,
            "equity": 609736,
            "current_ratio": 8.81,
            "debt_ratio": 79.05,
            "inventory_turnover_ratio": 6.4,
            "account_receivable_turnover_ratio": 8.66,
            "reinvestment_rate": null,
            "research_to_sale_ratio": null,
            "price_fair": 0,
            "eps_avg_yearly": 0,
            "eps_latest_yearly": 0,
            "eps_growth_yearly": 0
        },
        "20211": {
            "year_quarter": 20211,
            "year": 2021,
            "quarter": 1,
            "eps": -0.13,
            "eps_growth_year": null,
            "eps_4q": -0.27,
            "eps_4q_growth_year": null,
            "roe": -5.46,
            "roe_4q": -11.05,
            "gross_profit": 37481,
            "gross_margin": 38.88,
            "gross_margin_4q_avg": 40.31,
            "net_income": -32575,
            "net_income_4q": null,
            "revenue": 96408,
            "revenue_4q": null,
            "common_shares": 2537569,
            "book_valuer_per_share": 2.3,
            "book_valuer_per_share_4q_avg": 2.39,
            "equity": 582774,
            "current_ratio": 7.86,
            "debt_ratio": 79.78,
            "inventory_turnover_ratio": 5.69,
            "account_receivable_turnover_ratio": 13.96,
            "reinvestment_rate": null,
            "research_to_sale_ratio": null,
            "price_fair": 0,
            "eps_avg_yearly": 0,
            "eps_latest_yearly": 0,
            "eps_growth_yearly": 0
        },
        "20212": {
            "year_quarter": 20212,
            "year": 2021,
            "quarter": 2,
            "eps": -0.18,
            "eps_growth_year": null,
            "eps_4q": -0.32,
            "eps_4q_growth_year": null,
            "roe": -8.16,
            "roe_4q": -13.91,
            "gross_profit": 5696,
            "gross_margin": 10.55,
            "gross_margin_4q_avg": 38.72,
            "net_income": -46018,
            "net_income_4q": null,
            "revenue": 53986,
            "revenue_4q": null,
            "common_shares": 2537569,
            "book_valuer_per_share": 2.15,
            "book_valuer_per_share_4q_avg": 2.34,
            "equity": 545180,
            "current_ratio": 4.61,
            "debt_ratio": 80.63,
            "inventory_turnover_ratio": 4.83,
            "account_receivable_turnover_ratio": 15.94,
            "reinvestment_rate": null,
            "research_to_sale_ratio": null,
            "price_fair": 0,
            "eps_avg_yearly": 0,
            "eps_latest_yearly": 0,
            "eps_growth_yearly": 0
        },
        "20213": {
            "year_quarter": 20213,
            "year": 2021,
            "quarter": 3,
            "eps": -0.25,
            "eps_growth_year": -204.17,
            "eps_4q": -0.81,
            "eps_4q_growth_year": null,
            "roe": -12.65,
            "roe_4q": -36.330000000000005,
            "gross_profit": -13946,
            "gross_margin": -39.95,
            "gross_margin_4q_avg": 12.8,
            "net_income": -64265,
            "net_income_4q": null,
            "revenue": 34907,
            "revenue_4q": null,
            "common_shares": 2537569,
            "book_valuer_per_share": 1.86,
            "book_valuer_per_share_4q_avg": 2.18,
            "equity": 471103,
            "current_ratio": 3.5,
            "debt_ratio": 82.93,
            "inventory_turnover_ratio": 5,
            "account_receivable_turnover_ratio": 14.35,
            "reinvestment_rate": null,
            "research_to_sale_ratio": null,
            "price_fair": 0,
            "eps_avg_yearly": 0,
            "eps_latest_yearly": 0,
            "eps_growth_yearly": 0
        },
        "20214": {
            "year_quarter": 20214,
            "year": 2021,
            "quarter": 4,
            "eps": -0.08,
            "eps_growth_year": null,
            "eps_4q": -0.56,
            "eps_4q_growth_year": null,
            "roe": -4.29,
            "roe_4q": -30.560000000000002,
            "gross_profit": 53618,
            "gross_margin": 44.29,
            "gross_margin_4q_avg": 13.44,
            "net_income": -22376,
            "net_income_4q": null,
            "revenue": 121074,
            "revenue_4q": null,
            "common_shares": 2967569,
            "book_valuer_per_share": 1.93,
            "book_valuer_per_share_4q_avg": 2.06,
            "equity": 571449,
            "current_ratio": 7.06,
            "debt_ratio": 79.43,
            "inventory_turnover_ratio": 6.74,
            "account_receivable_turnover_ratio": 16.28,
            "reinvestment_rate": null,
            "research_to_sale_ratio": null,
            "price_fair": 0,
            "eps_avg_yearly": 0,
            "eps_latest_yearly": 0,
            "eps_growth_yearly": 0
        },
        "20221": {
            "year_quarter": 20221,
            "year": 2022,
            "quarter": 1,
            "eps": -0.07,
            "eps_growth_year": null,
            "eps_4q": -0.52,
            "eps_4q_growth_year": null,
            "roe": -3.69,
            "roe_4q": -28.790000000000003,
            "gross_profit": 51302,
            "gross_margin": 44.37,
            "gross_margin_4q_avg": 14.82,
            "net_income": -21164,
            "net_income_4q": null,
            "revenue": 115615,
            "revenue_4q": null,
            "common_shares": 2967569,
            "book_valuer_per_share": 1.94,
            "book_valuer_per_share_4q_avg": 1.97,
            "equity": 575963,
            "current_ratio": 7.96,
            "debt_ratio": 79.38,
            "inventory_turnover_ratio": 6.1,
            "account_receivable_turnover_ratio": 11.93,
            "reinvestment_rate": null,
            "research_to_sale_ratio": null,
            "price_fair": 0,
            "eps_avg_yearly": 0,
            "eps_latest_yearly": 0,
            "eps_growth_yearly": 0
        },
        "20222": {
            "year_quarter": 20222,
            "year": 2022,
            "quarter": 2,
            "eps": -0.24,
            "eps_growth_year": null,
            "eps_4q": -0.61,
            "eps_4q_growth_year": null,
            "roe": -13.6,
            "roe_4q": -34.23,
            "gross_profit": -8158,
            "gross_margin": -19.46,
            "gross_margin_4q_avg": 7.31,
            "net_income": -72290,
            "net_income_4q": null,
            "revenue": 41916,
            "revenue_4q": null,
            "common_shares": 2967569,
            "book_valuer_per_share": 1.64,
            "book_valuer_per_share_4q_avg": 1.84,
            "equity": 486791,
            "current_ratio": 6.3,
            "debt_ratio": 81.77,
            "inventory_turnover_ratio": 5.02,
            "account_receivable_turnover_ratio": 8.89,
            "reinvestment_rate": null,
            "research_to_sale_ratio": null,
            "price_fair": 0,
            "eps_avg_yearly": 0,
            "eps_latest_yearly": 0,
            "eps_growth_yearly": 0
        },
        "20223": {
            "year_quarter": 20223,
            "year": 2022,
            "quarter": 3,
            "eps": 0.08,
            "eps_growth_year": null,
            "eps_4q": -0.31,
            "eps_4q_growth_year": null,
            "roe": 4.79,
            "roe_4q": -16.79,
            "gross_profit": 104659,
            "gross_margin": 57.54,
            "gross_margin_4q_avg": 31.69,
            "net_income": 23720,
            "net_income_4q": null,
            "revenue": 181888,
            "revenue_4q": null,
            "common_shares": 2967569,
            "book_valuer_per_share": 1.69,
            "book_valuer_per_share_4q_avg": 1.8,
            "equity": 502839,
            "current_ratio": 8.51,
            "debt_ratio": 81.14,
            "inventory_turnover_ratio": 8.58,
            "account_receivable_turnover_ratio": 9.81,
            "reinvestment_rate": null,
            "research_to_sale_ratio": null,
            "price_fair": 0,
            "eps_avg_yearly": 0,
            "eps_latest_yearly": 0,
            "eps_growth_yearly": 0
        },
        "20224": {
            "year_quarter": 20224,
            "year": 2022,
            "quarter": 4,
            "eps": -0.06,
            "eps_growth_year": null,
            "eps_4q": -0.29,
            "eps_4q_growth_year": null,
            "roe": -3.41,
            "roe_4q": -15.909999999999998,
            "gross_profit": 62146,
            "gross_margin": 46.32,
            "gross_margin_4q_avg": 32.19,
            "net_income": -17019,
            "net_income_4q": null,
            "revenue": 134155,
            "revenue_4q": null,
            "common_shares": 2967569,
            "book_valuer_per_share": 1.66,
            "book_valuer_per_share_4q_avg": 1.73,
            "equity": 493951,
            "current_ratio": 10.17,
            "debt_ratio": 81.56,
            "inventory_turnover_ratio": 7.65,
            "account_receivable_turnover_ratio": 5.78,
            "reinvestment_rate": null,
            "research_to_sale_ratio": null,
            "price_fair": 0,
            "eps_avg_yearly": 0,
            "eps_latest_yearly": 0,
            "eps_growth_yearly": 0
        },
        "20231": {
            "year_quarter": 20231,
            "year": 2023,
            "quarter": 1,
            "eps": -0.09,
            "eps_growth_year": null,
            "eps_4q": -0.54,
            "eps_4q_growth_year": null,
            "roe": -1.91,
            "roe_4q": -14.129999999999999,
            "gross_profit": 63467,
            "gross_margin": 47.9,
            "gross_margin_4q_avg": 33.08,
            "net_income": -11342,
            "net_income_4q": null,
            "revenue": 132495,
            "revenue_4q": null,
            "common_shares": 1430000,
            "book_valuer_per_share": 4.85,
            "book_valuer_per_share_4q_avg": 2.46,
            "equity": 692989,
            "current_ratio": 21.42,
            "debt_ratio": 75.51,
            "inventory_turnover_ratio": 6.45,
            "account_receivable_turnover_ratio": 12.4,
            "reinvestment_rate": null,
            "research_to_sale_ratio": null,
            "price_fair": 0,
            "eps_avg_yearly": 0,
            "eps_latest_yearly": 0,
            "eps_growth_yearly": 0
        },
        "20232": {
            "year_quarter": 20232,
            "year": 2023,
            "quarter": 2,
            "eps": -0.21,
            "eps_growth_year": null,
            "eps_4q": -0.25,
            "eps_4q_growth_year": null,
            "roe": -4.45,
            "roe_4q": -4.9799999999999995,
            "gross_profit": 44323,
            "gross_margin": 39.25,
            "gross_margin_4q_avg": 47.75,
            "net_income": -30681,
            "net_income_4q": null,
            "revenue": 112939,
            "revenue_4q": null,
            "common_shares": 1430000,
            "book_valuer_per_share": 4.79,
            "book_valuer_per_share_4q_avg": 3.25,
            "equity": 684763,
            "current_ratio": 10.19,
            "debt_ratio": 74.36,
            "inventory_turnover_ratio": 6.58,
            "account_receivable_turnover_ratio": 14.27,
            "reinvestment_rate": null,
            "research_to_sale_ratio": null,
            "price_fair": 0,
            "eps_avg_yearly": 0,
            "eps_latest_yearly": 0,
            "eps_growth_yearly": 0
        },
        "20233": {
            "year_quarter": 20233,
            "year": 2023,
            "quarter": 3,
            "eps": -0.02,
            "eps_growth_year": -125,
            "eps_4q": -0.43,
            "eps_4q_growth_year": null,
            "roe": -0.38,
            "roe_4q": -10.15,
            "gross_profit": 81685,
            "gross_margin": 50.76,
            "gross_margin_4q_avg": 46.06,
            "net_income": -2577,
            "net_income_4q": null,
            "revenue": 160914,
            "revenue_4q": null,
            "common_shares": 1430000,
            "book_valuer_per_share": 4.71,
            "book_valuer_per_share_4q_avg": 4,
            "equity": 673829,
            "current_ratio": 11.71,
            "debt_ratio": 74.67,
            "inventory_turnover_ratio": 8.35,
            "account_receivable_turnover_ratio": 16.6,
            "reinvestment_rate": null,
            "research_to_sale_ratio": null,
            "price_fair": 0,
            "eps_avg_yearly": 0,
            "eps_latest_yearly": 0,
            "eps_growth_yearly": 0
        },
        "20234": {
            "year_quarter": 20234,
            "year": 2023,
            "quarter": 4,
            "eps": -0.02,
            "eps_growth_year": null,
            "eps_4q": -0.34,
            "eps_4q_growth_year": null,
            "roe": -0.51,
            "roe_4q": -7.25,
            "gross_profit": 78215,
            "gross_margin": 51.54,
            "gross_margin_4q_avg": 47.36,
            "net_income": -3440,
            "net_income_4q": null,
            "revenue": 151762,
            "revenue_4q": null,
            "common_shares": 1430000,
            "book_valuer_per_share": 4.72,
            "book_valuer_per_share_4q_avg": 4.77,
            "equity": 675011,
            "current_ratio": 13.5,
            "debt_ratio": 74.75,
            "inventory_turnover_ratio": 7.67,
            "account_receivable_turnover_ratio": 10.18,
            "reinvestment_rate": null,
            "research_to_sale_ratio": null,
            "price_fair": 0,
            "eps_avg_yearly": 0,
            "eps_latest_yearly": 0,
            "eps_growth_yearly": 0
        }
    },
    "months": {
        "2001-06": {
            "month": "2001-06",
            "price": "13.39",
            "revenue": 43609
        },
        "2001-07": {
            "month": "2001-07",
            "price": "10.80",
            "revenue": 39739
        },
        "2001-08": {
            "month": "2001-08",
            "price": "10.55",
            "revenue": 55637
        },
        "2001-09": {
            "month": "2001-09",
            "price": "9.62",
            "revenue": 28221
        },
        "2001-10": {
            "month": "2001-10",
            "price": "8.80",
            "revenue": 60098
        },
        "2001-11": {
            "month": "2001-11",
            "price": "8.68",
            "revenue": 65023
        },
        "2001-12": {
            "month": "2001-12",
            "price": "9.11",
            "revenue": 87309
        },
        "2002-01": {
            "month": "2002-01",
            "price": "9.96",
            "revenue": 57321
        },
        "2002-02": {
            "month": "2002-02",
            "price": "9.79",
            "revenue": 137898
        },
        "2002-03": {
            "month": "2002-03",
            "price": "9.17",
            "revenue": 58785
        },
        "2002-04": {
            "month": "2002-04",
            "price": "9.80",
            "revenue": 74618
        },
        "2002-05": {
            "month": "2002-05",
            "price": "9.31",
            "revenue": 47126
        },
        "2002-06": {
            "month": "2002-06",
            "price": "9.95",
            "revenue": 65887
        },
        "2002-07": {
            "month": "2002-07",
            "price": "10.92",
            "revenue": 84507
        },
        "2002-08": {
            "month": "2002-08",
            "price": "9.94",
            "revenue": 128130
        },
        "2002-09": {
            "month": "2002-09",
            "price": "8.36",
            "revenue": 99514
        },
        "2002-10": {
            "month": "2002-10",
            "price": "7.17",
            "revenue": 116611
        },
        "2002-11": {
            "month": "2002-11",
            "price": "7.95",
            "revenue": 121973
        },
        "2002-12": {
            "month": "2002-12",
            "price": "10.70",
            "revenue": 119574
        },
        "2003-01": {
            "month": "2003-01",
            "price": "11.49",
            "revenue": 91833
        },
        "2003-02": {
            "month": "2003-02",
            "price": "9.50",
            "revenue": 173154
        },
        "2003-03": {
            "month": "2003-03",
            "price": "8.18",
            "revenue": 92778
        },
        "2003-04": {
            "month": "2003-04",
            "price": "7.56",
            "revenue": 82882
        },
        "2003-05": {
            "month": "2003-05",
            "price": "6.64",
            "revenue": 34726
        },
        "2003-06": {
            "month": "2003-06",
            "price": "8.25",
            "revenue": 105865
        },
        "2003-07": {
            "month": "2003-07",
            "price": "8.39",
            "revenue": 130266
        },
        "2003-08": {
            "month": "2003-08",
            "price": "8.67",
            "revenue": 161797
        },
        "2003-09": {
            "month": "2003-09",
            "price": "7.47",
            "revenue": 106950
        },
        "2003-10": {
            "month": "2003-10",
            "price": "7.86",
            "revenue": 133502
        },
        "2003-11": {
            "month": "2003-11",
            "price": "8.05",
            "revenue": 118625
        },
        "2003-12": {
            "month": "2003-12",
            "price": "9.78",
            "revenue": 120343
        },
        "2004-01": {
            "month": "2004-01",
            "price": "11.46",
            "revenue": 160649
        },
        "2004-02": {
            "month": "2004-02",
            "price": "13.10",
            "revenue": 102759
        },
        "2004-03": {
            "month": "2004-03",
            "price": "11.95",
            "revenue": 106629
        },
        "2004-04": {
            "month": "2004-04",
            "price": "10.97",
            "revenue": 93017
        },
        "2004-05": {
            "month": "2004-05",
            "price": "10.71",
            "revenue": 91916
        },
        "2004-06": {
            "month": "2004-06",
            "price": "10.91",
            "revenue": 96058
        },
        "2004-07": {
            "month": "2004-07",
            "price": "9.66",
            "revenue": 133403
        },
        "2004-08": {
            "month": "2004-08",
            "price": "8.49",
            "revenue": 168820
        },
        "2004-09": {
            "month": "2004-09",
            "price": "8.70",
            "revenue": 129357
        },
        "2004-10": {
            "month": "2004-10",
            "price": "8.92",
            "revenue": 158703
        },
        "2004-11": {
            "month": "2004-11",
            "price": "9.12",
            "revenue": 182663
        },
        "2004-12": {
            "month": "2004-12",
            "price": "11.13",
            "revenue": 188415
        },
        "2005-01": {
            "month": "2005-01",
            "price": "11.44",
            "revenue": 137133
        },
        "2005-02": {
            "month": "2005-02",
            "price": "10.92",
            "revenue": 239220
        },
        "2005-03": {
            "month": "2005-03",
            "price": "11.97",
            "revenue": 146121
        },
        "2005-04": {
            "month": "2005-04",
            "price": "11.52",
            "revenue": 118595
        },
        "2005-05": {
            "month": "2005-05",
            "price": "16.22",
            "revenue": 107450
        },
        "2005-06": {
            "month": "2005-06",
            "price": "23.36",
            "revenue": 113988
        },
        "2005-07": {
            "month": "2005-07",
            "price": "21.46",
            "revenue": 160171
        },
        "2005-08": {
            "month": "2005-08",
            "price": "22.29",
            "revenue": 164421
        },
        "2005-09": {
            "month": "2005-09",
            "price": "18.60",
            "revenue": 114475
        },
        "2005-10": {
            "month": "2005-10",
            "price": "17.57",
            "revenue": 144748
        },
        "2005-11": {
            "month": "2005-11",
            "price": "17.21",
            "revenue": 140297
        },
        "2005-12": {
            "month": "2005-12",
            "price": "20.81",
            "revenue": 155409
        },
        "2006-01": {
            "month": "2006-01",
            "price": "18.39",
            "revenue": 135837
        },
        "2006-02": {
            "month": "2006-02",
            "price": "17.36",
            "revenue": 175138
        },
        "2006-03": {
            "month": "2006-03",
            "price": "17.19",
            "revenue": 99216
        },
        "2006-04": {
            "month": "2006-04",
            "price": "20.01",
            "revenue": 102358
        },
        "2006-05": {
            "month": "2006-05",
            "price": "20.91",
            "revenue": 87579
        },
        "2006-06": {
            "month": "2006-06",
            "price": "20.92",
            "revenue": 91746
        },
        "2006-07": {
            "month": "2006-07",
            "price": "19.77",
            "revenue": 162886
        },
        "2006-08": {
            "month": "2006-08",
            "price": "18.95",
            "revenue": 207795
        },
        "2006-09": {
            "month": "2006-09",
            "price": "17.92",
            "revenue": 147463
        },
        "2006-10": {
            "month": "2006-10",
            "price": "18.25",
            "revenue": 184897
        },
        "2006-11": {
            "month": "2006-11",
            "price": "18.16",
            "revenue": 153356
        },
        "2006-12": {
            "month": "2006-12",
            "price": "21.40",
            "revenue": 158517
        },
        "2007-01": {
            "month": "2007-01",
            "price": "19.56",
            "revenue": 106883
        },
        "2007-02": {
            "month": "2007-02",
            "price": "20.88",
            "revenue": 258238
        },
        "2007-03": {
            "month": "2007-03",
            "price": "19.75",
            "revenue": 131318
        },
        "2007-04": {
            "month": "2007-04",
            "price": "20.20",
            "revenue": 134235
        },
        "2007-05": {
            "month": "2007-05",
            "price": "18.03",
            "revenue": 115793
        },
        "2007-06": {
            "month": "2007-06",
            "price": "18.37",
            "revenue": 118903
        },
        "2007-07": {
            "month": "2007-07",
            "price": "19.06",
            "revenue": 137723
        },
        "2007-08": {
            "month": "2007-08",
            "price": "16.05",
            "revenue": 124155
        },
        "2007-09": {
            "month": "2007-09",
            "price": "14.14",
            "revenue": 229215
        },
        "2007-10": {
            "month": "2007-10",
            "price": "13.91",
            "revenue": 341149
        },
        "2007-11": {
            "month": "2007-11",
            "price": "12.60",
            "revenue": 209955
        },
        "2007-12": {
            "month": "2007-12",
            "price": "12.51",
            "revenue": 355497
        },
        "2008-01": {
            "month": "2008-01",
            "price": "15.15",
            "revenue": 223287
        },
        "2008-02": {
            "month": "2008-02",
            "price": "16.67",
            "revenue": 366043
        },
        "2008-03": {
            "month": "2008-03",
            "price": "18.79",
            "revenue": 193815
        },
        "2008-04": {
            "month": "2008-04",
            "price": "21.34",
            "revenue": 249005
        },
        "2008-05": {
            "month": "2008-05",
            "price": "21.56",
            "revenue": 255947
        },
        "2008-06": {
            "month": "2008-06",
            "price": "19.17",
            "revenue": 203490
        },
        "2008-07": {
            "month": "2008-07",
            "price": "12.52",
            "revenue": 248603
        },
        "2008-08": {
            "month": "2008-08",
            "price": "12.31",
            "revenue": 285245
        },
        "2008-09": {
            "month": "2008-09",
            "price": "10.64",
            "revenue": 230210
        },
        "2008-10": {
            "month": "2008-10",
            "price": "7.97",
            "revenue": 300921
        },
        "2008-11": {
            "month": "2008-11",
            "price": "6.32",
            "revenue": 194687
        },
        "2008-12": {
            "month": "2008-12",
            "price": "7.29",
            "revenue": 191940
        },
        "2009-01": {
            "month": "2009-01",
            "price": "7.87",
            "revenue": 348428
        },
        "2009-02": {
            "month": "2009-02",
            "price": "7.15",
            "revenue": 179957
        },
        "2009-03": {
            "month": "2009-03",
            "price": "8.04",
            "revenue": 186485
        },
        "2009-04": {
            "month": "2009-04",
            "price": "12.36",
            "revenue": 177508
        },
        "2009-05": {
            "month": "2009-05",
            "price": "12.66",
            "revenue": 231430
        },
        "2009-06": {
            "month": "2009-06",
            "price": "14.16",
            "revenue": 162525
        },
        "2009-07": {
            "month": "2009-07",
            "price": "16.01",
            "revenue": 224761
        },
        "2009-08": {
            "month": "2009-08",
            "price": "12.20",
            "revenue": 222972
        },
        "2009-09": {
            "month": "2009-09",
            "price": "12.46",
            "revenue": 254921
        },
        "2009-10": {
            "month": "2009-10",
            "price": "11.92",
            "revenue": 239951
        },
        "2009-11": {
            "month": "2009-11",
            "price": "11.92",
            "revenue": 168062
        },
        "2009-12": {
            "month": "2009-12",
            "price": "13.05",
            "revenue": 195675
        },
        "2010-01": {
            "month": "2010-01",
            "price": "13.59",
            "revenue": 213789
        },
        "2010-02": {
            "month": "2010-02",
            "price": "12.57",
            "revenue": 333248
        },
        "2010-03": {
            "month": "2010-03",
            "price": "12.15",
            "revenue": 193568
        },
        "2010-04": {
            "month": "2010-04",
            "price": "12.15",
            "revenue": 188595
        },
        "2010-05": {
            "month": "2010-05",
            "price": "10.83",
            "revenue": 190779
        },
        "2010-06": {
            "month": "2010-06",
            "price": "11.70",
            "revenue": 171410
        },
        "2010-07": {
            "month": "2010-07",
            "price": "11.83",
            "revenue": 246462
        },
        "2010-08": {
            "month": "2010-08",
            "price": "11.62",
            "revenue": 279424
        },
        "2010-09": {
            "month": "2010-09",
            "price": "10.68",
            "revenue": 275148
        },
        "2010-10": {
            "month": "2010-10",
            "price": "10.41",
            "revenue": 249295
        },
        "2010-11": {
            "month": "2010-11",
            "price": "10.09",
            "revenue": 176414
        },
        "2010-12": {
            "month": "2010-12",
            "price": "10.70",
            "revenue": 199828
        },
        "2011-01": {
            "month": "2011-01",
            "price": "11.27",
            "revenue": 228609
        },
        "2011-02": {
            "month": "2011-02",
            "price": "10.30",
            "revenue": 285510
        },
        "2011-03": {
            "month": "2011-03",
            "price": "9.52",
            "revenue": 190510
        },
        "2011-04": {
            "month": "2011-04",
            "price": "9.94",
            "revenue": 215737
        },
        "2011-05": {
            "month": "2011-05",
            "price": "10.03",
            "revenue": 177379
        },
        "2011-06": {
            "month": "2011-06",
            "price": "10.30",
            "revenue": 220819
        },
        "2011-07": {
            "month": "2011-07",
            "price": "9.39",
            "revenue": 253942
        },
        "2011-08": {
            "month": "2011-08",
            "price": "7.36",
            "revenue": 238712
        },
        "2011-09": {
            "month": "2011-09",
            "price": "6.79",
            "revenue": 288274
        },
        "2011-10": {
            "month": "2011-10",
            "price": "6.72",
            "revenue": 242719
        },
        "2011-11": {
            "month": "2011-11",
            "price": "6.46",
            "revenue": 170449
        },
        "2011-12": {
            "month": "2011-12",
            "price": "5.59",
            "revenue": 220971
        },
        "2012-01": {
            "month": "2012-01",
            "price": "5.95",
            "revenue": 324593
        },
        "2012-02": {
            "month": "2012-02",
            "price": "7.00",
            "revenue": 189946
        },
        "2012-03": {
            "month": "2012-03",
            "price": "6.71",
            "revenue": 234760
        },
        "2012-04": {
            "month": "2012-04",
            "price": "5.83",
            "revenue": 170574
        },
        "2012-05": {
            "month": "2012-05",
            "price": "5.52",
            "revenue": 169735
        },
        "2012-06": {
            "month": "2012-06",
            "price": "5.42",
            "revenue": 170392
        },
        "2012-07": {
            "month": "2012-07",
            "price": "5.62",
            "revenue": 229098
        },
        "2012-08": {
            "month": "2012-08",
            "price": "5.35",
            "revenue": 209142
        },
        "2012-09": {
            "month": "2012-09",
            "price": "5.21",
            "revenue": 283031
        },
        "2012-10": {
            "month": "2012-10",
            "price": "5.00",
            "revenue": 245837
        },
        "2012-11": {
            "month": "2012-11",
            "price": "4.26",
            "revenue": 197482
        },
        "2012-12": {
            "month": "2012-12",
            "price": "4.63",
            "revenue": 260187
        },
        "2013-01": {
            "month": "2013-01",
            "price": "5.24",
            "revenue": 100677
        },
        "2013-02": {
            "month": "2013-02",
            "price": "5.07",
            "revenue": 180821
        },
        "2013-03": {
            "month": "2013-03",
            "price": "4.69",
            "revenue": 123907
        },
        "2013-04": {
            "month": "2013-04",
            "price": "4.25",
            "revenue": 117387
        },
        "2013-05": {
            "month": "2013-05",
            "price": "4.39",
            "revenue": 100521
        },
        "2013-06": {
            "month": "2013-06",
            "price": "4.33",
            "revenue": 113043
        },
        "2013-07": {
            "month": "2013-07",
            "price": "4.26",
            "revenue": 153035
        },
        "2013-08": {
            "month": "2013-08",
            "price": "3.88",
            "revenue": 140156
        },
        "2013-09": {
            "month": "2013-09",
            "price": "4.22",
            "revenue": 150875
        },
        "2013-10": {
            "month": "2013-10",
            "price": "5.86",
            "revenue": 119458
        },
        "2013-11": {
            "month": "2013-11",
            "price": "5.29",
            "revenue": 114496
        },
        "2013-12": {
            "month": "2013-12",
            "price": "5.77",
            "revenue": 127191
        },
        "2014-01": {
            "month": "2014-01",
            "price": "5.78",
            "revenue": 132424
        },
        "2014-02": {
            "month": "2014-02",
            "price": "5.36",
            "revenue": 136185
        },
        "2014-03": {
            "month": "2014-03",
            "price": "5.24",
            "revenue": 132646
        },
        "2014-04": {
            "month": "2014-04",
            "price": "5.23",
            "revenue": 112353
        },
        "2014-05": {
            "month": "2014-05",
            "price": "5.33",
            "revenue": 110552
        },
        "2014-06": {
            "month": "2014-06",
            "price": "5.47",
            "revenue": 138613
        },
        "2014-07": {
            "month": "2014-07",
            "price": "5.91",
            "revenue": 144227
        },
        "2014-08": {
            "month": "2014-08",
            "price": "5.34",
            "revenue": 150582
        },
        "2014-09": {
            "month": "2014-09",
            "price": "5.15",
            "revenue": 160015
        },
        "2014-10": {
            "month": "2014-10",
            "price": "4.69",
            "revenue": 126280
        },
        "2014-11": {
            "month": "2014-11",
            "price": "4.61",
            "revenue": 108889
        },
        "2014-12": {
            "month": "2014-12",
            "price": "4.72",
            "revenue": 122722
        },
        "2015-01": {
            "month": "2015-01",
            "price": "4.85",
            "revenue": 123895
        },
        "2015-02": {
            "month": "2015-02",
            "price": "4.78",
            "revenue": 177081
        },
        "2015-03": {
            "month": "2015-03",
            "price": "4.69",
            "revenue": 130826
        },
        "2015-04": {
            "month": "2015-04",
            "price": "4.55",
            "revenue": 128964
        },
        "2015-05": {
            "month": "2015-05",
            "price": "4.56",
            "revenue": 119818
        },
        "2015-06": {
            "month": "2015-06",
            "price": "4.18",
            "revenue": 111917
        },
        "2015-07": {
            "month": "2015-07",
            "price": "3.88",
            "revenue": 118043
        },
        "2015-08": {
            "month": "2015-08",
            "price": "3.28",
            "revenue": 119745
        },
        "2015-09": {
            "month": "2015-09",
            "price": "3.20",
            "revenue": 152884
        },
        "2015-10": {
            "month": "2015-10",
            "price": "3.34",
            "revenue": 132287
        },
        "2015-11": {
            "month": "2015-11",
            "price": "3.50",
            "revenue": 103717
        },
        "2015-12": {
            "month": "2015-12",
            "price": "3.38",
            "revenue": 115654
        },
        "2016-01": {
            "month": "2016-01",
            "price": "3.13",
            "revenue": 110989
        },
        "2016-02": {
            "month": "2016-02",
            "price": "3.00",
            "revenue": 148321
        },
        "2016-03": {
            "month": "2016-03",
            "price": "3.03",
            "revenue": 118893
        },
        "2016-04": {
            "month": "2016-04",
            "price": "2.94",
            "revenue": 120818
        },
        "2016-05": {
            "month": "2016-05",
            "price": "2.84",
            "revenue": 102567
        },
        "2016-06": {
            "month": "2016-06",
            "price": "2.82",
            "revenue": 107596
        },
        "2016-07": {
            "month": "2016-07",
            "price": "2.83",
            "revenue": 123027
        },
        "2016-08": {
            "month": "2016-08",
            "price": "2.90",
            "revenue": 106080
        },
        "2016-09": {
            "month": "2016-09",
            "price": "3.00",
            "revenue": 133830
        },
        "2016-10": {
            "month": "2016-10",
            "price": "2.84",
            "revenue": 121681
        },
        "2016-11": {
            "month": "2016-11",
            "price": "2.48",
            "revenue": 98294
        },
        "2016-12": {
            "month": "2016-12",
            "price": "2.69",
            "revenue": 118634
        },
        "2017-01": {
            "month": "2017-01",
            "price": "2.87",
            "revenue": 141605
        },
        "2017-02": {
            "month": "2017-02",
            "price": "2.95",
            "revenue": 105309
        },
        "2017-03": {
            "month": "2017-03",
            "price": "2.98",
            "revenue": 105005
        },
        "2017-04": {
            "month": "2017-04",
            "price": "2.89",
            "revenue": 127989
        },
        "2017-05": {
            "month": "2017-05",
            "price": "2.86",
            "revenue": 115583
        },
        "2017-06": {
            "month": "2017-06",
            "price": "2.96",
            "revenue": 82442
        },
        "2017-07": {
            "month": "2017-07",
            "price": "2.90",
            "revenue": 108886
        },
        "2017-08": {
            "month": "2017-08",
            "price": "2.53",
            "revenue": 111972
        },
        "2017-09": {
            "month": "2017-09",
            "price": "2.18",
            "revenue": 37775
        },
        "2017-10": {
            "month": "2017-10",
            "price": "2.25",
            "revenue": 49095
        },
        "2017-11": {
            "month": "2017-11",
            "price": "2.15",
            "revenue": 43433
        },
        "2017-12": {
            "month": "2017-12",
            "price": "2.27",
            "revenue": 58827
        },
        "2018-01": {
            "month": "2018-01",
            "price": "2.35",
            "revenue": 43516
        },
        "2018-02": {
            "month": "2018-02",
            "price": "2.36",
            "revenue": 68086
        },
        "2018-03": {
            "month": "2018-03",
            "price": "2.36",
            "revenue": 45709
        },
        "2018-04": {
            "month": "2018-04",
            "price": "2.15",
            "revenue": 54650
        },
        "2018-05": {
            "month": "2018-05",
            "price": "2.22",
            "revenue": 44793
        },
        "2018-06": {
            "month": "2018-06",
            "price": "2.28",
            "revenue": 48431
        },
        "2018-07": {
            "month": "2018-07",
            "price": "2.14",
            "revenue": 57316
        },
        "2018-08": {
            "month": "2018-08",
            "price": "2.08",
            "revenue": 58049
        },
        "2018-09": {
            "month": "2018-09",
            "price": "2.05",
            "revenue": 41894
        },
        "2018-10": {
            "month": "2018-10",
            "price": "1.97",
            "revenue": 38400
        },
        "2018-11": {
            "month": "2018-11",
            "price": "1.91",
            "revenue": 35324
        },
        "2018-12": {
            "month": "2018-12",
            "price": "2.15",
            "revenue": 45163
        },
        "2019-01": {
            "month": "2019-01",
            "price": "2.03",
            "revenue": 49463
        },
        "2019-02": {
            "month": "2019-02",
            "price": "2.01",
            "revenue": 51615
        },
        "2019-03": {
            "month": "2019-03",
            "price": "1.94",
            "revenue": 36901
        },
        "2019-04": {
            "month": "2019-04",
            "price": "1.87",
            "revenue": 56476
        },
        "2019-05": {
            "month": "2019-05",
            "price": "1.96",
            "revenue": 34706
        },
        "2019-06": {
            "month": "2019-06",
            "price": "1.88",
            "revenue": 41876
        },
        "2019-07": {
            "month": "2019-07",
            "price": "1.84",
            "revenue": 50908
        },
        "2019-08": {
            "month": "2019-08",
            "price": "1.82",
            "revenue": 45127
        },
        "2019-09": {
            "month": "2019-09",
            "price": "1.78",
            "revenue": 44366
        },
        "2019-10": {
            "month": "2019-10",
            "price": "1.69",
            "revenue": 50899
        },
        "2019-11": {
            "month": "2019-11",
            "price": "1.81",
            "revenue": 44781
        },
        "2019-12": {
            "month": "2019-12",
            "price": "1.82",
            "revenue": 41325
        },
        "2020-01": {
            "month": "2020-01",
            "price": "1.80",
            "revenue": 41293
        },
        "2020-02": {
            "month": "2020-02",
            "price": "1.64",
            "revenue": 16871
        },
        "2020-03": {
            "month": "2020-03",
            "price": "1.28",
            "revenue": 8725
        },
        "2020-04": {
            "month": "2020-04",
            "price": "1.21",
            "revenue": 10558
        },
        "2020-05": {
            "month": "2020-05",
            "price": "1.56",
            "revenue": 13065
        },
        "2020-06": {
            "month": "2020-06",
            "price": "3.18",
            "revenue": 40494
        },
        "2020-07": {
            "month": "2020-07",
            "price": "3.50",
            "revenue": 81301
        },
        "2020-08": {
            "month": "2020-08",
            "price": "2.64",
            "revenue": 91065
        },
        "2020-09": {
            "month": "2020-09",
            "price": "3.01",
            "revenue": 38559
        },
        "2020-10": {
            "month": "2020-10",
            "price": "3.04",
            "revenue": 42452
        },
        "2020-11": {
            "month": "2020-11",
            "price": "2.85",
            "revenue": 36170
        },
        "2020-12": {
            "month": "2020-12",
            "price": "2.87",
            "revenue": 39812
        },
        "2021-01": {
            "month": "2021-01",
            "price": "2.57",
            "revenue": 24534
        },
        "2021-02": {
            "month": "2021-02",
            "price": "2.58",
            "revenue": 34239
        },
        "2021-03": {
            "month": "2021-03",
            "price": "2.76",
            "revenue": 37635
        },
        "2021-04": {
            "month": "2021-04",
            "price": "2.89",
            "revenue": 41712
        },
        "2021-05": {
            "month": "2021-05",
            "price": "2.63",
            "revenue": 12020
        },
        "2021-06": {
            "month": "2021-06",
            "price": "2.83",
            "revenue": 253
        },
        "2021-07": {
            "month": "2021-07",
            "price": "3.81",
            "revenue": 3159
        },
        "2021-08": {
            "month": "2021-08",
            "price": "3.33",
            "revenue": 16368
        },
        "2021-09": {
            "month": "2021-09",
            "price": "3.19",
            "revenue": 15381
        },
        "2021-10": {
            "month": "2021-10",
            "price": "3.37",
            "revenue": 30655
        },
        "2021-11": {
            "month": "2021-11",
            "price": "3.17",
            "revenue": 42152
        },
        "2021-12": {
            "month": "2021-12",
            "price": "3.06",
            "revenue": 48267
        },
        "2022-01": {
            "month": "2022-01",
            "price": "3.10",
            "revenue": 35741
        },
        "2022-02": {
            "month": "2022-02",
            "price": "3.08",
            "revenue": 29857
        },
        "2022-03": {
            "month": "2022-03",
            "price": "3.11",
            "revenue": 50017
        },
        "2022-04": {
            "month": "2022-04",
            "price": "3.00",
            "revenue": 24027
        },
        "2022-05": {
            "month": "2022-05",
            "price": "2.94",
            "revenue": 5482
        },
        "2022-06": {
            "month": "2022-06",
            "price": "3.24",
            "revenue": 12408
        },
        "2022-07": {
            "month": "2022-07",
            "price": "3.20",
            "revenue": 56914
        },
        "2022-08": {
            "month": "2022-08",
            "price": "3.08",
            "revenue": 84880
        },
        "2022-09": {
            "month": "2022-09",
            "price": "3.04",
            "revenue": 40094
        },
        "2022-10": {
            "month": "2022-10",
            "price": "2.95",
            "revenue": 39928
        },
        "2022-11": {
            "month": "2022-11",
            "price": "2.96",
            "revenue": 43642
        },
        "2022-12": {
            "month": "2022-12",
            "price": "2.96",
            "revenue": 50584
        },
        "2023-01": {
            "month": "2023-01",
            "price": "2.99",
            "revenue": 58716
        },
        "2023-02": {
            "month": "2023-02",
            "price": "3.48",
            "revenue": 39071
        },
        "2023-03": {
            "month": "2023-03",
            "price": "3.98",
            "revenue": 34708
        },
        "2023-04": {
            "month": "2023-04",
            "price": "4.85",
            "revenue": 51108
        },
        "2023-05": {
            "month": "2023-05",
            "price": "8.02",
            "revenue": 26533
        },
        "2023-06": {
            "month": "2023-06",
            "price": "9.24",
            "revenue": 35298
        },
        "2023-07": {
            "month": "2023-07",
            "price": "8.42",
            "revenue": 60771
        },
        "2023-08": {
            "month": "2023-08",
            "price": "7.39",
            "revenue": 58260
        },
        "2023-09": {
            "month": "2023-09",
            "price": "6.94",
            "revenue": 41883
        },
        "2023-10": {
            "month": "2023-10",
            "price": "6.97",
            "revenue": 42664
        },
        "2023-11": {
            "month": "2023-11",
            "price": "6.99",
            "revenue": 47874
        },
        "2023-12": {
            "month": "2023-12",
            "price": "6.85",
            "revenue": 61222
        }
    }
}
