{
    "summary": {
        "stock_name": "亞都",
        "stock_id": "5703",
        "category": "觀光",
        "main_business": "觀光旅館業<br>餐廳業<br>會議室出租業",
        "website_url": "http://taipei.landishotelsresorts.com/chinese-trad",
        "ceo": "顏鎮國",
        "pe_ratio": -29,
        "report_year_from": 2001,
        "report_year_to": 2023,
        "age": 22,
        "eps_negative_percentage": 53,
        "eps_growth_avg": {
            "last_all": 1.59,
            "last_2y": null,
            "last_4y": null,
            "last_8y": -21.01,
            "last_12y": 6.71,
            "last_16y": 2.71,
            "last_20y": 1.59,
            "at_2006_last_3y": 32.22,
            "at_2007_last_3y": -3.27,
            "at_2008_last_3y": -11.93,
            "at_2009_last_3y": -13.27,
            "at_2010_last_3y": 0,
            "at_2011_last_3y": 63.21,
            "at_2012_last_3y": 58.56,
            "at_2013_last_3y": 34.42,
            "at_2014_last_3y": 5.79,
            "at_2015_last_3y": 23.71,
            "at_2016_last_3y": -5.51,
            "at_2017_last_3y": -21.01,
            "at_2018_last_3y": -23.17,
            "at_2019_last_3y": -83.81,
            "at_2020_last_3y": -100,
            "at_2021_last_3y": null,
            "at_2022_last_3y": null,
            "at_2023_last_3y": null,
            "at_2006_last_all": 13.72,
            "at_2007_last_all": -5.23,
            "at_2008_last_all": -5.23,
            "at_2009_last_all": -5.23,
            "at_2010_last_all": 9.8,
            "at_2011_last_all": 11.88,
            "at_2012_last_all": 16.03,
            "at_2013_last_all": 10.63,
            "at_2014_last_all": 8.34,
            "at_2015_last_all": 15.82,
            "at_2016_last_all": 9.4,
            "at_2017_last_all": 1.59,
            "at_2018_last_all": 1.59,
            "at_2019_last_all": 1.59,
            "at_2020_last_all": 1.59,
            "at_2021_last_all": 1.59,
            "at_2022_last_all": 1.59,
            "at_2023_last_all": 1.59
        },
        "latest_eps": -0.76,
        "latest_price": 21.9,
        "latest_roe": -11.37,
        "latest_gross_margin": 38.96,
        "latest_equity": 451780,
        "latest_revenue": 108156,
        "latest_gross_profit": 42134,
        "latest_net_income": 9645,
        "latest_debt_ratio": 51.4,
        "latest_current_ratio": 58.99,
        "latest_account_receivable_turnover_ratio": 8.19,
        "latest_inventory_turnover_ratio": 9.04,
        "latest_reinvestment_rate": null,
        "latest_research_to_sale_ratio": null
    },
    "eps_dividends": {
        "1997": {
            "cash": 1,
            "stock": 0,
            "eps": 0
        },
        "1998": {
            "cash": 0,
            "stock": 2,
            "eps": 0
        },
        "1999": {
            "cash": 1,
            "stock": 1,
            "eps": 0
        },
        "2000": {
            "cash": 1,
            "stock": 1,
            "eps": 0
        },
        "2001": {
            "cash": 1,
            "stock": 0,
            "eps": 0.78
        },
        "2002": {
            "cash": 1,
            "stock": 1,
            "eps": 0.31
        },
        "2003": {
            "cash": 0,
            "stock": 0,
            "eps": 0.44
        },
        "2004": {
            "cash": 1,
            "stock": 0,
            "eps": 0.54
        },
        "2005": {
            "cash": 0,
            "stock": 0,
            "eps": 0.49
        },
        "2006": {
            "cash": 1,
            "stock": 0,
            "eps": 0.85
        },
        "2007": {
            "cash": 1,
            "stock": 1,
            "eps": -0.97
        },
        "2008": {
            "cash": 0,
            "stock": 0,
            "eps": -1.84
        },
        "2009": {
            "cash": 0,
            "stock": 0,
            "eps": 0.09
        },
        "2010": {
            "cash": 0,
            "stock": 0,
            "eps": 0.53
        },
        "2011": {
            "cash": 0,
            "stock": 0,
            "eps": 0.67
        },
        "2012": {
            "cash": 1,
            "stock": 0,
            "eps": 1
        },
        "2013": {
            "cash": 1,
            "stock": 0,
            "eps": 0.62
        },
        "2014": {
            "cash": 1,
            "stock": 0,
            "eps": 0.53
        },
        "2015": {
            "cash": 0,
            "stock": 0,
            "eps": 1.05
        },
        "2016": {
            "cash": 1,
            "stock": 0,
            "eps": 0.34
        },
        "2017": {
            "cash": 0,
            "stock": 0,
            "eps": -0.11
        },
        "2018": {
            "cash": 0,
            "stock": 0,
            "eps": -0.8
        },
        "2019": {
            "cash": 0,
            "stock": 0,
            "eps": -0.44
        },
        "2020": {
            "cash": 0,
            "stock": 0,
            "eps": -2.36
        },
        "2021": {
            "cash": 0,
            "stock": 0,
            "eps": -1.76
        },
        "2022": {
            "cash": 0,
            "stock": 0,
            "eps": -1.21
        },
        "2023": {
            "cash": 0,
            "stock": 0,
            "eps": 0.14
        }
    },
    "dividends": {
        "1997-05-08": {
            "cash": 0.5,
            "stock": 0
        },
        "1998-06-08": {
            "cash": 0,
            "stock": 1.6
        },
        "1999-05-25": {
            "cash": 0.5,
            "stock": 0.5
        },
        "2000-06-29": {
            "cash": 0.5,
            "stock": 0.5
        },
        "2001-06-28": {
            "cash": 0.5,
            "stock": 0
        },
        "2002-06-20": {
            "cash": 0.8,
            "stock": 0.5
        },
        "2004-04-27": {
            "cash": 0.5,
            "stock": 0
        },
        "2005-04-28": {
            "cash": 0.35,
            "stock": 0
        },
        "2006-04-25": {
            "cash": 0.5,
            "stock": 0
        },
        "2007-04-24": {
            "cash": 0.5,
            "stock": 0.5
        },
        "2011-04-27": {
            "cash": 0.25,
            "stock": 0.25
        },
        "2012-06-28": {
            "cash": 0.5,
            "stock": 0
        },
        "2013-06-24": {
            "cash": 0.5,
            "stock": 0
        },
        "2014-09-24": {
            "cash": 0.5,
            "stock": 0
        },
        "2015-09-16": {
            "cash": 0.35,
            "stock": 0
        },
        "2016-09-14": {
            "cash": 0.5,
            "stock": 0
        },
        "2017-08-03": {
            "cash": 0.2,
            "stock": 0
        },
        "2018-08-10": {
            "cash": 0.2,
            "stock": 0
        }
    },
    "prices": {
        "200101": "18.05",
        "200102": "17.67",
        "200103": "16.84",
        "200104": "18.73",
        "200105": "17.17",
        "200106": "15.97",
        "200107": "15.63",
        "200108": "16.17",
        "200109": "16.75",
        "200110": "16.81",
        "200111": "16.77",
        "200112": "16.87",
        "200201": "16.75",
        "200202": "16.58",
        "200203": "16.51",
        "200204": "16.39",
        "200205": "16.11",
        "200206": "15.74",
        "200207": "15.42",
        "200208": "14.73",
        "200209": "14.03",
        "200210": "14.68",
        "200211": "16.04",
        "200212": "17.10",
        "200301": "17.58",
        "200302": "17.03",
        "200303": "16.80",
        "200304": "16.10",
        "200305": "14.90",
        "200306": "13.69",
        "200307": "14.55",
        "200308": "14.55",
        "200309": "14.16",
        "200310": "14.65",
        "200311": "15.01",
        "200312": "15.23",
        "200401": "17.31",
        "200402": "19.31",
        "200403": "17.62",
        "200404": "16.12",
        "200405": "15.03",
        "200406": "15.57",
        "200407": "15.12",
        "200408": "14.94",
        "200409": "15.41",
        "200410": "15.63",
        "200411": "15.04",
        "200412": "16.94",
        "200501": "20.01",
        "200502": "17.38",
        "200503": "17.48",
        "200504": "17.45",
        "200505": "19.22",
        "200506": "20.95",
        "200507": "19.27",
        "200508": "19.22",
        "200509": "18.15",
        "200510": "17.56",
        "200511": "17.66",
        "200512": "19.70",
        "200601": "18.57",
        "200602": "18.29",
        "200603": "18.27",
        "200604": "23.39",
        "200605": "28.88",
        "200606": "27.82",
        "200607": "25.40",
        "200608": "24.74",
        "200609": "24.75",
        "200610": "25.26",
        "200611": "24.78",
        "200612": "25.39",
        "200701": "24.97",
        "200702": "31.53",
        "200703": "32.07",
        "200704": "31.62",
        "200705": "27.55",
        "200706": "27.22",
        "200707": "28.97",
        "200708": "27.12",
        "200709": "25.79",
        "200710": "27.54",
        "200711": "26.06",
        "200712": "26.22",
        "200801": "28.75",
        "200802": "29.67",
        "200803": "40.05",
        "200804": "39.36",
        "200805": "37.71",
        "200806": "35.62",
        "200807": "27.47",
        "200808": "26.30",
        "200809": "21.84",
        "200810": "15.66",
        "200811": "15.05",
        "200812": "16.18",
        "200901": "15.15",
        "200902": "13.86",
        "200903": "16.70",
        "200904": "28.77",
        "200905": "32.59",
        "200906": "29.73",
        "200907": "28.60",
        "200908": "25.35",
        "200909": "24.59",
        "200910": "24.33",
        "200911": "24.68",
        "200912": "25.55",
        "201001": "25.70",
        "201002": "24.46",
        "201003": "24.53",
        "201004": "24.85",
        "201005": "24.50",
        "201006": "29.72",
        "201007": "31.08",
        "201008": "30.39",
        "201009": "29.46",
        "201010": "29.69",
        "201011": "28.28",
        "201012": "28.76",
        "201101": "28.05",
        "201102": "27.84",
        "201103": "26.72",
        "201104": "27.92",
        "201105": "32.62",
        "201106": "31.72",
        "201107": "29.04",
        "201108": "26.45",
        "201109": "25.30",
        "201110": "24.54",
        "201111": "22.95",
        "201112": "20.58",
        "201201": "21.37",
        "201202": "23.55",
        "201203": "23.76",
        "201204": "22.64",
        "201205": "21.57",
        "201206": "20.41",
        "201207": "20.62",
        "201208": "21.02",
        "201209": "22.80",
        "201210": "24.55",
        "201211": "21.34",
        "201212": "22.18",
        "201301": "22.94",
        "201302": "22.37",
        "201303": "22.36",
        "201304": "21.79",
        "201305": "22.94",
        "201306": "23.14",
        "201307": "23.11",
        "201308": "24.14",
        "201309": "24.81",
        "201310": "23.70",
        "201311": "22.55",
        "201312": "22.78",
        "201401": "23.11",
        "201402": "22.84",
        "201403": "21.81",
        "201404": "21.28",
        "201405": "21.21",
        "201406": "22.20",
        "201407": "25.15",
        "201408": "22.58",
        "201409": "21.76",
        "201410": "22.32",
        "201411": "22.43",
        "201412": "22.19",
        "201501": "22.36",
        "201502": "22.11",
        "201503": "22.16",
        "201504": "22.19",
        "201505": "21.96",
        "201506": "22.24",
        "201507": "22.45",
        "201508": "21.61",
        "201509": "21.77",
        "201510": "21.94",
        "201511": "21.89",
        "201512": "21.75",
        "201601": "21.84",
        "201602": "21.64",
        "201603": "22.01",
        "201604": "21.92",
        "201605": "21.98",
        "201606": "22.06",
        "201607": "21.98",
        "201608": "22.92",
        "201609": "23.60",
        "201610": "23.99",
        "201611": "24.29",
        "201612": "24.49",
        "201701": "24.29",
        "201702": "24.79",
        "201703": "24.73",
        "201704": "25.28",
        "201705": "25.47",
        "201706": "24.97",
        "201707": "25.15",
        "201708": "25.17",
        "201709": "25.02",
        "201710": "25.22",
        "201711": "24.90",
        "201712": "25.17",
        "201801": "24.99",
        "201802": "25.00",
        "201803": "25.37",
        "201804": "25.46",
        "201805": "25.65",
        "201806": "25.22",
        "201807": "25.06",
        "201808": "25.64",
        "201809": "25.83",
        "201810": "26.13",
        "201811": "25.99",
        "201812": "26.39",
        "201901": "26.20",
        "201902": "26.00",
        "201903": "26.02",
        "201904": "26.10",
        "201905": "26.27",
        "201906": "25.80",
        "201907": "25.09",
        "201908": "23.71",
        "201909": "24.15",
        "201910": "24.76",
        "201911": "24.96",
        "201912": "24.86",
        "202001": "24.82",
        "202002": "25.45",
        "202003": "22.84",
        "202004": "23.03",
        "202005": "23.22",
        "202006": "23.41",
        "202007": "23.04",
        "202008": "無",
        "202009": "22.30",
        "202010": "23.00",
        "202011": "22.45",
        "202012": "20.96",
        "202101": "21.20",
        "202102": "無",
        "202103": "24.38",
        "202104": "25.05",
        "202105": "22.83",
        "202106": "23.47",
        "202107": "24.57",
        "202108": "24.17",
        "202109": "24.44",
        "202110": "24.43",
        "202111": "25.47",
        "202112": "28.18",
        "202201": "28.55",
        "202202": "26.31",
        "202203": "24.38",
        "202204": "23.75",
        "202205": "23.67",
        "202206": "19.33",
        "202207": "15.39",
        "202208": "13.98",
        "202209": "15.31",
        "202210": "16.80",
        "202211": "17.93",
        "202212": "19.95",
        "202301": "19.20",
        "202302": "20.46",
        "202303": "22.14",
        "202304": "21.45",
        "202305": "20.97"
    },
    "quarters": {
        "20011": {
            "year_quarter": 20011,
            "year": 2001,
            "quarter": 1,
            "eps": 0.45,
            "eps_growth_year": -25,
            "eps_4q": 0.42,
            "eps_4q_growth_year": -62.04,
            "roe": 3.55,
            "gross_profit": 105192,
            "gross_margin": 81.51,
            "net_income": 30244,
            "revenue": 129057,
            "common_shares": 668949,
            "equity": 866821,
            "current_ratio": 417.19,
            "debt_ratio": 28.26,
            "inventory_turnover_ratio": 2.03,
            "account_receivable_turnover_ratio": null,
            "reinvestment_rate": null,
            "research_to_sale_ratio": null,
            "price_fair": 0,
            "eps_avg_yearly": 0,
            "eps_latest_yearly": 0,
            "eps_growth_yearly": 0
        },
        "20012": {
            "year_quarter": 20012,
            "year": 2001,
            "quarter": 2,
            "eps": 0.23,
            "eps_growth_year": 64.29,
            "eps_4q": 0.53,
            "eps_4q_growth_year": -48.18,
            "roe": 1.76,
            "gross_profit": 103846,
            "gross_margin": 82.55,
            "net_income": 15109,
            "revenue": 125792,
            "common_shares": 668949,
            "equity": 847089,
            "current_ratio": 295.59,
            "debt_ratio": 30.72,
            "inventory_turnover_ratio": 1.9,
            "account_receivable_turnover_ratio": null,
            "reinvestment_rate": null,
            "research_to_sale_ratio": null,
            "price_fair": 0,
            "eps_avg_yearly": 0,
            "eps_latest_yearly": 0,
            "eps_growth_yearly": 0
        },
        "20013": {
            "year_quarter": 20013,
            "year": 2001,
            "quarter": 3,
            "eps": -0.18,
            "eps_growth_year": null,
            "eps_4q": 0.6,
            "eps_4q_growth_year": 13.99,
            "roe": -1.46,
            "gross_profit": 81705,
            "gross_margin": 77.57,
            "net_income": -12311,
            "revenue": 105336,
            "common_shares": 668949,
            "equity": 834778,
            "current_ratio": 388.14,
            "debt_ratio": 28.88,
            "inventory_turnover_ratio": 2.28,
            "account_receivable_turnover_ratio": null,
            "reinvestment_rate": null,
            "research_to_sale_ratio": null,
            "price_fair": 0,
            "eps_avg_yearly": 0,
            "eps_latest_yearly": 0,
            "eps_growth_yearly": 0
        },
        "20014": {
            "year_quarter": 20014,
            "year": 2001,
            "quarter": 4,
            "eps": 0.28,
            "eps_growth_year": 154.55,
            "eps_4q": 0.78,
            "eps_4q_growth_year": 37.1,
            "roe": 2.2,
            "gross_profit": 89529,
            "gross_margin": 80.18,
            "net_income": 18552,
            "revenue": 111658,
            "common_shares": 668949,
            "equity": 853330,
            "current_ratio": 390.51,
            "debt_ratio": 28.52,
            "inventory_turnover_ratio": 2.63,
            "account_receivable_turnover_ratio": null,
            "reinvestment_rate": null,
            "research_to_sale_ratio": null,
            "price_fair": 0,
            "eps_avg_yearly": 0,
            "eps_latest_yearly": 0,
            "eps_growth_yearly": 0
        },
        "20021": {
            "year_quarter": 20021,
            "year": 2002,
            "quarter": 1,
            "eps": 0.27,
            "eps_growth_year": -40,
            "eps_4q": 0.58,
            "eps_4q_growth_year": 38.26,
            "roe": 2.13,
            "gross_profit": 88933,
            "gross_margin": 79.72,
            "net_income": 18334,
            "revenue": 111558,
            "common_shares": 668949,
            "equity": 871664,
            "current_ratio": 450.33,
            "debt_ratio": 27.53,
            "inventory_turnover_ratio": 3.23,
            "account_receivable_turnover_ratio": null,
            "reinvestment_rate": null,
            "research_to_sale_ratio": null,
            "price_fair": 3.24,
            "eps_avg_yearly": 1.08,
            "eps_latest_yearly": 1.08,
            "eps_growth_yearly": -14.29
        },
        "20022": {
            "year_quarter": 20022,
            "year": 2002,
            "quarter": 2,
            "eps": -0.08,
            "eps_growth_year": -134.78,
            "eps_4q": 0.29,
            "eps_4q_growth_year": -44.57,
            "roe": -0.59,
            "gross_profit": 90328,
            "gross_margin": 80.82,
            "net_income": -5067,
            "revenue": 111762,
            "common_shares": 668949,
            "equity": 843011,
            "current_ratio": 332.85,
            "debt_ratio": 29.62,
            "inventory_turnover_ratio": 3.37,
            "account_receivable_turnover_ratio": null,
            "reinvestment_rate": null,
            "research_to_sale_ratio": null,
            "price_fair": 3.24,
            "eps_avg_yearly": 1.08,
            "eps_latest_yearly": 1.08,
            "eps_growth_yearly": -14.29
        },
        "20023": {
            "year_quarter": 20023,
            "year": 2002,
            "quarter": 3,
            "eps": -0.14,
            "eps_growth_year": null,
            "eps_4q": 0.34,
            "eps_4q_growth_year": -43.21,
            "roe": -1.08,
            "gross_profit": 75457,
            "gross_margin": 78.56,
            "net_income": -9049,
            "revenue": 96055,
            "common_shares": 668949,
            "equity": 833639,
            "current_ratio": 249.67,
            "debt_ratio": 30.47,
            "inventory_turnover_ratio": 3.81,
            "account_receivable_turnover_ratio": null,
            "reinvestment_rate": null,
            "research_to_sale_ratio": null,
            "price_fair": 3.24,
            "eps_avg_yearly": 1.08,
            "eps_latest_yearly": 1.08,
            "eps_growth_yearly": -14.29
        },
        "20024": {
            "year_quarter": 20024,
            "year": 2002,
            "quarter": 4,
            "eps": 0.26,
            "eps_growth_year": -7.14,
            "eps_4q": 0.32,
            "eps_4q_growth_year": -58.92,
            "roe": 2.17,
            "gross_profit": 100822,
            "gross_margin": 80.4,
            "net_income": 18314,
            "revenue": 125406,
            "common_shares": 702396,
            "equity": 852092,
            "current_ratio": 368.18,
            "debt_ratio": 27.93,
            "inventory_turnover_ratio": 4.56,
            "account_receivable_turnover_ratio": null,
            "reinvestment_rate": 17.96,
            "research_to_sale_ratio": null,
            "price_fair": 3.24,
            "eps_avg_yearly": 1.08,
            "eps_latest_yearly": 1.08,
            "eps_growth_yearly": -14.29
        },
        "20031": {
            "year_quarter": 20031,
            "year": 2003,
            "quarter": 1,
            "eps": 0.14,
            "eps_growth_year": -48.15,
            "eps_4q": 0.2,
            "eps_4q_growth_year": -65.7,
            "roe": 1.13,
            "gross_profit": 91607,
            "gross_margin": 79.09,
            "net_income": 9722,
            "revenue": 115827,
            "common_shares": 702396,
            "equity": 861814,
            "current_ratio": 383.48,
            "debt_ratio": 27.83,
            "inventory_turnover_ratio": 4.3,
            "account_receivable_turnover_ratio": null,
            "reinvestment_rate": 19.09,
            "research_to_sale_ratio": null,
            "price_fair": 2.46,
            "eps_avg_yearly": 0.82,
            "eps_latest_yearly": 0.56,
            "eps_growth_yearly": -99.45
        },
        "20032": {
            "year_quarter": 20032,
            "year": 2003,
            "quarter": 2,
            "eps": -0.22,
            "eps_growth_year": null,
            "eps_4q": 0.06,
            "eps_4q_growth_year": -81.11,
            "roe": -1.77,
            "gross_profit": 35944,
            "gross_margin": 68.15,
            "net_income": -15118,
            "revenue": 52743,
            "common_shares": 702396,
            "equity": 846696,
            "current_ratio": 342.72,
            "debt_ratio": 28.16,
            "inventory_turnover_ratio": 3.37,
            "account_receivable_turnover_ratio": null,
            "reinvestment_rate": 29.58,
            "research_to_sale_ratio": null,
            "price_fair": 2.46,
            "eps_avg_yearly": 0.82,
            "eps_latest_yearly": 0.56,
            "eps_growth_yearly": -99.45
        },
        "20033": {
            "year_quarter": 20033,
            "year": 2003,
            "quarter": 3,
            "eps": 0.18,
            "eps_growth_year": null,
            "eps_4q": 0.37,
            "eps_4q_growth_year": 7.58,
            "roe": 1.46,
            "gross_profit": 79248,
            "gross_margin": 76.74,
            "net_income": 12489,
            "revenue": 103273,
            "common_shares": 702396,
            "equity": 859185,
            "current_ratio": 301.99,
            "debt_ratio": 28.65,
            "inventory_turnover_ratio": 5.39,
            "account_receivable_turnover_ratio": null,
            "reinvestment_rate": 32.98,
            "research_to_sale_ratio": null,
            "price_fair": 2.46,
            "eps_avg_yearly": 0.82,
            "eps_latest_yearly": 0.56,
            "eps_growth_yearly": -99.45
        },
        "20034": {
            "year_quarter": 20034,
            "year": 2003,
            "quarter": 4,
            "eps": 0.34,
            "eps_growth_year": 30.77,
            "eps_4q": 0.44,
            "eps_4q_growth_year": 37.6,
            "roe": 2.76,
            "gross_profit": 106791,
            "gross_margin": 79.08,
            "net_income": 24075,
            "revenue": 135040,
            "common_shares": 702396,
            "equity": 884732,
            "current_ratio": 262,
            "debt_ratio": 28.81,
            "inventory_turnover_ratio": 5.56,
            "account_receivable_turnover_ratio": null,
            "reinvestment_rate": 10.75,
            "research_to_sale_ratio": null,
            "price_fair": 35,
            "eps_avg_yearly": 1,
            "eps_latest_yearly": 1.36,
            "eps_growth_yearly": 52.22
        },
        "20041": {
            "year_quarter": 20041,
            "year": 2004,
            "quarter": 1,
            "eps": 0.36,
            "eps_growth_year": 157.14,
            "eps_4q": 0.67,
            "eps_4q_growth_year": 233.39,
            "roe": 2.79,
            "gross_profit": 92788,
            "gross_margin": 78.53,
            "net_income": 25043,
            "revenue": 118157,
            "common_shares": 702396,
            "equity": 909775,
            "current_ratio": 333.01,
            "debt_ratio": 27.36,
            "inventory_turnover_ratio": 4.74,
            "account_receivable_turnover_ratio": null,
            "reinvestment_rate": 9.22,
            "research_to_sale_ratio": null,
            "price_fair": 38.85,
            "eps_avg_yearly": 1.11,
            "eps_latest_yearly": 1.44,
            "eps_growth_yearly": 45.05
        },
        "20042": {
            "year_quarter": 20042,
            "year": 2004,
            "quarter": 2,
            "eps": 0.05,
            "eps_growth_year": null,
            "eps_4q": 0.85,
            "eps_4q_growth_year": 1443.29,
            "roe": 0.43,
            "gross_profit": 89733,
            "gross_margin": 79.72,
            "net_income": 3850,
            "revenue": 112558,
            "common_shares": 702396,
            "equity": 877043,
            "current_ratio": 224.3,
            "debt_ratio": 30.11,
            "inventory_turnover_ratio": 4.6,
            "account_receivable_turnover_ratio": null,
            "reinvestment_rate": 10.4,
            "research_to_sale_ratio": null,
            "price_fair": 2.78,
            "eps_avg_yearly": 0.93,
            "eps_latest_yearly": 0.2,
            "eps_growth_yearly": -32.85
        },
        "20043": {
            "year_quarter": 20043,
            "year": 2004,
            "quarter": 3,
            "eps": -0.07,
            "eps_growth_year": -138.89,
            "eps_4q": 0.69,
            "eps_4q_growth_year": 87.26,
            "roe": -0.55,
            "gross_profit": 82940,
            "gross_margin": 78.46,
            "net_income": -4803,
            "revenue": 105704,
            "common_shares": 702396,
            "equity": 871872,
            "current_ratio": 280.8,
            "debt_ratio": 28.34,
            "inventory_turnover_ratio": 4.75,
            "account_receivable_turnover_ratio": null,
            "reinvestment_rate": 3.57,
            "research_to_sale_ratio": null,
            "price_fair": 2.78,
            "eps_avg_yearly": 0.93,
            "eps_latest_yearly": 0.2,
            "eps_growth_yearly": -32.85
        },
        "20044": {
            "year_quarter": 20044,
            "year": 2004,
            "quarter": 4,
            "eps": 0.2,
            "eps_growth_year": -41.18,
            "eps_4q": 0.55,
            "eps_4q_growth_year": 24.35,
            "roe": 1.58,
            "gross_profit": 108256,
            "gross_margin": 80.41,
            "net_income": 13871,
            "revenue": 134636,
            "common_shares": 702396,
            "equity": 886120,
            "current_ratio": 276.37,
            "debt_ratio": 29.08,
            "inventory_turnover_ratio": 5.32,
            "account_receivable_turnover_ratio": null,
            "reinvestment_rate": -6.92,
            "research_to_sale_ratio": null,
            "price_fair": 2.78,
            "eps_avg_yearly": 0.93,
            "eps_latest_yearly": 0.2,
            "eps_growth_yearly": -32.85
        },
        "20051": {
            "year_quarter": 20051,
            "year": 2005,
            "quarter": 1,
            "eps": -0.09,
            "eps_growth_year": -125,
            "eps_4q": 0.1,
            "eps_4q_growth_year": -84.35,
            "roe": -0.64,
            "gross_profit": 105682,
            "gross_margin": 79.83,
            "net_income": -5974,
            "revenue": 132383,
            "common_shares": 702396,
            "equity": 980325,
            "current_ratio": 383.56,
            "debt_ratio": 19.42,
            "inventory_turnover_ratio": 5.05,
            "account_receivable_turnover_ratio": null,
            "reinvestment_rate": -14.12,
            "research_to_sale_ratio": null,
            "price_fair": 2.78,
            "eps_avg_yearly": 0.93,
            "eps_latest_yearly": 0.2,
            "eps_growth_yearly": -32.85
        },
        "20052": {
            "year_quarter": 20052,
            "year": 2005,
            "quarter": 2,
            "eps": 0.23,
            "eps_growth_year": 360,
            "eps_4q": 0.27,
            "eps_4q_growth_year": -67.79,
            "roe": 1.67,
            "gross_profit": 103056,
            "gross_margin": 81.72,
            "net_income": 16250,
            "revenue": 126104,
            "common_shares": 702396,
            "equity": 971185,
            "current_ratio": 184.47,
            "debt_ratio": 26.05,
            "inventory_turnover_ratio": 4.33,
            "account_receivable_turnover_ratio": null,
            "reinvestment_rate": -16.97,
            "research_to_sale_ratio": null,
            "price_fair": 2.78,
            "eps_avg_yearly": 0.93,
            "eps_latest_yearly": 0.2,
            "eps_growth_yearly": -32.85
        },
        "20053": {
            "year_quarter": 20053,
            "year": 2005,
            "quarter": 3,
            "eps": 0.12,
            "eps_growth_year": null,
            "eps_4q": 0.47,
            "eps_4q_growth_year": -31.68,
            "roe": 0.85,
            "gross_profit": 92665,
            "gross_margin": 77.71,
            "net_income": 8315,
            "revenue": 119243,
            "common_shares": 702396,
            "equity": 981716,
            "current_ratio": 328.32,
            "debt_ratio": 19.92,
            "inventory_turnover_ratio": 5.09,
            "account_receivable_turnover_ratio": null,
            "reinvestment_rate": -19.41,
            "research_to_sale_ratio": null,
            "price_fair": 2.56,
            "eps_avg_yearly": 0.85,
            "eps_latest_yearly": 0.48,
            "eps_growth_yearly": -59.26
        },
        "20054": {
            "year_quarter": 20054,
            "year": 2005,
            "quarter": 4,
            "eps": 0.23,
            "eps_growth_year": 15,
            "eps_4q": 0.49,
            "eps_4q_growth_year": -10.45,
            "roe": 1.62,
            "gross_profit": 116321,
            "gross_margin": 81.53,
            "net_income": 16437,
            "revenue": 142681,
            "common_shares": 702396,
            "equity": 1052593,
            "current_ratio": 289.89,
            "debt_ratio": 24.92,
            "inventory_turnover_ratio": 5.3,
            "account_receivable_turnover_ratio": null,
            "reinvestment_rate": -15.04,
            "research_to_sale_ratio": null,
            "price_fair": 10,
            "eps_avg_yearly": 0.86,
            "eps_latest_yearly": 0.92,
            "eps_growth_yearly": 1.59
        },
        "20061": {
            "year_quarter": 20061,
            "year": 2006,
            "quarter": 1,
            "eps": 0.3,
            "eps_growth_year": null,
            "eps_4q": 0.88,
            "eps_4q_growth_year": 737.97,
            "roe": 2.06,
            "gross_profit": 105177,
            "gross_margin": 80.73,
            "net_income": 21332,
            "revenue": 130275,
            "common_shares": 702396,
            "equity": 1020742,
            "current_ratio": 378.97,
            "debt_ratio": 19.43,
            "inventory_turnover_ratio": 5.61,
            "account_receivable_turnover_ratio": null,
            "reinvestment_rate": -30.25,
            "research_to_sale_ratio": null,
            "price_fair": 27.3,
            "eps_avg_yearly": 0.88,
            "eps_latest_yearly": 1.2,
            "eps_growth_yearly": 21.02
        },
        "20062": {
            "year_quarter": 20062,
            "year": 2006,
            "quarter": 2,
            "eps": 0.21,
            "eps_growth_year": -8.7,
            "eps_4q": 0.88,
            "eps_4q_growth_year": 221.25,
            "roe": 1.43,
            "gross_profit": 99800,
            "gross_margin": 81.6,
            "net_income": 14454,
            "revenue": 122310,
            "common_shares": 702396,
            "equity": 999930,
            "current_ratio": 226.44,
            "debt_ratio": 23.95,
            "inventory_turnover_ratio": 4.8,
            "account_receivable_turnover_ratio": null,
            "reinvestment_rate": -24.49,
            "research_to_sale_ratio": null,
            "price_fair": 11.72,
            "eps_avg_yearly": 0.88,
            "eps_latest_yearly": 0.84,
            "eps_growth_yearly": 3.39
        },
        "20063": {
            "year_quarter": 20063,
            "year": 2006,
            "quarter": 3,
            "eps": 0.04,
            "eps_growth_year": -66.67,
            "eps_4q": 0.84,
            "eps_4q_growth_year": 79.84,
            "roe": 0.26,
            "gross_profit": 85118,
            "gross_margin": 78.78,
            "net_income": 2603,
            "revenue": 108052,
            "common_shares": 702396,
            "equity": 1003633,
            "current_ratio": 416.15,
            "debt_ratio": 19.16,
            "inventory_turnover_ratio": 4.52,
            "account_receivable_turnover_ratio": null,
            "reinvestment_rate": -51.23,
            "research_to_sale_ratio": null,
            "price_fair": 2.39,
            "eps_avg_yearly": 0.8,
            "eps_latest_yearly": 0.16,
            "eps_growth_yearly": -32.96
        },
        "20064": {
            "year_quarter": 20064,
            "year": 2006,
            "quarter": 4,
            "eps": 0.3,
            "eps_growth_year": 30.43,
            "eps_4q": 0.84,
            "eps_4q_growth_year": 70.94,
            "roe": 1.93,
            "gross_profit": 113396,
            "gross_margin": 80.77,
            "net_income": 21413,
            "revenue": 140401,
            "common_shares": 702396,
            "equity": 1220771,
            "current_ratio": 336.91,
            "debt_ratio": 23.96,
            "inventory_turnover_ratio": 5.25,
            "account_receivable_turnover_ratio": null,
            "reinvestment_rate": 51.03,
            "research_to_sale_ratio": null,
            "price_fair": 29.26,
            "eps_avg_yearly": 0.84,
            "eps_latest_yearly": 1.2,
            "eps_growth_yearly": 230.33
        },
        "20071": {
            "year_quarter": 20071,
            "year": 2007,
            "quarter": 1,
            "eps": -0.5,
            "eps_growth_year": -266.67,
            "eps_4q": 0.05,
            "eps_4q_growth_year": -94.55,
            "roe": -3.17,
            "gross_profit": 98223,
            "gross_margin": 80.62,
            "net_income": -35116,
            "revenue": 121834,
            "common_shares": 702396,
            "equity": 996692,
            "current_ratio": 150.98,
            "debt_ratio": 23.48,
            "inventory_turnover_ratio": 4.49,
            "account_receivable_turnover_ratio": null,
            "reinvestment_rate": -49.13,
            "research_to_sale_ratio": null,
            "price_fair": 30.33,
            "eps_avg_yearly": 0.87,
            "eps_latest_yearly": 1.2,
            "eps_growth_yearly": 276.44
        },
        "20072": {
            "year_quarter": 20072,
            "year": 2007,
            "quarter": 2,
            "eps": -0.24,
            "eps_growth_year": -214.29,
            "eps_4q": -0.4,
            "eps_4q_growth_year": -145.02,
            "roe": -1.72,
            "gross_profit": 78756,
            "gross_margin": 64.68,
            "net_income": -16715,
            "revenue": 121754,
            "common_shares": 702396,
            "equity": 944859,
            "current_ratio": 124.72,
            "debt_ratio": 29.19,
            "inventory_turnover_ratio": 8.83,
            "account_receivable_turnover_ratio": null,
            "reinvestment_rate": -60.23,
            "research_to_sale_ratio": null,
            "price_fair": 30.33,
            "eps_avg_yearly": 0.87,
            "eps_latest_yearly": 1.2,
            "eps_growth_yearly": 276.44
        },
        "20073": {
            "year_quarter": 20073,
            "year": 2007,
            "quarter": 3,
            "eps": 0.19,
            "eps_growth_year": 375,
            "eps_4q": -0.25,
            "eps_4q_growth_year": -129.1,
            "roe": 1.4,
            "gross_profit": 110015,
            "gross_margin": 98.68,
            "net_income": 13282,
            "revenue": 111487,
            "common_shares": 702396,
            "equity": 956876,
            "current_ratio": 94.47,
            "debt_ratio": 26.21,
            "inventory_turnover_ratio": 0.33,
            "account_receivable_turnover_ratio": null,
            "reinvestment_rate": -70.05,
            "research_to_sale_ratio": null,
            "price_fair": 30.33,
            "eps_avg_yearly": 0.87,
            "eps_latest_yearly": 1.2,
            "eps_growth_yearly": 276.44
        },
        "20074": {
            "year_quarter": 20074,
            "year": 2007,
            "quarter": 4,
            "eps": -0.42,
            "eps_growth_year": -240,
            "eps_4q": -0.62,
            "eps_4q_growth_year": -174.1,
            "roe": -2.91,
            "gross_profit": 67508,
            "gross_margin": 50.49,
            "net_income": -29601,
            "revenue": 133715,
            "common_shares": 702396,
            "equity": 1075246,
            "current_ratio": 153.62,
            "debt_ratio": 35.52,
            "inventory_turnover_ratio": 9.07,
            "account_receivable_turnover_ratio": null,
            "reinvestment_rate": 257.42,
            "research_to_sale_ratio": null,
            "price_fair": 28.18,
            "eps_avg_yearly": 0.81,
            "eps_latest_yearly": 1.2,
            "eps_growth_yearly": 266.55
        },
        "20081": {
            "year_quarter": 20081,
            "year": 2008,
            "quarter": 1,
            "eps": -0.14,
            "eps_growth_year": null,
            "eps_4q": -0.32,
            "eps_4q_growth_year": -770.5,
            "roe": -1.77,
            "gross_profit": 134613,
            "gross_margin": 61.3,
            "net_income": -18758,
            "revenue": 219609,
            "common_shares": 702396,
            "equity": 1048629,
            "current_ratio": 153.42,
            "debt_ratio": 36.19,
            "inventory_turnover_ratio": 8.03,
            "account_receivable_turnover_ratio": null,
            "reinvestment_rate": 788.9,
            "research_to_sale_ratio": null,
            "price_fair": 25,
            "eps_avg_yearly": 0.71,
            "eps_latest_yearly": 1.2,
            "eps_growth_yearly": 301.26
        },
        "20082": {
            "year_quarter": 20082,
            "year": 2008,
            "quarter": 2,
            "eps": -0.07,
            "eps_growth_year": null,
            "eps_4q": -0.44,
            "eps_4q_growth_year": null,
            "roe": -0.48,
            "gross_profit": 136045,
            "gross_margin": 59.84,
            "net_income": -4972,
            "revenue": 227342,
            "common_shares": 702396,
            "equity": 1039534,
            "current_ratio": 120.71,
            "debt_ratio": 35.76,
            "inventory_turnover_ratio": 8.67,
            "account_receivable_turnover_ratio": null,
            "reinvestment_rate": 1242.4,
            "research_to_sale_ratio": null,
            "price_fair": 28,
            "eps_avg_yearly": 0.8,
            "eps_latest_yearly": 1.2,
            "eps_growth_yearly": 408.88
        },
        "20083": {
            "year_quarter": 20083,
            "year": 2008,
            "quarter": 3,
            "eps": -0.25,
            "eps_growth_year": -231.58,
            "eps_4q": -0.89,
            "eps_4q_growth_year": null,
            "roe": -2.83,
            "gross_profit": 122591,
            "gross_margin": 56.25,
            "net_income": -29032,
            "revenue": 217929,
            "common_shares": 702396,
            "equity": 1012181,
            "current_ratio": 119.33,
            "debt_ratio": 36.1,
            "inventory_turnover_ratio": 9.83,
            "account_receivable_turnover_ratio": null,
            "reinvestment_rate": null,
            "research_to_sale_ratio": null,
            "price_fair": 28,
            "eps_avg_yearly": 0.8,
            "eps_latest_yearly": 1.2,
            "eps_growth_yearly": 408.88
        },
        "20084": {
            "year_quarter": 20084,
            "year": 2008,
            "quarter": 4,
            "eps": -1.38,
            "eps_growth_year": null,
            "eps_4q": -1.53,
            "eps_4q_growth_year": null,
            "roe": -10.79,
            "gross_profit": 137207,
            "gross_margin": 57.84,
            "net_income": -103209,
            "revenue": 237213,
            "common_shares": 702396,
            "equity": 900873,
            "current_ratio": 137,
            "debt_ratio": 39.33,
            "inventory_turnover_ratio": 11.51,
            "account_receivable_turnover_ratio": 17.65,
            "reinvestment_rate": null,
            "research_to_sale_ratio": null,
            "price_fair": 28,
            "eps_avg_yearly": 0.8,
            "eps_latest_yearly": 1.2,
            "eps_growth_yearly": 408.88
        },
        "20091": {
            "year_quarter": 20091,
            "year": 2009,
            "quarter": 1,
            "eps": -0.23,
            "eps_growth_year": null,
            "eps_4q": -1.93,
            "eps_4q_growth_year": null,
            "roe": -2.79,
            "gross_profit": 109905,
            "gross_margin": 56.99,
            "net_income": -24881,
            "revenue": 192846,
            "common_shares": 702396,
            "equity": 883564,
            "current_ratio": 126.97,
            "debt_ratio": 39.57,
            "inventory_turnover_ratio": 10.84,
            "account_receivable_turnover_ratio": 6.55,
            "reinvestment_rate": null,
            "research_to_sale_ratio": null,
            "price_fair": 28,
            "eps_avg_yearly": 0.8,
            "eps_latest_yearly": 1.2,
            "eps_growth_yearly": 408.88
        },
        "20092": {
            "year_quarter": 20092,
            "year": 2009,
            "quarter": 2,
            "eps": 0,
            "eps_growth_year": null,
            "eps_4q": -1.87,
            "eps_4q_growth_year": null,
            "roe": -1.11,
            "gross_profit": 113941,
            "gross_margin": 59.27,
            "net_income": -9725,
            "revenue": 192245,
            "common_shares": 702396,
            "equity": 866169,
            "current_ratio": 121.48,
            "debt_ratio": 39.85,
            "inventory_turnover_ratio": 11.39,
            "account_receivable_turnover_ratio": 5.5,
            "reinvestment_rate": null,
            "research_to_sale_ratio": null,
            "price_fair": 28,
            "eps_avg_yearly": 0.8,
            "eps_latest_yearly": 1.2,
            "eps_growth_yearly": 408.88
        },
        "20093": {
            "year_quarter": 20093,
            "year": 2009,
            "quarter": 3,
            "eps": -0.11,
            "eps_growth_year": null,
            "eps_4q": -1.72,
            "eps_4q_growth_year": null,
            "roe": -1.93,
            "gross_profit": 110539,
            "gross_margin": 57.71,
            "net_income": -16536,
            "revenue": 191541,
            "common_shares": 702396,
            "equity": 850725,
            "current_ratio": 122.79,
            "debt_ratio": 41.61,
            "inventory_turnover_ratio": 12.85,
            "account_receivable_turnover_ratio": 5.16,
            "reinvestment_rate": null,
            "research_to_sale_ratio": null,
            "price_fair": 30.24,
            "eps_avg_yearly": 0.86,
            "eps_latest_yearly": 1.2,
            "eps_growth_yearly": 528.92
        },
        "20094": {
            "year_quarter": 20094,
            "year": 2009,
            "quarter": 4,
            "eps": 0.43,
            "eps_growth_year": null,
            "eps_4q": 0.08,
            "eps_4q_growth_year": null,
            "roe": 3.85,
            "gross_profit": 152996,
            "gross_margin": 70.47,
            "net_income": 33376,
            "revenue": 217094,
            "common_shares": 702396,
            "equity": 881757,
            "current_ratio": 128.42,
            "debt_ratio": 39.04,
            "inventory_turnover_ratio": 10.25,
            "account_receivable_turnover_ratio": 14.55,
            "reinvestment_rate": null,
            "research_to_sale_ratio": null,
            "price_fair": 29.75,
            "eps_avg_yearly": 0.85,
            "eps_latest_yearly": 1.2,
            "eps_growth_yearly": 569.48
        },
        "20101": {
            "year_quarter": 20101,
            "year": 2010,
            "quarter": 1,
            "eps": 0.16,
            "eps_growth_year": null,
            "eps_4q": 0.47,
            "eps_4q_growth_year": null,
            "roe": 0.54,
            "gross_profit": 129045,
            "gross_margin": 61.66,
            "net_income": 4775,
            "revenue": 209275,
            "common_shares": 702396,
            "equity": 886020,
            "current_ratio": 134.11,
            "debt_ratio": 37.56,
            "inventory_turnover_ratio": 12.22,
            "account_receivable_turnover_ratio": 6.43,
            "reinvestment_rate": null,
            "research_to_sale_ratio": null,
            "price_fair": 24.85,
            "eps_avg_yearly": 0.71,
            "eps_latest_yearly": 0.64,
            "eps_growth_yearly": 476.26
        },
        "20102": {
            "year_quarter": 20102,
            "year": 2010,
            "quarter": 2,
            "eps": 0.21,
            "eps_growth_year": null,
            "eps_4q": 0.68,
            "eps_4q_growth_year": null,
            "roe": 1.28,
            "gross_profit": 142005,
            "gross_margin": 64.28,
            "net_income": 11385,
            "revenue": 220914,
            "common_shares": 702396,
            "equity": 898866,
            "current_ratio": 143.95,
            "debt_ratio": 36.33,
            "inventory_turnover_ratio": 12.16,
            "account_receivable_turnover_ratio": 6.24,
            "reinvestment_rate": null,
            "research_to_sale_ratio": null,
            "price_fair": 24.85,
            "eps_avg_yearly": 0.71,
            "eps_latest_yearly": 0.84,
            "eps_growth_yearly": 537.51
        },
        "20103": {
            "year_quarter": 20103,
            "year": 2010,
            "quarter": 3,
            "eps": 0.02,
            "eps_growth_year": null,
            "eps_4q": 0.82,
            "eps_4q_growth_year": null,
            "roe": -0.39,
            "gross_profit": 123982,
            "gross_margin": 59.6,
            "net_income": -3462,
            "revenue": 208041,
            "common_shares": 702396,
            "equity": 894207,
            "current_ratio": 146.71,
            "debt_ratio": 36.24,
            "inventory_turnover_ratio": 12.99,
            "account_receivable_turnover_ratio": 5.66,
            "reinvestment_rate": null,
            "research_to_sale_ratio": null,
            "price_fair": 24.15,
            "eps_avg_yearly": 0.69,
            "eps_latest_yearly": 0.08,
            "eps_growth_yearly": 527.98
        },
        "20104": {
            "year_quarter": 20104,
            "year": 2010,
            "quarter": 4,
            "eps": 0.14,
            "eps_growth_year": -66.37,
            "eps_4q": 0.54,
            "eps_4q_growth_year": 601.15,
            "roe": 0.67,
            "gross_profit": 163667,
            "gross_margin": 64.9,
            "net_income": 5993,
            "revenue": 252169,
            "common_shares": 702396,
            "equity": 893457,
            "current_ratio": 143.25,
            "debt_ratio": 37.86,
            "inventory_turnover_ratio": 13.14,
            "account_receivable_turnover_ratio": 7,
            "reinvestment_rate": null,
            "research_to_sale_ratio": null,
            "price_fair": 18.55,
            "eps_avg_yearly": 0.53,
            "eps_latest_yearly": 0.56,
            "eps_growth_yearly": 477.98
        },
        "20111": {
            "year_quarter": 20111,
            "year": 2011,
            "quarter": 1,
            "eps": 0.43,
            "eps_growth_year": 168.75,
            "eps_4q": 0.81,
            "eps_4q_growth_year": 73.73,
            "roe": 2.82,
            "gross_profit": 166241,
            "gross_margin": 66.39,
            "net_income": 25538,
            "revenue": 250394,
            "common_shares": 702396,
            "equity": 916474,
            "current_ratio": 153.68,
            "debt_ratio": 36.58,
            "inventory_turnover_ratio": 12.01,
            "account_receivable_turnover_ratio": 6.38,
            "reinvestment_rate": null,
            "research_to_sale_ratio": null,
            "price_fair": 26.88,
            "eps_avg_yearly": 0.77,
            "eps_latest_yearly": 1.72,
            "eps_growth_yearly": 548.1
        },
        "20112": {
            "year_quarter": 20112,
            "year": 2011,
            "quarter": 2,
            "eps": 0.12,
            "eps_growth_year": -41.47,
            "eps_4q": 0.72,
            "eps_4q_growth_year": 5.64,
            "roe": 0.45,
            "gross_profit": 138066,
            "gross_margin": 61.53,
            "net_income": 4095,
            "revenue": 224385,
            "common_shares": 702396,
            "equity": 901252,
            "current_ratio": 116.55,
            "debt_ratio": 37.52,
            "inventory_turnover_ratio": 12.36,
            "account_receivable_turnover_ratio": 5.39,
            "reinvestment_rate": null,
            "research_to_sale_ratio": null,
            "price_fair": 25.2,
            "eps_avg_yearly": 0.72,
            "eps_latest_yearly": 0.48,
            "eps_growth_yearly": 408.69
        },
        "20113": {
            "year_quarter": 20113,
            "year": 2011,
            "quarter": 3,
            "eps": -0.09,
            "eps_growth_year": -541.79,
            "eps_4q": 0.61,
            "eps_4q_growth_year": -25.7,
            "roe": -1.05,
            "gross_profit": 127663,
            "gross_margin": 59.93,
            "net_income": -9437,
            "revenue": 213018,
            "common_shares": 702396,
            "equity": 888844,
            "current_ratio": 95.9,
            "debt_ratio": 38.44,
            "inventory_turnover_ratio": 11.66,
            "account_receivable_turnover_ratio": 5.32,
            "reinvestment_rate": null,
            "research_to_sale_ratio": null,
            "price_fair": 25.2,
            "eps_avg_yearly": 0.72,
            "eps_latest_yearly": 0.48,
            "eps_growth_yearly": 408.69
        },
        "20114": {
            "year_quarter": 20114,
            "year": 2011,
            "quarter": 4,
            "eps": 0.21,
            "eps_growth_year": 41.93,
            "eps_4q": 0.67,
            "eps_4q_growth_year": 24.27,
            "roe": 1.43,
            "gross_profit": 186193,
            "gross_margin": 66.2,
            "net_income": 12846,
            "revenue": 281245,
            "common_shares": 702396,
            "equity": 903674,
            "current_ratio": 114.54,
            "debt_ratio": 42.16,
            "inventory_turnover_ratio": 11.43,
            "account_receivable_turnover_ratio": 7.14,
            "reinvestment_rate": null,
            "research_to_sale_ratio": null,
            "price_fair": 25.2,
            "eps_avg_yearly": 0.72,
            "eps_latest_yearly": 0.48,
            "eps_growth_yearly": 408.69
        },
        "20121": {
            "year_quarter": 20121,
            "year": 2012,
            "quarter": 1,
            "eps": 0.32,
            "eps_growth_year": -25.58,
            "eps_4q": 0.56,
            "eps_4q_growth_year": -31.59,
            "roe": 1.69,
            "gross_profit": 165547,
            "gross_margin": 64,
            "net_income": 15448,
            "revenue": 258648,
            "common_shares": 702396,
            "equity": 919195,
            "current_ratio": 123.67,
            "debt_ratio": 40.56,
            "inventory_turnover_ratio": 11,
            "account_receivable_turnover_ratio": 6.06,
            "reinvestment_rate": null,
            "research_to_sale_ratio": null,
            "price_fair": 28,
            "eps_avg_yearly": 0.8,
            "eps_latest_yearly": 1.28,
            "eps_growth_yearly": 380.24
        },
        "20122": {
            "year_quarter": 20122,
            "year": 2012,
            "quarter": 2,
            "eps": 0.26,
            "eps_growth_year": 104.92,
            "eps_4q": 0.69,
            "eps_4q_growth_year": -5.2,
            "roe": 1.14,
            "gross_profit": 160595,
            "gross_margin": 65.4,
            "net_income": 10310,
            "revenue": 245576,
            "common_shares": 702396,
            "equity": 894218,
            "current_ratio": 134.38,
            "debt_ratio": 42.9,
            "inventory_turnover_ratio": 11.76,
            "account_receivable_turnover_ratio": 4.94,
            "reinvestment_rate": null,
            "research_to_sale_ratio": null,
            "price_fair": 29.05,
            "eps_avg_yearly": 0.83,
            "eps_latest_yearly": 1.04,
            "eps_growth_yearly": 323.33
        },
        "20123": {
            "year_quarter": 20123,
            "year": 2012,
            "quarter": 3,
            "eps": 0.12,
            "eps_growth_year": null,
            "eps_4q": 0.9,
            "eps_4q_growth_year": 47.95,
            "roe": 0.65,
            "gross_profit": 150720,
            "gross_margin": 67.78,
            "net_income": 5825,
            "revenue": 222381,
            "common_shares": 702396,
            "equity": 900324,
            "current_ratio": 120.97,
            "debt_ratio": 42.82,
            "inventory_turnover_ratio": 10.53,
            "account_receivable_turnover_ratio": 4.39,
            "reinvestment_rate": 284.14,
            "research_to_sale_ratio": null,
            "price_fair": 27.69,
            "eps_avg_yearly": 0.79,
            "eps_latest_yearly": 0.48,
            "eps_growth_yearly": 263.47
        },
        "20124": {
            "year_quarter": 20124,
            "year": 2012,
            "quarter": 4,
            "eps": 0.3,
            "eps_growth_year": 46.84,
            "eps_4q": 1,
            "eps_4q_growth_year": 48.91,
            "roe": 2.07,
            "gross_profit": 170822,
            "gross_margin": 64.11,
            "net_income": 18871,
            "revenue": 266442,
            "common_shares": 702396,
            "equity": 918808,
            "current_ratio": 125.48,
            "debt_ratio": 41.65,
            "inventory_turnover_ratio": 12.78,
            "account_receivable_turnover_ratio": 5.32,
            "reinvestment_rate": 90.32,
            "research_to_sale_ratio": null,
            "price_fair": 29.12,
            "eps_avg_yearly": 0.83,
            "eps_latest_yearly": 1.2,
            "eps_growth_yearly": 297.13
        },
        "20131": {
            "year_quarter": 20131,
            "year": 2013,
            "quarter": 1,
            "eps": 0.42,
            "eps_growth_year": 31.25,
            "eps_4q": 1.1,
            "eps_4q_growth_year": 97.77,
            "roe": 3.19,
            "gross_profit": 166841,
            "gross_margin": 67.23,
            "net_income": 29525,
            "revenue": 248155,
            "common_shares": 702396,
            "equity": 931311,
            "current_ratio": 160.51,
            "debt_ratio": 40.51,
            "inventory_turnover_ratio": 10.61,
            "account_receivable_turnover_ratio": 5.03,
            "reinvestment_rate": -23.77,
            "research_to_sale_ratio": null,
            "price_fair": 31.82,
            "eps_avg_yearly": 0.91,
            "eps_latest_yearly": 1.68,
            "eps_growth_yearly": 284.66
        },
        "20132": {
            "year_quarter": 20132,
            "year": 2013,
            "quarter": 2,
            "eps": 0.11,
            "eps_growth_year": -56.88,
            "eps_4q": 0.96,
            "eps_4q_growth_year": 39.46,
            "roe": 0.87,
            "gross_profit": 156536,
            "gross_margin": 65.76,
            "net_income": 7967,
            "revenue": 238046,
            "common_shares": 702396,
            "equity": 907002,
            "current_ratio": 139.09,
            "debt_ratio": 43.46,
            "inventory_turnover_ratio": 11.23,
            "account_receivable_turnover_ratio": 5.36,
            "reinvestment_rate": -8.21,
            "research_to_sale_ratio": null,
            "price_fair": 30.45,
            "eps_avg_yearly": 0.87,
            "eps_latest_yearly": 0.44,
            "eps_growth_yearly": 236.34
        },
        "20133": {
            "year_quarter": 20133,
            "year": 2013,
            "quarter": 3,
            "eps": 0.01,
            "eps_growth_year": -91.75,
            "eps_4q": 0.84,
            "eps_4q_growth_year": -6.63,
            "roe": 0.05,
            "gross_profit": 141279,
            "gross_margin": 63.74,
            "net_income": 445,
            "revenue": 221649,
            "common_shares": 702396,
            "equity": 908109,
            "current_ratio": 135.97,
            "debt_ratio": 43.25,
            "inventory_turnover_ratio": 12.17,
            "account_receivable_turnover_ratio": 5.25,
            "reinvestment_rate": -9.93,
            "research_to_sale_ratio": null,
            "price_fair": 28.22,
            "eps_avg_yearly": 0.81,
            "eps_latest_yearly": 0.04,
            "eps_growth_yearly": 190.18
        },
        "20134": {
            "year_quarter": 20134,
            "year": 2013,
            "quarter": 4,
            "eps": 0.08,
            "eps_growth_year": -72.37,
            "eps_4q": 0.62,
            "eps_4q_growth_year": -37.51,
            "roe": -1.02,
            "gross_profit": 155001,
            "gross_margin": 57.14,
            "net_income": -9045,
            "revenue": 271268,
            "common_shares": 702396,
            "equity": 869350,
            "current_ratio": 150.68,
            "debt_ratio": 44.14,
            "inventory_turnover_ratio": 18.65,
            "account_receivable_turnover_ratio": 6.57,
            "reinvestment_rate": -170.81,
            "research_to_sale_ratio": null,
            "price_fair": 27,
            "eps_avg_yearly": 0.77,
            "eps_latest_yearly": 0.32,
            "eps_growth_yearly": 376.6
        },
        "20141": {
            "year_quarter": 20141,
            "year": 2014,
            "quarter": 1,
            "eps": 0.13,
            "eps_growth_year": -69.05,
            "eps_4q": 0.34,
            "eps_4q_growth_year": -69.47,
            "roe": 1.07,
            "gross_profit": 169778,
            "gross_margin": 66.14,
            "net_income": 9324,
            "revenue": 256679,
            "common_shares": 702396,
            "equity": 877272,
            "current_ratio": 159.81,
            "debt_ratio": 42.03,
            "inventory_turnover_ratio": 14.28,
            "account_receivable_turnover_ratio": 6.82,
            "reinvestment_rate": -169.54,
            "research_to_sale_ratio": null,
            "price_fair": 26.7,
            "eps_avg_yearly": 0.76,
            "eps_latest_yearly": 0.52,
            "eps_growth_yearly": 412.4
        },
        "20142": {
            "year_quarter": 20142,
            "year": 2014,
            "quarter": 2,
            "eps": 0.16,
            "eps_growth_year": 45.45,
            "eps_4q": 0.38,
            "eps_4q_growth_year": -60.06,
            "roe": 1.3,
            "gross_profit": 105649,
            "gross_margin": 42.15,
            "net_income": 11250,
            "revenue": 250649,
            "common_shares": 702396,
            "equity": 854407,
            "current_ratio": 149.16,
            "debt_ratio": 43.86,
            "inventory_turnover_ratio": 25.2,
            "account_receivable_turnover_ratio": 7.13,
            "reinvestment_rate": -171.39,
            "research_to_sale_ratio": null,
            "price_fair": 26.2,
            "eps_avg_yearly": 0.75,
            "eps_latest_yearly": 0.64,
            "eps_growth_yearly": 410.06
        },
        "20143": {
            "year_quarter": 20143,
            "year": 2014,
            "quarter": 3,
            "eps": 0.02,
            "eps_growth_year": 100,
            "eps_4q": 0.4,
            "eps_4q_growth_year": -52.41,
            "roe": 0.29,
            "gross_profit": 98857,
            "gross_margin": 39.94,
            "net_income": 2457,
            "revenue": 247499,
            "common_shares": 702396,
            "equity": 858849,
            "current_ratio": 162.66,
            "debt_ratio": 40.27,
            "inventory_turnover_ratio": 22.73,
            "account_receivable_turnover_ratio": 7.02,
            "reinvestment_rate": -165.07,
            "research_to_sale_ratio": null,
            "price_fair": 26.2,
            "eps_avg_yearly": 0.75,
            "eps_latest_yearly": 0.08,
            "eps_growth_yearly": 410.91
        },
        "20144": {
            "year_quarter": 20144,
            "year": 2014,
            "quarter": 4,
            "eps": 0.22,
            "eps_growth_year": 159.62,
            "eps_4q": 0.53,
            "eps_4q_growth_year": -14.42,
            "roe": 1.66,
            "gross_profit": 65933,
            "gross_margin": 23.5,
            "net_income": 14413,
            "revenue": 280608,
            "common_shares": 702396,
            "equity": 880659,
            "current_ratio": 158.83,
            "debt_ratio": 40.74,
            "inventory_turnover_ratio": 32.39,
            "account_receivable_turnover_ratio": 8,
            "reinvestment_rate": -150.37,
            "research_to_sale_ratio": null,
            "price_fair": 27,
            "eps_avg_yearly": 0.77,
            "eps_latest_yearly": 0.88,
            "eps_growth_yearly": 525.2
        },
        "20151": {
            "year_quarter": 20151,
            "year": 2015,
            "quarter": 1,
            "eps": 0.32,
            "eps_growth_year": 146.15,
            "eps_4q": 0.72,
            "eps_4q_growth_year": 115.72,
            "roe": 2.54,
            "gross_profit": 104031,
            "gross_margin": 38.66,
            "net_income": 22702,
            "revenue": 269095,
            "common_shares": 702396,
            "equity": 904869,
            "current_ratio": 165.32,
            "debt_ratio": 37.69,
            "inventory_turnover_ratio": 28.25,
            "account_receivable_turnover_ratio": 7.83,
            "reinvestment_rate": -68.2,
            "research_to_sale_ratio": null,
            "price_fair": 25.9,
            "eps_avg_yearly": 0.74,
            "eps_latest_yearly": 1.28,
            "eps_growth_yearly": 479
        },
        "20152": {
            "year_quarter": 20152,
            "year": 2015,
            "quarter": 2,
            "eps": 0.13,
            "eps_growth_year": -18.75,
            "eps_4q": 0.69,
            "eps_4q_growth_year": 80.84,
            "roe": 1,
            "gross_profit": 86735,
            "gross_margin": 35.32,
            "net_income": 8973,
            "revenue": 245564,
            "common_shares": 702396,
            "equity": 890379,
            "current_ratio": 154.34,
            "debt_ratio": 39.14,
            "inventory_turnover_ratio": 23.88,
            "account_receivable_turnover_ratio": 7.26,
            "reinvestment_rate": -89.34,
            "research_to_sale_ratio": null,
            "price_fair": 26,
            "eps_avg_yearly": 0.74,
            "eps_latest_yearly": 0.52,
            "eps_growth_yearly": 482.64
        },
        "20153": {
            "year_quarter": 20153,
            "year": 2015,
            "quarter": 3,
            "eps": 0.08,
            "eps_growth_year": 300,
            "eps_4q": 0.74,
            "eps_4q_growth_year": 85.91,
            "roe": 0.61,
            "gross_profit": 71720,
            "gross_margin": 30.52,
            "net_income": 5406,
            "revenue": 234964,
            "common_shares": 702396,
            "equity": 893624,
            "current_ratio": 158.69,
            "debt_ratio": 37.7,
            "inventory_turnover_ratio": 22.61,
            "account_receivable_turnover_ratio": 6.9,
            "reinvestment_rate": -115.08,
            "research_to_sale_ratio": null,
            "price_fair": 25.01,
            "eps_avg_yearly": 0.71,
            "eps_latest_yearly": 0.32,
            "eps_growth_yearly": 440.2
        },
        "20154": {
            "year_quarter": 20154,
            "year": 2015,
            "quarter": 4,
            "eps": 0.52,
            "eps_growth_year": 138.51,
            "eps_4q": 1.04,
            "eps_4q_growth_year": 95.72,
            "roe": 3.97,
            "gross_profit": 110743,
            "gross_margin": 39.39,
            "net_income": 36206,
            "revenue": 281113,
            "common_shares": 702396,
            "equity": 931051,
            "current_ratio": 159.59,
            "debt_ratio": 36.95,
            "inventory_turnover_ratio": 23.35,
            "account_receivable_turnover_ratio": 8.12,
            "reinvestment_rate": -52.32,
            "research_to_sale_ratio": null,
            "price_fair": 28,
            "eps_avg_yearly": 0.8,
            "eps_latest_yearly": 2.08,
            "eps_growth_yearly": 550.19
        },
        "20161": {
            "year_quarter": 20161,
            "year": 2016,
            "quarter": 1,
            "eps": 0.05,
            "eps_growth_year": -84.38,
            "eps_4q": 0.77,
            "eps_4q_growth_year": 6.95,
            "roe": 0.4,
            "gross_profit": 84001,
            "gross_margin": 33.05,
            "net_income": 3748,
            "revenue": 254160,
            "common_shares": 702396,
            "equity": 932685,
            "current_ratio": 163.37,
            "debt_ratio": 33.52,
            "inventory_turnover_ratio": 21.26,
            "account_receivable_turnover_ratio": 7.48,
            "reinvestment_rate": -68.17,
            "research_to_sale_ratio": null,
            "price_fair": 25.64,
            "eps_avg_yearly": 0.73,
            "eps_latest_yearly": 0.2,
            "eps_growth_yearly": 514.5
        },
        "20162": {
            "year_quarter": 20162,
            "year": 2016,
            "quarter": 2,
            "eps": -0.05,
            "eps_growth_year": -138.46,
            "eps_4q": 0.6,
            "eps_4q_growth_year": -13.8,
            "roe": -0.39,
            "gross_profit": 74490,
            "gross_margin": 31.58,
            "net_income": -3530,
            "revenue": 235902,
            "common_shares": 702396,
            "equity": 894035,
            "current_ratio": 147.56,
            "debt_ratio": 35.73,
            "inventory_turnover_ratio": 20.03,
            "account_receivable_turnover_ratio": 6.83,
            "reinvestment_rate": -84.41,
            "research_to_sale_ratio": null,
            "price_fair": 24.92,
            "eps_avg_yearly": 0.71,
            "eps_latest_yearly": 0.2,
            "eps_growth_yearly": 553.8
        },
        "20163": {
            "year_quarter": 20163,
            "year": 2016,
            "quarter": 3,
            "eps": -0.25,
            "eps_growth_year": -412.5,
            "eps_4q": 0.26,
            "eps_4q_growth_year": -64.56,
            "roe": -2.02,
            "gross_profit": 58158,
            "gross_margin": 25.92,
            "net_income": -17904,
            "revenue": 224363,
            "common_shares": 702396,
            "equity": 876131,
            "current_ratio": 140.7,
            "debt_ratio": 36.35,
            "inventory_turnover_ratio": 21.16,
            "account_receivable_turnover_ratio": 6.85,
            "reinvestment_rate": -110.49,
            "research_to_sale_ratio": null,
            "price_fair": 25.5,
            "eps_avg_yearly": 0.73,
            "eps_latest_yearly": 0.2,
            "eps_growth_yearly": 608.74
        },
        "20164": {
            "year_quarter": 20164,
            "year": 2016,
            "quarter": 4,
            "eps": 0.59,
            "eps_growth_year": 13.93,
            "eps_4q": 0.34,
            "eps_4q_growth_year": -67.85,
            "roe": 4.6,
            "gross_profit": 119040,
            "gross_margin": 44.95,
            "net_income": 41250,
            "revenue": 264814,
            "common_shares": 702396,
            "equity": 917990,
            "current_ratio": 149.8,
            "debt_ratio": 35.6,
            "inventory_turnover_ratio": 18.48,
            "account_receivable_turnover_ratio": 7.55,
            "reinvestment_rate": -110.7,
            "research_to_sale_ratio": null,
            "price_fair": 24.23,
            "eps_avg_yearly": 0.69,
            "eps_latest_yearly": 0.2,
            "eps_growth_yearly": 609.41
        },
        "20171": {
            "year_quarter": 20171,
            "year": 2017,
            "quarter": 1,
            "eps": 0.14,
            "eps_growth_year": 180,
            "eps_4q": 0.42,
            "eps_4q_growth_year": -45.66,
            "roe": 1.05,
            "gross_profit": 82597,
            "gross_margin": 34.27,
            "net_income": 9706,
            "revenue": 241002,
            "common_shares": 702396,
            "equity": 927696,
            "current_ratio": 177.39,
            "debt_ratio": 32.91,
            "inventory_turnover_ratio": 23.84,
            "account_receivable_turnover_ratio": 6.43,
            "reinvestment_rate": -3.64,
            "research_to_sale_ratio": null,
            "price_fair": 21.22,
            "eps_avg_yearly": 0.61,
            "eps_latest_yearly": 0.56,
            "eps_growth_yearly": 573.64
        },
        "20172": {
            "year_quarter": 20172,
            "year": 2017,
            "quarter": 2,
            "eps": -0.09,
            "eps_growth_year": null,
            "eps_4q": 0.38,
            "eps_4q_growth_year": -36.17,
            "roe": -0.69,
            "gross_profit": 65163,
            "gross_margin": 29.81,
            "net_income": -6352,
            "revenue": 218606,
            "common_shares": 702396,
            "equity": 907296,
            "current_ratio": 159.92,
            "debt_ratio": 32.82,
            "inventory_turnover_ratio": 27.85,
            "account_receivable_turnover_ratio": 6.8,
            "reinvestment_rate": -15.22,
            "research_to_sale_ratio": null,
            "price_fair": 21.7,
            "eps_avg_yearly": 0.62,
            "eps_latest_yearly": 0.56,
            "eps_growth_yearly": 646.04
        },
        "20173": {
            "year_quarter": 20173,
            "year": 2017,
            "quarter": 3,
            "eps": -0.42,
            "eps_growth_year": null,
            "eps_4q": 0.22,
            "eps_4q_growth_year": -17.66,
            "roe": -3.29,
            "gross_profit": 42015,
            "gross_margin": 21.34,
            "net_income": -29354,
            "revenue": 196909,
            "common_shares": 702396,
            "equity": 877942,
            "current_ratio": 141.5,
            "debt_ratio": 37.77,
            "inventory_turnover_ratio": 26.05,
            "account_receivable_turnover_ratio": 5.83,
            "reinvestment_rate": -17.18,
            "research_to_sale_ratio": null,
            "price_fair": 23.55,
            "eps_avg_yearly": 0.67,
            "eps_latest_yearly": 0.56,
            "eps_growth_yearly": 737.83
        },
        "20174": {
            "year_quarter": 20174,
            "year": 2017,
            "quarter": 4,
            "eps": 0.26,
            "eps_growth_year": -55.4,
            "eps_4q": -0.11,
            "eps_4q_growth_year": -132.27,
            "roe": 2.07,
            "gross_profit": 86232,
            "gross_margin": 36,
            "net_income": 18397,
            "revenue": 239562,
            "common_shares": 702396,
            "equity": 898397,
            "current_ratio": 149.29,
            "debt_ratio": 37.28,
            "inventory_turnover_ratio": 22.11,
            "account_receivable_turnover_ratio": 5.98,
            "reinvestment_rate": 163.53,
            "research_to_sale_ratio": null,
            "price_fair": 24.78,
            "eps_avg_yearly": 0.71,
            "eps_latest_yearly": 0.56,
            "eps_growth_yearly": 531.62
        },
        "20181": {
            "year_quarter": 20181,
            "year": 2018,
            "quarter": 1,
            "eps": -0.32,
            "eps_growth_year": -328.57,
            "eps_4q": -0.57,
            "eps_4q_growth_year": -234.79,
            "roe": -2.53,
            "gross_profit": 41442,
            "gross_margin": 21.03,
            "net_income": -22485,
            "revenue": 197028,
            "common_shares": 702396,
            "equity": 876191,
            "current_ratio": 137.63,
            "debt_ratio": 36.67,
            "inventory_turnover_ratio": 19.89,
            "account_receivable_turnover_ratio": 5.72,
            "reinvestment_rate": 168.03,
            "research_to_sale_ratio": null,
            "price_fair": 25.51,
            "eps_avg_yearly": 0.73,
            "eps_latest_yearly": 0.56,
            "eps_growth_yearly": 562.91
        },
        "20182": {
            "year_quarter": 20182,
            "year": 2018,
            "quarter": 2,
            "eps": -0.28,
            "eps_growth_year": null,
            "eps_4q": -0.76,
            "eps_4q_growth_year": -299.92,
            "roe": -2.32,
            "gross_profit": 46171,
            "gross_margin": 22.87,
            "net_income": -19937,
            "revenue": 201845,
            "common_shares": 702396,
            "equity": 842206,
            "current_ratio": 141.49,
            "debt_ratio": 42.68,
            "inventory_turnover_ratio": 19.49,
            "account_receivable_turnover_ratio": 7.03,
            "reinvestment_rate": 357.67,
            "research_to_sale_ratio": null,
            "price_fair": 25.9,
            "eps_avg_yearly": 0.74,
            "eps_latest_yearly": 0.56,
            "eps_growth_yearly": 621.73
        },
        "20183": {
            "year_quarter": 20183,
            "year": 2018,
            "quarter": 3,
            "eps": -0.41,
            "eps_growth_year": null,
            "eps_4q": -0.76,
            "eps_4q_growth_year": -448.53,
            "roe": -3.52,
            "gross_profit": 31054,
            "gross_margin": 16.09,
            "net_income": -29126,
            "revenue": 192978,
            "common_shares": 702396,
            "equity": 811536,
            "current_ratio": 139.1,
            "debt_ratio": 43.56,
            "inventory_turnover_ratio": 20.31,
            "account_receivable_turnover_ratio": 6.27,
            "reinvestment_rate": 720.75,
            "research_to_sale_ratio": null,
            "price_fair": 29.2,
            "eps_avg_yearly": 0.83,
            "eps_latest_yearly": 0.56,
            "eps_growth_yearly": 760.55
        },
        "20184": {
            "year_quarter": 20184,
            "year": 2018,
            "quarter": 4,
            "eps": 0.21,
            "eps_growth_year": -21.09,
            "eps_4q": -0.81,
            "eps_4q_growth_year": null,
            "roe": 1.77,
            "gross_profit": 92339,
            "gross_margin": 39.79,
            "net_income": 14517,
            "revenue": 232068,
            "common_shares": 702396,
            "equity": 825864,
            "current_ratio": 141.34,
            "debt_ratio": 43.23,
            "inventory_turnover_ratio": 16.83,
            "account_receivable_turnover_ratio": 6.87,
            "reinvestment_rate": 679.37,
            "research_to_sale_ratio": null,
            "price_fair": 28.93,
            "eps_avg_yearly": 0.83,
            "eps_latest_yearly": 0.56,
            "eps_growth_yearly": 220.64
        },
        "20191": {
            "year_quarter": 20191,
            "year": 2019,
            "quarter": 1,
            "eps": -0.12,
            "eps_growth_year": null,
            "eps_4q": -0.61,
            "eps_4q_growth_year": null,
            "roe": -1,
            "gross_profit": 60389,
            "gross_margin": 28.47,
            "net_income": -8201,
            "revenue": 212117,
            "common_shares": 702396,
            "equity": 817663,
            "current_ratio": 104.8,
            "debt_ratio": 63.75,
            "inventory_turnover_ratio": 18.58,
            "account_receivable_turnover_ratio": 6.09,
            "reinvestment_rate": 1952.13,
            "research_to_sale_ratio": null,
            "price_fair": 25.76,
            "eps_avg_yearly": 0.74,
            "eps_latest_yearly": 0.56,
            "eps_growth_yearly": 228.41
        },
        "20192": {
            "year_quarter": 20192,
            "year": 2019,
            "quarter": 2,
            "eps": -0.4,
            "eps_growth_year": null,
            "eps_4q": -0.73,
            "eps_4q_growth_year": null,
            "roe": -3.51,
            "gross_profit": 40439,
            "gross_margin": 21.54,
            "net_income": -28214,
            "revenue": 187697,
            "common_shares": 702396,
            "equity": 789449,
            "current_ratio": 98.62,
            "debt_ratio": 64.81,
            "inventory_turnover_ratio": 18.32,
            "account_receivable_turnover_ratio": 5.97,
            "reinvestment_rate": null,
            "research_to_sale_ratio": null,
            "price_fair": 27.65,
            "eps_avg_yearly": 0.79,
            "eps_latest_yearly": 0.56,
            "eps_growth_yearly": 344.88
        },
        "20193": {
            "year_quarter": 20193,
            "year": 2019,
            "quarter": 3,
            "eps": -0.25,
            "eps_growth_year": null,
            "eps_4q": -0.56,
            "eps_4q_growth_year": null,
            "roe": -2.25,
            "gross_profit": 37789,
            "gross_margin": 19.97,
            "net_income": -17599,
            "revenue": 189203,
            "common_shares": 702396,
            "equity": 771850,
            "current_ratio": 91.41,
            "debt_ratio": 64.76,
            "inventory_turnover_ratio": 18.98,
            "account_receivable_turnover_ratio": 6.4,
            "reinvestment_rate": null,
            "research_to_sale_ratio": null,
            "price_fair": 33.13,
            "eps_avg_yearly": 0.95,
            "eps_latest_yearly": 0.56,
            "eps_growth_yearly": 511.13
        },
        "20194": {
            "year_quarter": 20194,
            "year": 2019,
            "quarter": 4,
            "eps": 0.33,
            "eps_growth_year": 59.23,
            "eps_4q": -0.44,
            "eps_4q_growth_year": null,
            "roe": 2.93,
            "gross_profit": 92516,
            "gross_margin": 38.81,
            "net_income": 23115,
            "revenue": 238356,
            "common_shares": 702396,
            "equity": 803678,
            "current_ratio": 97.28,
            "debt_ratio": 62.89,
            "inventory_turnover_ratio": 15.2,
            "account_receivable_turnover_ratio": 8.06,
            "reinvestment_rate": null,
            "research_to_sale_ratio": null,
            "price_fair": 1.14,
            "eps_avg_yearly": 0.38,
            "eps_latest_yearly": 0.56,
            "eps_growth_yearly": -333.31
        },
        "20201": {
            "year_quarter": 20201,
            "year": 2020,
            "quarter": 1,
            "eps": -1.58,
            "eps_growth_year": null,
            "eps_4q": -1.9,
            "eps_4q_growth_year": null,
            "roe": -14.82,
            "gross_profit": 18894,
            "gross_margin": 20.65,
            "net_income": -110897,
            "revenue": 91511,
            "common_shares": 702396,
            "equity": 692781,
            "current_ratio": 108.64,
            "debt_ratio": 55.57,
            "inventory_turnover_ratio": 8.16,
            "account_receivable_turnover_ratio": 4.24,
            "reinvestment_rate": null,
            "research_to_sale_ratio": null,
            "price_fair": 1.68,
            "eps_avg_yearly": 0.56,
            "eps_latest_yearly": 0.56,
            "eps_growth_yearly": -305.08
        },
        "20202": {
            "year_quarter": 20202,
            "year": 2020,
            "quarter": 2,
            "eps": -0.24,
            "eps_growth_year": null,
            "eps_4q": -1.74,
            "eps_4q_growth_year": null,
            "roe": -2.47,
            "gross_profit": -9127,
            "gross_margin": -16.8,
            "net_income": -16888,
            "revenue": 54316,
            "common_shares": 702396,
            "equity": 675893,
            "current_ratio": 105.02,
            "debt_ratio": 55.15,
            "inventory_turnover_ratio": 9.31,
            "account_receivable_turnover_ratio": 3.9,
            "reinvestment_rate": null,
            "research_to_sale_ratio": null,
            "price_fair": 1.68,
            "eps_avg_yearly": 0.56,
            "eps_latest_yearly": 0.56,
            "eps_growth_yearly": -305.08
        },
        "20203": {
            "year_quarter": 20203,
            "year": 2020,
            "quarter": 3,
            "eps": -0.35,
            "eps_growth_year": null,
            "eps_4q": -1.84,
            "eps_4q_growth_year": null,
            "roe": -3.73,
            "gross_profit": 3698,
            "gross_margin": 5.1,
            "net_income": -24732,
            "revenue": 72461,
            "common_shares": 702396,
            "equity": 651161,
            "current_ratio": 100.03,
            "debt_ratio": 55.44,
            "inventory_turnover_ratio": 9.28,
            "account_receivable_turnover_ratio": 5.22,
            "reinvestment_rate": null,
            "research_to_sale_ratio": null,
            "price_fair": 1.68,
            "eps_avg_yearly": 0.56,
            "eps_latest_yearly": 0.56,
            "eps_growth_yearly": -305.08
        },
        "20204": {
            "year_quarter": 20204,
            "year": 2020,
            "quarter": 4,
            "eps": -0.19,
            "eps_growth_year": -158.49,
            "eps_4q": -2.36,
            "eps_4q_growth_year": null,
            "roe": -2.08,
            "gross_profit": 8943,
            "gross_margin": 11.46,
            "net_income": -13519,
            "revenue": 78011,
            "common_shares": 702396,
            "equity": 648222,
            "current_ratio": 97.07,
            "debt_ratio": 52.73,
            "inventory_turnover_ratio": 7.5,
            "account_receivable_turnover_ratio": 5.46,
            "reinvestment_rate": null,
            "research_to_sale_ratio": null,
            "price_fair": 1.68,
            "eps_avg_yearly": 0.56,
            "eps_latest_yearly": 0.56,
            "eps_growth_yearly": -305.08
        },
        "20211": {
            "year_quarter": 20211,
            "year": 2021,
            "quarter": 1,
            "eps": -0.31,
            "eps_growth_year": null,
            "eps_4q": -1.1,
            "eps_4q_growth_year": null,
            "roe": -3.45,
            "gross_profit": 6892,
            "gross_margin": 8.4,
            "net_income": -21970,
            "revenue": 82072,
            "common_shares": 702396,
            "equity": 626252,
            "current_ratio": 91.09,
            "debt_ratio": 48.43,
            "inventory_turnover_ratio": 8.16,
            "account_receivable_turnover_ratio": 5.14,
            "reinvestment_rate": null,
            "research_to_sale_ratio": null,
            "price_fair": 0,
            "eps_avg_yearly": 0,
            "eps_latest_yearly": 0,
            "eps_growth_yearly": 0
        },
        "20212": {
            "year_quarter": 20212,
            "year": 2021,
            "quarter": 2,
            "eps": -0.48,
            "eps_growth_year": null,
            "eps_4q": -1.34,
            "eps_4q_growth_year": null,
            "roe": -5.58,
            "gross_profit": -16760,
            "gross_margin": -44.2,
            "net_income": -33974,
            "revenue": 37918,
            "common_shares": 702396,
            "equity": 592278,
            "current_ratio": 84.18,
            "debt_ratio": 50.65,
            "inventory_turnover_ratio": 6.78,
            "account_receivable_turnover_ratio": 3.18,
            "reinvestment_rate": null,
            "research_to_sale_ratio": null,
            "price_fair": 0,
            "eps_avg_yearly": 0,
            "eps_latest_yearly": 0,
            "eps_growth_yearly": 0
        },
        "20213": {
            "year_quarter": 20213,
            "year": 2021,
            "quarter": 3,
            "eps": -0.66,
            "eps_growth_year": null,
            "eps_4q": -1.65,
            "eps_4q_growth_year": null,
            "roe": -8.13,
            "gross_profit": -21817,
            "gross_margin": -85.42,
            "net_income": -46275,
            "revenue": 25540,
            "common_shares": 702396,
            "equity": 546003,
            "current_ratio": 74.46,
            "debt_ratio": 52.52,
            "inventory_turnover_ratio": 5.72,
            "account_receivable_turnover_ratio": 3.93,
            "reinvestment_rate": null,
            "research_to_sale_ratio": null,
            "price_fair": 0,
            "eps_avg_yearly": 0,
            "eps_latest_yearly": 0,
            "eps_growth_yearly": 0
        },
        "20214": {
            "year_quarter": 20214,
            "year": 2021,
            "quarter": 4,
            "eps": -0.31,
            "eps_growth_year": null,
            "eps_4q": -1.77,
            "eps_4q_growth_year": null,
            "roe": -4.16,
            "gross_profit": 5454,
            "gross_margin": 8.3,
            "net_income": -21969,
            "revenue": 65710,
            "common_shares": 702396,
            "equity": 510989,
            "current_ratio": 69.63,
            "debt_ratio": 51.37,
            "inventory_turnover_ratio": 6.44,
            "account_receivable_turnover_ratio": 7.94,
            "reinvestment_rate": null,
            "research_to_sale_ratio": null,
            "price_fair": 0,
            "eps_avg_yearly": 0,
            "eps_latest_yearly": 0,
            "eps_growth_yearly": 0
        },
        "20221": {
            "year_quarter": 20221,
            "year": 2022,
            "quarter": 1,
            "eps": -0.32,
            "eps_growth_year": null,
            "eps_4q": -1.77,
            "eps_4q_growth_year": null,
            "roe": -4.46,
            "gross_profit": 3618,
            "gross_margin": 5.28,
            "net_income": -22278,
            "revenue": 68489,
            "common_shares": 702396,
            "equity": 488711,
            "current_ratio": 59.4,
            "debt_ratio": 48.82,
            "inventory_turnover_ratio": 8.43,
            "account_receivable_turnover_ratio": 6.88,
            "reinvestment_rate": null,
            "research_to_sale_ratio": null,
            "price_fair": 0,
            "eps_avg_yearly": 0,
            "eps_latest_yearly": 0,
            "eps_growth_yearly": 0
        },
        "20222": {
            "year_quarter": 20222,
            "year": 2022,
            "quarter": 2,
            "eps": -0.55,
            "eps_growth_year": null,
            "eps_4q": -1.84,
            "eps_4q_growth_year": null,
            "roe": -8.31,
            "gross_profit": -14271,
            "gross_margin": -41.78,
            "net_income": -39001,
            "revenue": 34156,
            "common_shares": 702396,
            "equity": 449710,
            "current_ratio": 53.64,
            "debt_ratio": 51.99,
            "inventory_turnover_ratio": 10.76,
            "account_receivable_turnover_ratio": 4.22,
            "reinvestment_rate": null,
            "research_to_sale_ratio": null,
            "price_fair": 0,
            "eps_avg_yearly": 0,
            "eps_latest_yearly": 0,
            "eps_growth_yearly": 0
        },
        "20223": {
            "year_quarter": 20223,
            "year": 2022,
            "quarter": 3,
            "eps": -0.36,
            "eps_growth_year": null,
            "eps_4q": -1.55,
            "eps_4q_growth_year": null,
            "roe": -5.83,
            "gross_profit": 56,
            "gross_margin": 0.1,
            "net_income": -25457,
            "revenue": 53358,
            "common_shares": 702396,
            "equity": 424253,
            "current_ratio": 50.06,
            "debt_ratio": 53.78,
            "inventory_turnover_ratio": 10.76,
            "account_receivable_turnover_ratio": 8.61,
            "reinvestment_rate": null,
            "research_to_sale_ratio": null,
            "price_fair": 0,
            "eps_avg_yearly": 0,
            "eps_latest_yearly": 0,
            "eps_growth_yearly": 0
        },
        "20224": {
            "year_quarter": 20224,
            "year": 2022,
            "quarter": 4,
            "eps": 0.02,
            "eps_growth_year": null,
            "eps_4q": -1.22,
            "eps_4q_growth_year": null,
            "roe": 0.31,
            "gross_profit": 32811,
            "gross_margin": 33.94,
            "net_income": 1341,
            "revenue": 96673,
            "common_shares": 702396,
            "equity": 442135,
            "current_ratio": 55.6,
            "debt_ratio": 53.35,
            "inventory_turnover_ratio": 8.36,
            "account_receivable_turnover_ratio": 10.68,
            "reinvestment_rate": null,
            "research_to_sale_ratio": null,
            "price_fair": 0,
            "eps_avg_yearly": 0,
            "eps_latest_yearly": 0,
            "eps_growth_yearly": 0
        },
        "20231": {
            "year_quarter": 20231,
            "year": 2023,
            "quarter": 1,
            "eps": 0.14,
            "eps_growth_year": null,
            "eps_4q": -0.76,
            "eps_4q_growth_year": null,
            "roe": 2.16,
            "gross_profit": 42134,
            "gross_margin": 38.96,
            "net_income": 9645,
            "revenue": 108156,
            "common_shares": 702396,
            "equity": 451780,
            "current_ratio": 58.99,
            "debt_ratio": 51.4,
            "inventory_turnover_ratio": 9.04,
            "account_receivable_turnover_ratio": 8.19,
            "reinvestment_rate": null,
            "research_to_sale_ratio": null,
            "price_fair": 19.6,
            "eps_avg_yearly": 0.56,
            "eps_latest_yearly": 0.56,
            "eps_growth_yearly": 2400
        }
    },
    "months": {
        "2001-06": {
            "month": "2001-06",
            "price": "15.97",
            "revenue": 40642
        },
        "2001-07": {
            "month": "2001-07",
            "price": "15.63",
            "revenue": 35970
        },
        "2001-08": {
            "month": "2001-08",
            "price": "16.17",
            "revenue": 34775
        },
        "2001-09": {
            "month": "2001-09",
            "price": "16.75",
            "revenue": 34826
        },
        "2001-10": {
            "month": "2001-10",
            "price": "16.81",
            "revenue": 35181
        },
        "2001-11": {
            "month": "2001-11",
            "price": "16.77",
            "revenue": 40176
        },
        "2001-12": {
            "month": "2001-12",
            "price": "16.87",
            "revenue": 36065
        },
        "2002-01": {
            "month": "2002-01",
            "price": "16.75",
            "revenue": 39052
        },
        "2002-02": {
            "month": "2002-02",
            "price": "16.58",
            "revenue": 30526
        },
        "2002-03": {
            "month": "2002-03",
            "price": "16.51",
            "revenue": 41977
        },
        "2002-04": {
            "month": "2002-04",
            "price": "16.39",
            "revenue": 35177
        },
        "2002-05": {
            "month": "2002-05",
            "price": "16.11",
            "revenue": 37622
        },
        "2002-06": {
            "month": "2002-06",
            "price": "15.74",
            "revenue": 38965
        },
        "2002-07": {
            "month": "2002-07",
            "price": "15.42",
            "revenue": 30597
        },
        "2002-08": {
            "month": "2002-08",
            "price": "14.73",
            "revenue": 30223
        },
        "2002-09": {
            "month": "2002-09",
            "price": "14.03",
            "revenue": 35235
        },
        "2002-10": {
            "month": "2002-10",
            "price": "14.68",
            "revenue": 44082
        },
        "2002-11": {
            "month": "2002-11",
            "price": "16.04",
            "revenue": 42951
        },
        "2002-12": {
            "month": "2002-12",
            "price": "17.10",
            "revenue": 38428
        },
        "2003-01": {
            "month": "2003-01",
            "price": "17.58",
            "revenue": 43941
        },
        "2003-02": {
            "month": "2003-02",
            "price": "17.03",
            "revenue": 33915
        },
        "2003-03": {
            "month": "2003-03",
            "price": "16.80",
            "revenue": 37972
        },
        "2003-04": {
            "month": "2003-04",
            "price": "16.10",
            "revenue": 20050
        },
        "2003-05": {
            "month": "2003-05",
            "price": "14.90",
            "revenue": 14472
        },
        "2003-06": {
            "month": "2003-06",
            "price": "13.69",
            "revenue": 18220
        },
        "2003-07": {
            "month": "2003-07",
            "price": "14.55",
            "revenue": 28288
        },
        "2003-08": {
            "month": "2003-08",
            "price": "14.55",
            "revenue": 32214
        },
        "2003-09": {
            "month": "2003-09",
            "price": "14.16",
            "revenue": 42770
        },
        "2003-10": {
            "month": "2003-10",
            "price": "14.65",
            "revenue": 45582
        },
        "2003-11": {
            "month": "2003-11",
            "price": "15.01",
            "revenue": 45349
        },
        "2003-12": {
            "month": "2003-12",
            "price": "15.23",
            "revenue": 44109
        },
        "2004-01": {
            "month": "2004-01",
            "price": "17.31",
            "revenue": 39896
        },
        "2004-02": {
            "month": "2004-02",
            "price": "19.31",
            "revenue": 37801
        },
        "2004-03": {
            "month": "2004-03",
            "price": "17.62",
            "revenue": 40459
        },
        "2004-04": {
            "month": "2004-04",
            "price": "16.12",
            "revenue": 33744
        },
        "2004-05": {
            "month": "2004-05",
            "price": "15.03",
            "revenue": 39481
        },
        "2004-06": {
            "month": "2004-06",
            "price": "15.57",
            "revenue": 39333
        },
        "2004-07": {
            "month": "2004-07",
            "price": "15.12",
            "revenue": 37112
        },
        "2004-08": {
            "month": "2004-08",
            "price": "14.94",
            "revenue": 29586
        },
        "2004-09": {
            "month": "2004-09",
            "price": "15.41",
            "revenue": 39005
        },
        "2004-10": {
            "month": "2004-10",
            "price": "15.63",
            "revenue": 45410
        },
        "2004-11": {
            "month": "2004-11",
            "price": "15.04",
            "revenue": 45878
        },
        "2004-12": {
            "month": "2004-12",
            "price": "16.94",
            "revenue": 43319
        },
        "2005-01": {
            "month": "2005-01",
            "price": "20.01",
            "revenue": 45997
        },
        "2005-02": {
            "month": "2005-02",
            "price": "17.38",
            "revenue": 37078
        },
        "2005-03": {
            "month": "2005-03",
            "price": "17.48",
            "revenue": 49066
        },
        "2005-04": {
            "month": "2005-04",
            "price": "17.45",
            "revenue": 36839
        },
        "2005-05": {
            "month": "2005-05",
            "price": "19.22",
            "revenue": 44161
        },
        "2005-06": {
            "month": "2005-06",
            "price": "20.95",
            "revenue": 45354
        },
        "2005-07": {
            "month": "2005-07",
            "price": "19.27",
            "revenue": 37722
        },
        "2005-08": {
            "month": "2005-08",
            "price": "19.22",
            "revenue": 38560
        },
        "2005-09": {
            "month": "2005-09",
            "price": "18.15",
            "revenue": 42954
        },
        "2005-10": {
            "month": "2005-10",
            "price": "17.56",
            "revenue": 48449
        },
        "2005-11": {
            "month": "2005-11",
            "price": "17.66",
            "revenue": 46984
        },
        "2005-12": {
            "month": "2005-12",
            "price": "19.70",
            "revenue": 47248
        },
        "2006-01": {
            "month": "2006-01",
            "price": "18.57",
            "revenue": 49262
        },
        "2006-02": {
            "month": "2006-02",
            "price": "18.29",
            "revenue": 37019
        },
        "2006-03": {
            "month": "2006-03",
            "price": "18.27",
            "revenue": 43994
        },
        "2006-04": {
            "month": "2006-04",
            "price": "23.39",
            "revenue": 39593
        },
        "2006-05": {
            "month": "2006-05",
            "price": "28.88",
            "revenue": 41624
        },
        "2006-06": {
            "month": "2006-06",
            "price": "27.82",
            "revenue": 41094
        },
        "2006-07": {
            "month": "2006-07",
            "price": "25.40",
            "revenue": 35602
        },
        "2006-08": {
            "month": "2006-08",
            "price": "24.74",
            "revenue": 35075
        },
        "2006-09": {
            "month": "2006-09",
            "price": "24.75",
            "revenue": 37375
        },
        "2006-10": {
            "month": "2006-10",
            "price": "25.26",
            "revenue": 46294
        },
        "2006-11": {
            "month": "2006-11",
            "price": "24.78",
            "revenue": 49102
        },
        "2006-12": {
            "month": "2006-12",
            "price": "25.39",
            "revenue": 45005
        },
        "2007-01": {
            "month": "2007-01",
            "price": "24.97",
            "revenue": 37638
        },
        "2007-02": {
            "month": "2007-02",
            "price": "31.53",
            "revenue": 39096
        },
        "2007-03": {
            "month": "2007-03",
            "price": "32.07",
            "revenue": 45100
        },
        "2007-04": {
            "month": "2007-04",
            "price": "31.62",
            "revenue": 38270
        },
        "2007-05": {
            "month": "2007-05",
            "price": "27.55",
            "revenue": 39449
        },
        "2007-06": {
            "month": "2007-06",
            "price": "27.22",
            "revenue": 44035
        },
        "2007-07": {
            "month": "2007-07",
            "price": "28.97",
            "revenue": 32984
        },
        "2007-08": {
            "month": "2007-08",
            "price": "27.12",
            "revenue": 35613
        },
        "2007-09": {
            "month": "2007-09",
            "price": "25.79",
            "revenue": 42890
        },
        "2007-10": {
            "month": "2007-10",
            "price": "27.54",
            "revenue": 45004
        },
        "2007-11": {
            "month": "2007-11",
            "price": "26.06",
            "revenue": 45210
        },
        "2007-12": {
            "month": "2007-12",
            "price": "26.22",
            "revenue": 43789
        },
        "2008-01": {
            "month": "2008-01",
            "price": "28.75",
            "revenue": 46012
        },
        "2008-02": {
            "month": "2008-02",
            "price": "29.67",
            "revenue": 34664
        },
        "2008-03": {
            "month": "2008-03",
            "price": "40.05",
            "revenue": 41551
        },
        "2008-04": {
            "month": "2008-04",
            "price": "39.36",
            "revenue": 38069
        },
        "2008-05": {
            "month": "2008-05",
            "price": "37.71",
            "revenue": 37844
        },
        "2008-06": {
            "month": "2008-06",
            "price": "35.62",
            "revenue": 40059
        },
        "2008-07": {
            "month": "2008-07",
            "price": "27.47",
            "revenue": 33711
        },
        "2008-08": {
            "month": "2008-08",
            "price": "26.30",
            "revenue": 33689
        },
        "2008-09": {
            "month": "2008-09",
            "price": "21.84",
            "revenue": 41004
        },
        "2008-10": {
            "month": "2008-10",
            "price": "15.66",
            "revenue": 38366
        },
        "2008-11": {
            "month": "2008-11",
            "price": "15.05",
            "revenue": 39255
        },
        "2008-12": {
            "month": "2008-12",
            "price": "16.18",
            "revenue": 37834
        },
        "2009-01": {
            "month": "2009-01",
            "price": "15.15",
            "revenue": 34098
        },
        "2009-02": {
            "month": "2009-02",
            "price": "13.86",
            "revenue": 27798
        },
        "2009-03": {
            "month": "2009-03",
            "price": "16.70",
            "revenue": 37146
        },
        "2009-04": {
            "month": "2009-04",
            "price": "28.77",
            "revenue": 35535
        },
        "2009-05": {
            "month": "2009-05",
            "price": "32.59",
            "revenue": 35611
        },
        "2009-06": {
            "month": "2009-06",
            "price": "29.73",
            "revenue": 34261
        },
        "2009-07": {
            "month": "2009-07",
            "price": "28.60",
            "revenue": 31842
        },
        "2009-08": {
            "month": "2009-08",
            "price": "25.35",
            "revenue": 33074
        },
        "2009-09": {
            "month": "2009-09",
            "price": "24.59",
            "revenue": 35135
        },
        "2009-10": {
            "month": "2009-10",
            "price": "24.33",
            "revenue": 39717
        },
        "2009-11": {
            "month": "2009-11",
            "price": "24.68",
            "revenue": 41804
        },
        "2009-12": {
            "month": "2009-12",
            "price": "25.55",
            "revenue": 41457
        },
        "2010-01": {
            "month": "2010-01",
            "price": "25.70",
            "revenue": 36683
        },
        "2010-02": {
            "month": "2010-02",
            "price": "24.46",
            "revenue": 34254
        },
        "2010-03": {
            "month": "2010-03",
            "price": "24.53",
            "revenue": 42170
        },
        "2010-04": {
            "month": "2010-04",
            "price": "24.85",
            "revenue": 39135
        },
        "2010-05": {
            "month": "2010-05",
            "price": "24.50",
            "revenue": 42554
        },
        "2010-06": {
            "month": "2010-06",
            "price": "29.72",
            "revenue": 37117
        },
        "2010-07": {
            "month": "2010-07",
            "price": "31.08",
            "revenue": 32158
        },
        "2010-08": {
            "month": "2010-08",
            "price": "30.39",
            "revenue": 33035
        },
        "2010-09": {
            "month": "2010-09",
            "price": "29.46",
            "revenue": 37730
        },
        "2010-10": {
            "month": "2010-10",
            "price": "29.69",
            "revenue": 40788
        },
        "2010-11": {
            "month": "2010-11",
            "price": "28.28",
            "revenue": 42697
        },
        "2010-12": {
            "month": "2010-12",
            "price": "28.76",
            "revenue": 48688
        },
        "2011-01": {
            "month": "2011-01",
            "price": "28.05",
            "revenue": 47702
        },
        "2011-02": {
            "month": "2011-02",
            "price": "27.84",
            "revenue": 40542
        },
        "2011-03": {
            "month": "2011-03",
            "price": "26.72",
            "revenue": 42502
        },
        "2011-04": {
            "month": "2011-04",
            "price": "27.92",
            "revenue": 39888
        },
        "2011-05": {
            "month": "2011-05",
            "price": "32.62",
            "revenue": 38508
        },
        "2011-06": {
            "month": "2011-06",
            "price": "31.72",
            "revenue": 35815
        },
        "2011-07": {
            "month": "2011-07",
            "price": "29.04",
            "revenue": 32526
        },
        "2011-08": {
            "month": "2011-08",
            "price": "26.45",
            "revenue": 28317
        },
        "2011-09": {
            "month": "2011-09",
            "price": "25.30",
            "revenue": 33875
        },
        "2011-10": {
            "month": "2011-10",
            "price": "24.54",
            "revenue": 46771
        },
        "2011-11": {
            "month": "2011-11",
            "price": "22.95",
            "revenue": 46033
        },
        "2011-12": {
            "month": "2011-12",
            "price": "20.58",
            "revenue": 50786
        },
        "2012-01": {
            "month": "2012-01",
            "price": "21.37",
            "revenue": 44635
        },
        "2012-02": {
            "month": "2012-02",
            "price": "23.55",
            "revenue": 41026
        },
        "2012-03": {
            "month": "2012-03",
            "price": "23.76",
            "revenue": 51095
        },
        "2012-04": {
            "month": "2012-04",
            "price": "22.64",
            "revenue": 40303
        },
        "2012-05": {
            "month": "2012-05",
            "price": "21.57",
            "revenue": 43419
        },
        "2012-06": {
            "month": "2012-06",
            "price": "20.41",
            "revenue": 47610
        },
        "2012-07": {
            "month": "2012-07",
            "price": "20.62",
            "revenue": 40088
        },
        "2012-08": {
            "month": "2012-08",
            "price": "21.02",
            "revenue": 41100
        },
        "2012-09": {
            "month": "2012-09",
            "price": "22.80",
            "revenue": 43066
        },
        "2012-10": {
            "month": "2012-10",
            "price": "24.55",
            "revenue": 49421
        },
        "2012-11": {
            "month": "2012-11",
            "price": "21.34",
            "revenue": 50964
        },
        "2012-12": {
            "month": "2012-12",
            "price": "22.18",
            "revenue": 53658
        },
        "2013-01": {
            "month": "2013-01",
            "price": "22.94",
            "revenue": 85304
        },
        "2013-02": {
            "month": "2013-02",
            "price": "22.37",
            "revenue": 76004
        },
        "2013-03": {
            "month": "2013-03",
            "price": "22.36",
            "revenue": 89457
        },
        "2013-04": {
            "month": "2013-04",
            "price": "21.79",
            "revenue": 76486
        },
        "2013-05": {
            "month": "2013-05",
            "price": "22.94",
            "revenue": 80520
        },
        "2013-06": {
            "month": "2013-06",
            "price": "23.14",
            "revenue": 82796
        },
        "2013-07": {
            "month": "2013-07",
            "price": "23.11",
            "revenue": 73327
        },
        "2013-08": {
            "month": "2013-08",
            "price": "24.14",
            "revenue": 74235
        },
        "2013-09": {
            "month": "2013-09",
            "price": "24.81",
            "revenue": 77471
        },
        "2013-10": {
            "month": "2013-10",
            "price": "23.70",
            "revenue": 81421
        },
        "2013-11": {
            "month": "2013-11",
            "price": "22.55",
            "revenue": 90668
        },
        "2013-12": {
            "month": "2013-12",
            "price": "22.78",
            "revenue": 92808
        },
        "2014-01": {
            "month": "2014-01",
            "price": "23.11",
            "revenue": 92753
        },
        "2014-02": {
            "month": "2014-02",
            "price": "22.84",
            "revenue": 76934
        },
        "2014-03": {
            "month": "2014-03",
            "price": "21.81",
            "revenue": 88915
        },
        "2014-04": {
            "month": "2014-04",
            "price": "21.28",
            "revenue": 78319
        },
        "2014-05": {
            "month": "2014-05",
            "price": "21.21",
            "revenue": 89831
        },
        "2014-06": {
            "month": "2014-06",
            "price": "22.20",
            "revenue": 85069
        },
        "2014-07": {
            "month": "2014-07",
            "price": "25.15",
            "revenue": 78442
        },
        "2014-08": {
            "month": "2014-08",
            "price": "22.58",
            "revenue": 84970
        },
        "2014-09": {
            "month": "2014-09",
            "price": "21.76",
            "revenue": 80746
        },
        "2014-10": {
            "month": "2014-10",
            "price": "22.32",
            "revenue": 87373
        },
        "2014-11": {
            "month": "2014-11",
            "price": "22.43",
            "revenue": 97010
        },
        "2014-12": {
            "month": "2014-12",
            "price": "22.19",
            "revenue": 94500
        },
        "2015-01": {
            "month": "2015-01",
            "price": "22.36",
            "revenue": 81375
        },
        "2015-02": {
            "month": "2015-02",
            "price": "22.11",
            "revenue": 89722
        },
        "2015-03": {
            "month": "2015-03",
            "price": "22.16",
            "revenue": 96732
        },
        "2015-04": {
            "month": "2015-04",
            "price": "22.19",
            "revenue": 81456
        },
        "2015-05": {
            "month": "2015-05",
            "price": "21.96",
            "revenue": 83822
        },
        "2015-06": {
            "month": "2015-06",
            "price": "22.24",
            "revenue": 81887
        },
        "2015-07": {
            "month": "2015-07",
            "price": "22.45",
            "revenue": 77281
        },
        "2015-08": {
            "month": "2015-08",
            "price": "21.61",
            "revenue": 78316
        },
        "2015-09": {
            "month": "2015-09",
            "price": "21.77",
            "revenue": 79144
        },
        "2015-10": {
            "month": "2015-10",
            "price": "21.94",
            "revenue": 91017
        },
        "2015-11": {
            "month": "2015-11",
            "price": "21.89",
            "revenue": 92768
        },
        "2015-12": {
            "month": "2015-12",
            "price": "21.75",
            "revenue": 94019
        },
        "2016-01": {
            "month": "2016-01",
            "price": "21.84",
            "revenue": 92973
        },
        "2016-02": {
            "month": "2016-02",
            "price": "21.64",
            "revenue": 82154
        },
        "2016-03": {
            "month": "2016-03",
            "price": "22.01",
            "revenue": 79397
        },
        "2016-04": {
            "month": "2016-04",
            "price": "21.92",
            "revenue": 74211
        },
        "2016-05": {
            "month": "2016-05",
            "price": "21.98",
            "revenue": 87896
        },
        "2016-06": {
            "month": "2016-06",
            "price": "22.06",
            "revenue": 73890
        },
        "2016-07": {
            "month": "2016-07",
            "price": "21.98",
            "revenue": 74114
        },
        "2016-08": {
            "month": "2016-08",
            "price": "22.92",
            "revenue": 72349
        },
        "2016-09": {
            "month": "2016-09",
            "price": "23.60",
            "revenue": 67882
        },
        "2016-10": {
            "month": "2016-10",
            "price": "23.99",
            "revenue": 80286
        },
        "2016-11": {
            "month": "2016-11",
            "price": "24.29",
            "revenue": 84538
        },
        "2016-12": {
            "month": "2016-12",
            "price": "24.49",
            "revenue": 95908
        },
        "2017-01": {
            "month": "2017-01",
            "price": "24.29",
            "revenue": 93202
        },
        "2017-02": {
            "month": "2017-02",
            "price": "24.79",
            "revenue": 68829
        },
        "2017-03": {
            "month": "2017-03",
            "price": "24.73",
            "revenue": 76567
        },
        "2017-04": {
            "month": "2017-04",
            "price": "25.28",
            "revenue": 77203
        },
        "2017-05": {
            "month": "2017-05",
            "price": "25.47",
            "revenue": 78294
        },
        "2017-06": {
            "month": "2017-06",
            "price": "24.97",
            "revenue": 61189
        },
        "2017-07": {
            "month": "2017-07",
            "price": "25.15",
            "revenue": 62056
        },
        "2017-08": {
            "month": "2017-08",
            "price": "25.17",
            "revenue": 65576
        },
        "2017-09": {
            "month": "2017-09",
            "price": "25.02",
            "revenue": 66920
        },
        "2017-10": {
            "month": "2017-10",
            "price": "25.22",
            "revenue": 74246
        },
        "2017-11": {
            "month": "2017-11",
            "price": "24.90",
            "revenue": 80673
        },
        "2017-12": {
            "month": "2017-12",
            "price": "25.17",
            "revenue": 83010
        },
        "2018-01": {
            "month": "2018-01",
            "price": "24.99",
            "revenue": 64875
        },
        "2018-02": {
            "month": "2018-02",
            "price": "25.00",
            "revenue": 63097
        },
        "2018-03": {
            "month": "2018-03",
            "price": "25.37",
            "revenue": 67342
        },
        "2018-04": {
            "month": "2018-04",
            "price": "25.46",
            "revenue": 62549
        },
        "2018-05": {
            "month": "2018-05",
            "price": "25.65",
            "revenue": 71079
        },
        "2018-06": {
            "month": "2018-06",
            "price": "25.22",
            "revenue": 66791
        },
        "2018-07": {
            "month": "2018-07",
            "price": "25.06",
            "revenue": 62349
        },
        "2018-08": {
            "month": "2018-08",
            "price": "25.64",
            "revenue": 65063
        },
        "2018-09": {
            "month": "2018-09",
            "price": "25.83",
            "revenue": 64936
        },
        "2018-10": {
            "month": "2018-10",
            "price": "26.13",
            "revenue": 74910
        },
        "2018-11": {
            "month": "2018-11",
            "price": "25.99",
            "revenue": 72945
        },
        "2018-12": {
            "month": "2018-12",
            "price": "26.39",
            "revenue": 81688
        },
        "2019-01": {
            "month": "2019-01",
            "price": "26.20",
            "revenue": 74668
        },
        "2019-02": {
            "month": "2019-02",
            "price": "26.00",
            "revenue": 66674
        },
        "2019-03": {
            "month": "2019-03",
            "price": "26.02",
            "revenue": 69897
        },
        "2019-04": {
            "month": "2019-04",
            "price": "26.10",
            "revenue": 59391
        },
        "2019-05": {
            "month": "2019-05",
            "price": "26.27",
            "revenue": 65908
        },
        "2019-06": {
            "month": "2019-06",
            "price": "25.80",
            "revenue": 62973
        },
        "2019-07": {
            "month": "2019-07",
            "price": "25.09",
            "revenue": 57343
        },
        "2019-08": {
            "month": "2019-08",
            "price": "23.71",
            "revenue": 67392
        },
        "2019-09": {
            "month": "2019-09",
            "price": "24.15",
            "revenue": 62962
        },
        "2019-10": {
            "month": "2019-10",
            "price": "24.76",
            "revenue": 72221
        },
        "2019-11": {
            "month": "2019-11",
            "price": "24.96",
            "revenue": 77286
        },
        "2019-12": {
            "month": "2019-12",
            "price": "24.86",
            "revenue": 84418
        },
        "2020-01": {
            "month": "2020-01",
            "price": "24.82",
            "revenue": 84381
        },
        "2020-02": {
            "month": "2020-02",
            "price": "25.45",
            "revenue": 40805
        },
        "2020-03": {
            "month": "2020-03",
            "price": "22.84",
            "revenue": 16495
        },
        "2020-04": {
            "month": "2020-04",
            "price": "23.03",
            "revenue": 14381
        },
        "2020-05": {
            "month": "2020-05",
            "price": "23.22",
            "revenue": 20738
        },
        "2020-06": {
            "month": "2020-06",
            "price": "23.41",
            "revenue": 19651
        },
        "2020-07": {
            "month": "2020-07",
            "price": "23.04",
            "revenue": 22503
        },
        "2020-09": {
            "month": "2020-09",
            "price": "22.30",
            "revenue": 24497
        },
        "2020-10": {
            "month": "2020-10",
            "price": "23.00",
            "revenue": 24804
        },
        "2020-11": {
            "month": "2020-11",
            "price": "22.45",
            "revenue": 23740
        },
        "2020-12": {
            "month": "2020-12",
            "price": "20.96",
            "revenue": 30230
        },
        "2021-01": {
            "month": "2021-01",
            "price": "21.20",
            "revenue": 29513
        },
        "2021-03": {
            "month": "2021-03",
            "price": "24.38",
            "revenue": 20169
        },
        "2021-04": {
            "month": "2021-04",
            "price": "25.05",
            "revenue": 20520
        },
        "2021-05": {
            "month": "2021-05",
            "price": "22.83",
            "revenue": 13355
        },
        "2021-06": {
            "month": "2021-06",
            "price": "23.47",
            "revenue": 4915
        },
        "2021-07": {
            "month": "2021-07",
            "price": "24.57",
            "revenue": 3420
        },
        "2021-08": {
            "month": "2021-08",
            "price": "24.17",
            "revenue": 9746
        },
        "2021-09": {
            "month": "2021-09",
            "price": "24.44",
            "revenue": 12808
        },
        "2021-10": {
            "month": "2021-10",
            "price": "24.43",
            "revenue": 18225
        },
        "2021-11": {
            "month": "2021-11",
            "price": "25.47",
            "revenue": 21892
        },
        "2021-12": {
            "month": "2021-12",
            "price": "28.18",
            "revenue": 27062
        },
        "2022-01": {
            "month": "2022-01",
            "price": "28.55",
            "revenue": 32969
        },
        "2022-02": {
            "month": "2022-02",
            "price": "26.31",
            "revenue": 18370
        },
        "2022-03": {
            "month": "2022-03",
            "price": "24.38",
            "revenue": 17850
        },
        "2022-04": {
            "month": "2022-04",
            "price": "23.75",
            "revenue": 12297
        },
        "2022-05": {
            "month": "2022-05",
            "price": "23.67",
            "revenue": 13642
        },
        "2022-06": {
            "month": "2022-06",
            "price": "19.33",
            "revenue": 9031
        },
        "2022-07": {
            "month": "2022-07",
            "price": "15.39",
            "revenue": 16057
        },
        "2022-08": {
            "month": "2022-08",
            "price": "13.98",
            "revenue": 19140
        },
        "2022-09": {
            "month": "2022-09",
            "price": "15.31",
            "revenue": 18908
        },
        "2022-10": {
            "month": "2022-10",
            "price": "16.80",
            "revenue": 23491
        },
        "2022-11": {
            "month": "2022-11",
            "price": "17.93",
            "revenue": 30271
        },
        "2022-12": {
            "month": "2022-12",
            "price": "19.95",
            "revenue": 43750
        },
        "2023-01": {
            "month": "2023-01",
            "price": "19.20",
            "revenue": 45884
        },
        "2023-02": {
            "month": "2023-02",
            "price": "20.46",
            "revenue": 30532
        },
        "2023-03": {
            "month": "2023-03",
            "price": "22.14",
            "revenue": 30803
        },
        "2023-04": {
            "month": "2023-04",
            "price": "21.45",
            "revenue": 35039
        }
    }
}
