{
    "summary": {
        "stock_name": "老爺知",
        "stock_id": "5704",
        "category": "觀光餐旅",
        "main_business": "國際觀光大飯店<br>住宿、食品、藝品、運動用品、日用品等買賣之經營。<br>育樂、遊樂場之經營(賭博性、色情性電動玩具除外)主要經營業務1",
        "website_url": "http://www.hotelroyal.com.tw/chihpen/",
        "ceo": "劉祖寧",
        "pe_ratio": 17,
        "report_year_from": 2001,
        "report_year_to": 2023,
        "age": 23,
        "eps_negative_percentage": 4,
        "eps_growth_avg": {
            "last_all": 7.9,
            "last_2y": 15.41,
            "last_4y": 42.97,
            "last_8y": 19.45,
            "last_12y": 26.89,
            "last_16y": 14.17,
            "last_20y": 9.21,
            "at_2006_last_3y": -10.6,
            "at_2007_last_3y": -14.35,
            "at_2008_last_3y": -28.63,
            "at_2009_last_3y": -54.84,
            "at_2010_last_3y": -40.95,
            "at_2011_last_3y": 0,
            "at_2012_last_3y": 33.33,
            "at_2013_last_3y": 35.53,
            "at_2014_last_3y": 43.63,
            "at_2015_last_3y": 11.98,
            "at_2016_last_3y": -5.4,
            "at_2017_last_3y": -26.86,
            "at_2018_last_3y": -9.96,
            "at_2019_last_3y": 13.84,
            "at_2020_last_3y": 56.22,
            "at_2021_last_3y": 57.89,
            "at_2022_last_3y": 48.28,
            "at_2023_last_3y": 36.56,
            "at_2024_last_3y": 36.56,
            "at_2006_last_all": -12.14,
            "at_2007_last_all": -13.93,
            "at_2008_last_all": -26.22,
            "at_2009_last_all": -26.22,
            "at_2010_last_all": -22.94,
            "at_2011_last_all": -9.28,
            "at_2012_last_all": -8.36,
            "at_2013_last_all": -3.77,
            "at_2014_last_all": -0.75,
            "at_2015_last_all": -2.74,
            "at_2016_last_all": -7.51,
            "at_2017_last_all": -9.93,
            "at_2018_last_all": -3.06,
            "at_2019_last_all": 1.16,
            "at_2020_last_all": 6.65,
            "at_2021_last_all": 4.35,
            "at_2022_last_all": 7.21,
            "at_2023_last_all": 7.9,
            "at_2024_last_all": 7.9
        },
        "latest_eps": 2.98,
        "latest_price": 49.4,
        "latest_roe": 20.5,
        "latest_gross_margin": 50.54,
        "latest_equity": 579195,
        "latest_revenue": 126458,
        "latest_gross_profit": 63915,
        "latest_net_income": 43263,
        "latest_debt_ratio": 24.84,
        "latest_current_ratio": 209.82,
        "latest_account_receivable_turnover_ratio": 14.08,
        "latest_inventory_turnover_ratio": 23.48,
        "latest_reinvestment_rate": -2.66,
        "latest_research_to_sale_ratio": null
    },
    "eps_dividends": {
        "1998": {
            "cash": 0,
            "stock": 2.8,
            "eps": 0
        },
        "1999": {
            "cash": 0.5,
            "stock": 1.5,
            "eps": 0
        },
        "2000": {
            "cash": 0.5,
            "stock": 0.5,
            "eps": 0
        },
        "2001": {
            "cash": 0.3,
            "stock": 0.3,
            "eps": 0.93
        },
        "2002": {
            "cash": 0.6,
            "stock": 0,
            "eps": 0.76
        },
        "2003": {
            "cash": 0.4,
            "stock": 0.2,
            "eps": 0.7
        },
        "2004": {
            "cash": 0.45,
            "stock": 0.15,
            "eps": 0.4
        },
        "2005": {
            "cash": 0.3,
            "stock": 0,
            "eps": 0.6
        },
        "2006": {
            "cash": 0.5,
            "stock": 0,
            "eps": 0.35
        },
        "2007": {
            "cash": 0.3,
            "stock": 0,
            "eps": 0.27
        },
        "2008": {
            "cash": 0.3,
            "stock": 0,
            "eps": -0.88
        },
        "2009": {
            "cash": 0,
            "stock": 0,
            "eps": 0.34
        },
        "2010": {
            "cash": 0.2,
            "stock": 0,
            "eps": 0.34
        },
        "2011": {
            "cash": 0.3,
            "stock": 0,
            "eps": 0.76
        },
        "2012": {
            "cash": 0.7,
            "stock": 0,
            "eps": 0.76
        },
        "2013": {
            "cash": 2.05,
            "stock": 0,
            "eps": 1.08
        },
        "2014": {
            "cash": 1,
            "stock": 0,
            "eps": 1.43
        },
        "2015": {
            "cash": 1.25,
            "stock": 0,
            "eps": 1.05
        },
        "2016": {
            "cash": 1,
            "stock": 0,
            "eps": 0.32
        },
        "2017": {
            "cash": 0,
            "stock": 0,
            "eps": 0.18
        },
        "2018": {
            "cash": 0.3,
            "stock": 0,
            "eps": 0.51
        },
        "2019": {
            "cash": 0.5,
            "stock": 0,
            "eps": 0.86
        },
        "2020": {
            "cash": 0.8,
            "stock": 0,
            "eps": 2.4
        },
        "2021": {
            "cash": 2.2,
            "stock": 0,
            "eps": 1.51
        },
        "2022": {
            "cash": 1.38,
            "stock": 0,
            "eps": 2.44
        },
        "2023": {
            "cash": 2.22,
            "stock": 0,
            "eps": 2.97
        }
    },
    "dividends": {
        "1998-06-26": {
            "cash": 0,
            "stock": 2.8
        },
        "1999-06-24": {
            "cash": 0.5,
            "stock": 1.5
        },
        "2000-06-30": {
            "cash": 0.5,
            "stock": 0.5
        },
        "2001-06-22": {
            "cash": 0.3,
            "stock": 0.3
        },
        "2002-05-03": {
            "cash": 0.6,
            "stock": 0
        },
        "2003-05-21": {
            "cash": 0.4,
            "stock": 0.2
        },
        "2004-02-13": {
            "cash": 0.45,
            "stock": 0.15
        },
        "2005-02-25": {
            "cash": 0.3,
            "stock": 0
        },
        "2006-03-07": {
            "cash": 0.5,
            "stock": 0
        },
        "2007-05-16": {
            "cash": 0.3,
            "stock": 0
        },
        "2008-02-29": {
            "cash": 0.3,
            "stock": 0
        },
        "2010-01-27": {
            "cash": 0.2,
            "stock": 0
        },
        "2011-03-24": {
            "cash": 0.3,
            "stock": 0
        },
        "2012-06-20": {
            "cash": 0.7,
            "stock": 0
        },
        "2013-06-27": {
            "cash": 2.05,
            "stock": 0
        },
        "2014-06-25": {
            "cash": 1,
            "stock": 0
        },
        "2015-08-07": {
            "cash": 1.25,
            "stock": 0
        },
        "2016-08-12": {
            "cash": 1,
            "stock": 0
        },
        "2018-08-03": {
            "cash": 0.3,
            "stock": 0
        },
        "2019-07-31": {
            "cash": 0.5,
            "stock": 0
        },
        "2020-07-24": {
            "cash": 0.8,
            "stock": 0
        },
        "2021-09-15": {
            "cash": 2.2,
            "stock": 0
        },
        "2022-08-12": {
            "cash": 1.38,
            "stock": 0
        },
        "2023-08-11": {
            "cash": 2.22,
            "stock": 0
        }
    },
    "prices": {
        "200101": "19.03",
        "200102": "19.03",
        "200103": "18.98",
        "200104": "18.82",
        "200105": "18.92",
        "200106": "17.84",
        "200107": "18.53",
        "200108": "19.35",
        "200109": "18.42",
        "200110": "17.20",
        "200111": "17.42",
        "200112": "17.21",
        "200201": "17.74",
        "200202": "17.97",
        "200203": "17.26",
        "200204": "17.64",
        "200205": "17.51",
        "200206": "17.78",
        "200207": "18.48",
        "200208": "17.62",
        "200209": "16.72",
        "200210": "16.14",
        "200211": "15.59",
        "200212": "15.98",
        "200301": "16.39",
        "200302": "15.97",
        "200303": "16.38",
        "200304": "14.29",
        "200305": "16.60",
        "200306": "16.16",
        "200307": "15.30",
        "200308": "16.60",
        "200309": "15.20",
        "200310": "15.69",
        "200311": "16.00",
        "200312": "16.63",
        "200401": "15.56",
        "200402": "19.35",
        "200403": "19.53",
        "200404": "19.30",
        "200405": "14.61",
        "200406": "15.33",
        "200407": "15.33",
        "200408": "17.67",
        "200409": "16.55",
        "200410": "14.88",
        "200411": "15.32",
        "200412": "18.18",
        "200501": "20.16",
        "200502": "20.41",
        "200503": "19.74",
        "200504": "19.08",
        "200505": "22.23",
        "200506": "24.74",
        "200507": "21.21",
        "200508": "23.23",
        "200509": "21.97",
        "200510": "22.22",
        "200511": "21.62",
        "200512": "22.08",
        "200601": "19.88",
        "200602": "19.14",
        "200603": "18.92",
        "200604": "25.78",
        "200605": "37.19",
        "200606": "38.21",
        "200607": "34.16",
        "200608": "33.05",
        "200609": "31.78",
        "200610": "32.73",
        "200611": "32.18",
        "200612": "32.52",
        "200701": "30.65",
        "200702": "33.15",
        "200703": "30.51",
        "200704": "30.14",
        "200705": "28.04",
        "200706": "26.84",
        "200707": "28.74",
        "200708": "27.06",
        "200709": "25.87",
        "200710": "25.01",
        "200711": "23.06",
        "200712": "22.82",
        "200801": "24.64",
        "200802": "26.40",
        "200803": "31.55",
        "200804": "31.44",
        "200805": "30.55",
        "200806": "29.31",
        "200807": "25.18",
        "200808": "24.67",
        "200809": "20.05",
        "200810": "17.57",
        "200811": "15.52",
        "200812": "14.92",
        "200901": "14.85",
        "200902": "14.82",
        "200903": "16.10",
        "200904": "21.58",
        "200905": "22.66",
        "200906": "21.08",
        "200907": "20.76",
        "200908": "19.16",
        "200909": "18.96",
        "200910": "19.02",
        "200911": "19.12",
        "200912": "19.79",
        "201001": "20.21",
        "201002": "19.18",
        "201003": "18.93",
        "201004": "19.10",
        "201005": "18.81",
        "201006": "20.67",
        "201007": "20.64",
        "201008": "22.07",
        "201009": "23.90",
        "201010": "23.98",
        "201011": "23.34",
        "201012": "23.80",
        "201101": "23.68",
        "201102": "22.79",
        "201103": "22.49",
        "201104": "22.74",
        "201105": "22.97",
        "201106": "22.90",
        "201107": "21.92",
        "201108": "20.38",
        "201109": "19.74",
        "201110": "19.34",
        "201111": "19.07",
        "201112": "18.81",
        "201201": "18.34",
        "201202": "18.80",
        "201203": "18.92",
        "201204": "18.36",
        "201205": "18.52",
        "201206": "18.39",
        "201207": "18.23",
        "201208": "20.98",
        "201209": "20.86",
        "201210": "20.24",
        "201211": "20.22",
        "201212": "19.72",
        "201301": "19.75",
        "201302": "19.75",
        "201303": "20.55",
        "201304": "21.16",
        "201305": "21.93",
        "201306": "22.06",
        "201307": "23.01",
        "201308": "23.81",
        "201309": "21.18",
        "201310": "21.21",
        "201311": "20.48",
        "201312": "20.88",
        "201401": "21.47",
        "201402": "21.28",
        "201403": "21.21",
        "201404": "21.21",
        "201405": "25.94",
        "201406": "36.32",
        "201407": "41.01",
        "201408": "35.49",
        "201409": "35.32",
        "201410": "35.34",
        "201411": "39.81",
        "201412": "38.35",
        "201501": "37.86",
        "201502": "36.85",
        "201503": "41.81",
        "201504": "43.80",
        "201505": "41.67",
        "201506": "34.24",
        "201507": "27.83",
        "201508": "25.23",
        "201509": "27.10",
        "201510": "27.76",
        "201511": "26.92",
        "201512": "26.17",
        "201601": "30.69",
        "201602": "35.62",
        "201603": "40.51",
        "201604": "28.50",
        "201605": "26.25",
        "201606": "27.91",
        "201607": "27.91",
        "201608": "27.29",
        "201609": "26.68",
        "201610": "26.64",
        "201611": "26.69",
        "201612": "26.33",
        "201701": "25.45",
        "201702": "25.17",
        "201703": "25.06",
        "201704": "24.38",
        "201705": "24.52",
        "201706": "24.82",
        "201707": "25.31",
        "201708": "24.43",
        "201709": "23.70",
        "201710": "23.68",
        "201711": "23.52",
        "201712": "23.18",
        "201801": "23.46",
        "201802": "22.50",
        "201803": "22.08",
        "201804": "21.69",
        "201805": "21.88",
        "201806": "22.44",
        "201807": "22.18",
        "201808": "22.25",
        "201809": "22.36",
        "201810": "22.16",
        "201811": "22.03",
        "201812": "22.34",
        "201901": "22.30",
        "201902": "21.94",
        "201903": "22.26",
        "201904": "22.96",
        "201905": "24.89",
        "201906": "24.83",
        "201907": "24.44",
        "201908": "24.68",
        "201909": "23.89",
        "201910": "23.03",
        "201911": "23.26",
        "201912": "23.29",
        "202001": "23.44",
        "202002": "22.98",
        "202003": "21.96",
        "202004": "22.51",
        "202005": "25.37",
        "202006": "29.11",
        "202007": "29.44",
        "202008": "27.83",
        "202009": "32.97",
        "202010": "33.60",
        "202011": "32.63",
        "202012": "32.92",
        "202101": "32.29",
        "202102": "32.61",
        "202103": "33.62",
        "202104": "34.57",
        "202105": "32.62",
        "202106": "31.74",
        "202107": "34.30",
        "202108": "32.74",
        "202109": "31.06",
        "202110": "30.64",
        "202111": "30.07",
        "202112": "29.91",
        "202201": "29.45",
        "202202": "29.75",
        "202203": "29.76",
        "202204": "30.49",
        "202205": "29.98",
        "202206": "34.27",
        "202207": "33.28",
        "202208": "34.24",
        "202209": "34.72",
        "202210": "43.22",
        "202211": "42.75",
        "202212": "51.98",
        "202301": "50.44",
        "202302": "57.92",
        "202303": "65.12",
        "202304": "57.27",
        "202305": "57.80",
        "202306": "68.40",
        "202307": "67.83",
        "202308": "53.78",
        "202309": "47.73",
        "202310": "41.76",
        "202311": "49.08",
        "202312": "51.20",
        "202401": "51.22",
        "202402": "47.22",
        "202403": "47.73",
        "202404": "無"
    },
    "quarters": {
        "20011": {
            "year_quarter": 20011,
            "year": 2001,
            "quarter": 1,
            "eps": 0.41,
            "eps_growth_year": -24.07,
            "eps_4q": 0.57,
            "eps_4q_growth_year": -53.4,
            "roe": 3.3,
            "roe_4q": 3.3,
            "gross_profit": 82438,
            "gross_margin": 88.38,
            "gross_margin_4q_avg": 88.38,
            "net_income": 22983,
            "net_income_4q": null,
            "revenue": 93275,
            "revenue_4q": null,
            "common_shares": 560666,
            "book_valuer_per_share": 12.63,
            "book_valuer_per_share_4q_avg": 12.63,
            "equity": 707921,
            "current_ratio": 350.43,
            "debt_ratio": 9.18,
            "inventory_turnover_ratio": 2.4,
            "account_receivable_turnover_ratio": null,
            "reinvestment_rate": null,
            "research_to_sale_ratio": null,
            "price_fair": 0,
            "eps_avg_yearly": 0,
            "eps_latest_yearly": 0,
            "eps_growth_yearly": 0
        },
        "20012": {
            "year_quarter": 20012,
            "year": 2001,
            "quarter": 2,
            "eps": 0.17,
            "eps_growth_year": 54.55,
            "eps_4q": 0.62,
            "eps_4q_growth_year": -45.5,
            "roe": 1.36,
            "roe_4q": 4.66,
            "gross_profit": 70775,
            "gross_margin": 87.78,
            "gross_margin_4q_avg": 88.08,
            "net_income": 9559,
            "net_income_4q": null,
            "revenue": 80629,
            "revenue_4q": null,
            "common_shares": 560666,
            "book_valuer_per_share": 12.42,
            "book_valuer_per_share_4q_avg": 12.53,
            "equity": 696387,
            "current_ratio": 249.86,
            "debt_ratio": 12.14,
            "inventory_turnover_ratio": 2.3,
            "account_receivable_turnover_ratio": null,
            "reinvestment_rate": null,
            "research_to_sale_ratio": null,
            "price_fair": 0,
            "eps_avg_yearly": 0,
            "eps_latest_yearly": 0,
            "eps_growth_yearly": 0
        },
        "20013": {
            "year_quarter": 20013,
            "year": 2001,
            "quarter": 3,
            "eps": 0.02,
            "eps_growth_year": 100,
            "eps_4q": 0.51,
            "eps_4q_growth_year": -45.55,
            "roe": 0.2,
            "roe_4q": 4.859999999999999,
            "gross_profit": 74817,
            "gross_margin": 87.63,
            "gross_margin_4q_avg": 87.93,
            "net_income": 1424,
            "net_income_4q": null,
            "revenue": 85382,
            "revenue_4q": null,
            "common_shares": 577486,
            "book_valuer_per_share": 12.08,
            "book_valuer_per_share_4q_avg": 12.38,
            "equity": 697811,
            "current_ratio": 254.71,
            "debt_ratio": 12.19,
            "inventory_turnover_ratio": 2.75,
            "account_receivable_turnover_ratio": null,
            "reinvestment_rate": null,
            "research_to_sale_ratio": null,
            "price_fair": 0,
            "eps_avg_yearly": 0,
            "eps_latest_yearly": 0,
            "eps_growth_yearly": 0
        },
        "20014": {
            "year_quarter": 20014,
            "year": 2001,
            "quarter": 4,
            "eps": 0.33,
            "eps_growth_year": 725,
            "eps_4q": 0.91,
            "eps_4q_growth_year": 41.06,
            "roe": 2.73,
            "roe_4q": 7.59,
            "gross_profit": 77221,
            "gross_margin": 86.18,
            "gross_margin_4q_avg": 87.49,
            "net_income": 19328,
            "net_income_4q": null,
            "revenue": 89603,
            "revenue_4q": null,
            "common_shares": 577486,
            "book_valuer_per_share": 12.42,
            "book_valuer_per_share_4q_avg": 12.39,
            "equity": 717139,
            "current_ratio": 313.47,
            "debt_ratio": 10.33,
            "inventory_turnover_ratio": 4.11,
            "account_receivable_turnover_ratio": null,
            "reinvestment_rate": null,
            "research_to_sale_ratio": null,
            "price_fair": 0,
            "eps_avg_yearly": 0,
            "eps_latest_yearly": 0,
            "eps_growth_yearly": 0
        },
        "20021": {
            "year_quarter": 20021,
            "year": 2002,
            "quarter": 1,
            "eps": 0.35,
            "eps_growth_year": -14.63,
            "eps_4q": 0.88,
            "eps_4q_growth_year": 55.29,
            "roe": 2.76,
            "roe_4q": 7.050000000000001,
            "gross_profit": 80070,
            "gross_margin": 88.4,
            "gross_margin_4q_avg": 87.5,
            "net_income": 20104,
            "net_income_4q": null,
            "revenue": 90577,
            "revenue_4q": null,
            "common_shares": 577486,
            "book_valuer_per_share": 12.77,
            "book_valuer_per_share_4q_avg": 12.42,
            "equity": 737243,
            "current_ratio": 398.16,
            "debt_ratio": 9,
            "inventory_turnover_ratio": 4.59,
            "account_receivable_turnover_ratio": null,
            "reinvestment_rate": null,
            "research_to_sale_ratio": null,
            "price_fair": 47.94,
            "eps_avg_yearly": 1.4,
            "eps_latest_yearly": 1.4,
            "eps_growth_yearly": 24.24
        },
        "20022": {
            "year_quarter": 20022,
            "year": 2002,
            "quarter": 2,
            "eps": 0.02,
            "eps_growth_year": -88.24,
            "eps_4q": 0.68,
            "eps_4q_growth_year": 8.74,
            "roe": 0.17,
            "roe_4q": 5.86,
            "gross_profit": 59246,
            "gross_margin": 87.67,
            "gross_margin_4q_avg": 87.47,
            "net_income": 1239,
            "net_income_4q": null,
            "revenue": 67575,
            "revenue_4q": null,
            "common_shares": 577486,
            "book_valuer_per_share": 12.16,
            "book_valuer_per_share_4q_avg": 12.36,
            "equity": 702009,
            "current_ratio": 262.24,
            "debt_ratio": 12.21,
            "inventory_turnover_ratio": 3.96,
            "account_receivable_turnover_ratio": null,
            "reinvestment_rate": null,
            "research_to_sale_ratio": null,
            "price_fair": 2.22,
            "eps_avg_yearly": 0.74,
            "eps_latest_yearly": 0.08,
            "eps_growth_yearly": -176.45
        },
        "20023": {
            "year_quarter": 20023,
            "year": 2002,
            "quarter": 3,
            "eps": 0.23,
            "eps_growth_year": 1050,
            "eps_4q": 0.94,
            "eps_4q_growth_year": 83.65,
            "roe": 1.87,
            "roe_4q": 7.529999999999999,
            "gross_profit": 72278,
            "gross_margin": 87.79,
            "gross_margin_4q_avg": 87.51,
            "net_income": 13253,
            "net_income_4q": null,
            "revenue": 82333,
            "revenue_4q": null,
            "common_shares": 577486,
            "book_valuer_per_share": 12.39,
            "book_valuer_per_share_4q_avg": 12.44,
            "equity": 715262,
            "current_ratio": 385.07,
            "debt_ratio": 8.38,
            "inventory_turnover_ratio": 4.96,
            "account_receivable_turnover_ratio": null,
            "reinvestment_rate": null,
            "research_to_sale_ratio": null,
            "price_fair": 28,
            "eps_avg_yearly": 0.8,
            "eps_latest_yearly": 0.92,
            "eps_growth_yearly": 1282.37
        },
        "20024": {
            "year_quarter": 20024,
            "year": 2002,
            "quarter": 4,
            "eps": 0.16,
            "eps_growth_year": -51.52,
            "eps_4q": 0.77,
            "eps_4q_growth_year": -15.68,
            "roe": 1.27,
            "roe_4q": 6.07,
            "gross_profit": 65203,
            "gross_margin": 87.47,
            "gross_margin_4q_avg": 87.83,
            "net_income": 9115,
            "net_income_4q": null,
            "revenue": 74542,
            "revenue_4q": null,
            "common_shares": 577486,
            "book_valuer_per_share": 12.54,
            "book_valuer_per_share_4q_avg": 12.47,
            "equity": 724377,
            "current_ratio": 323.9,
            "debt_ratio": 9.16,
            "inventory_turnover_ratio": 4.55,
            "account_receivable_turnover_ratio": null,
            "reinvestment_rate": -57.61,
            "research_to_sale_ratio": null,
            "price_fair": 26.6,
            "eps_avg_yearly": 0.76,
            "eps_latest_yearly": 0.64,
            "eps_growth_yearly": 931.34
        },
        "20031": {
            "year_quarter": 20031,
            "year": 2003,
            "quarter": 1,
            "eps": 0.2,
            "eps_growth_year": -42.86,
            "eps_4q": 0.61,
            "eps_4q_growth_year": -30.6,
            "roe": 1.58,
            "roe_4q": 4.890000000000001,
            "gross_profit": 76046,
            "gross_margin": 87.52,
            "gross_margin_4q_avg": 87.61,
            "net_income": 11540,
            "net_income_4q": null,
            "revenue": 86888,
            "revenue_4q": null,
            "common_shares": 577486,
            "book_valuer_per_share": 12.74,
            "book_valuer_per_share_4q_avg": 12.46,
            "equity": 735917,
            "current_ratio": 478.82,
            "debt_ratio": 6.58,
            "inventory_turnover_ratio": 5.21,
            "account_receivable_turnover_ratio": null,
            "reinvestment_rate": -55.85,
            "research_to_sale_ratio": null,
            "price_fair": 26.88,
            "eps_avg_yearly": 0.77,
            "eps_latest_yearly": 0.8,
            "eps_growth_yearly": 765.07
        },
        "20032": {
            "year_quarter": 20032,
            "year": 2003,
            "quarter": 2,
            "eps": 0.02,
            "eps_growth_year": 0,
            "eps_4q": 0.55,
            "eps_4q_growth_year": -18.78,
            "roe": 0.18,
            "roe_4q": 4.9,
            "gross_profit": 57026,
            "gross_margin": 84.68,
            "gross_margin_4q_avg": 86.87,
            "net_income": 1275,
            "net_income_4q": null,
            "revenue": 67341,
            "revenue_4q": null,
            "common_shares": 577486,
            "book_valuer_per_share": 12.33,
            "book_valuer_per_share_4q_avg": 12.5,
            "equity": 712269,
            "current_ratio": 320.13,
            "debt_ratio": 9.58,
            "inventory_turnover_ratio": 5.44,
            "account_receivable_turnover_ratio": null,
            "reinvestment_rate": -56.62,
            "research_to_sale_ratio": null,
            "price_fair": 22.87,
            "eps_avg_yearly": 0.65,
            "eps_latest_yearly": 0.08,
            "eps_growth_yearly": 577.56
        },
        "20033": {
            "year_quarter": 20033,
            "year": 2003,
            "quarter": 3,
            "eps": 0.38,
            "eps_growth_year": 65.22,
            "eps_4q": 0.75,
            "eps_4q_growth_year": -19.88,
            "roe": 3.11,
            "roe_4q": 6.140000000000001,
            "gross_profit": 85779,
            "gross_margin": 87.64,
            "gross_margin_4q_avg": 86.83,
            "net_income": 22533,
            "net_income_4q": null,
            "revenue": 97881,
            "revenue_4q": null,
            "common_shares": 589036,
            "book_valuer_per_share": 12.47,
            "book_valuer_per_share_4q_avg": 12.52,
            "equity": 734802,
            "current_ratio": 459.65,
            "debt_ratio": 7.34,
            "inventory_turnover_ratio": 7.41,
            "account_receivable_turnover_ratio": null,
            "reinvestment_rate": -53.98,
            "research_to_sale_ratio": null,
            "price_fair": 27.2,
            "eps_avg_yearly": 0.78,
            "eps_latest_yearly": 1.52,
            "eps_growth_yearly": 1523.62
        },
        "20034": {
            "year_quarter": 20034,
            "year": 2003,
            "quarter": 4,
            "eps": 0.1,
            "eps_growth_year": -37.5,
            "eps_4q": 0.68,
            "eps_4q_growth_year": -11.8,
            "roe": 0.83,
            "roe_4q": 5.7,
            "gross_profit": 67595,
            "gross_margin": 82.67,
            "gross_margin_4q_avg": 85.63,
            "net_income": 6129,
            "net_income_4q": null,
            "revenue": 81763,
            "revenue_4q": null,
            "common_shares": 589036,
            "book_valuer_per_share": 12.58,
            "book_valuer_per_share_4q_avg": 12.53,
            "equity": 740931,
            "current_ratio": 473.01,
            "debt_ratio": 7.59,
            "inventory_turnover_ratio": 7.71,
            "account_receivable_turnover_ratio": null,
            "reinvestment_rate": -55.62,
            "research_to_sale_ratio": null,
            "price_fair": 25.55,
            "eps_avg_yearly": 0.73,
            "eps_latest_yearly": 0.4,
            "eps_growth_yearly": 1296.33
        },
        "20041": {
            "year_quarter": 20041,
            "year": 2004,
            "quarter": 1,
            "eps": 0.16,
            "eps_growth_year": -20,
            "eps_4q": 0.66,
            "eps_4q_growth_year": 7.58,
            "roe": 1.3,
            "roe_4q": 5.42,
            "gross_profit": 72390,
            "gross_margin": 85.66,
            "gross_margin_4q_avg": 85.16,
            "net_income": 9671,
            "net_income_4q": null,
            "revenue": 84506,
            "revenue_4q": null,
            "common_shares": 589036,
            "book_valuer_per_share": 12.74,
            "book_valuer_per_share_4q_avg": 12.53,
            "equity": 750602,
            "current_ratio": 597.48,
            "debt_ratio": 6.42,
            "inventory_turnover_ratio": 6.19,
            "account_receivable_turnover_ratio": null,
            "reinvestment_rate": -57.23,
            "research_to_sale_ratio": null,
            "price_fair": 25.2,
            "eps_avg_yearly": 0.72,
            "eps_latest_yearly": 0.64,
            "eps_growth_yearly": 1178.96
        },
        "20042": {
            "year_quarter": 20042,
            "year": 2004,
            "quarter": 2,
            "eps": -0.06,
            "eps_growth_year": -400,
            "eps_4q": 0.59,
            "eps_4q_growth_year": 7.67,
            "roe": -0.45,
            "roe_4q": 4.79,
            "gross_profit": 53820,
            "gross_margin": 83.88,
            "gross_margin_4q_avg": 84.96,
            "net_income": -3332,
            "net_income_4q": null,
            "revenue": 64165,
            "revenue_4q": null,
            "common_shares": 589036,
            "book_valuer_per_share": 12.2,
            "book_valuer_per_share_4q_avg": 12.5,
            "equity": 718903,
            "current_ratio": 355.47,
            "debt_ratio": 10.61,
            "inventory_turnover_ratio": 5,
            "account_receivable_turnover_ratio": null,
            "reinvestment_rate": -59.53,
            "research_to_sale_ratio": null,
            "price_fair": 25.2,
            "eps_avg_yearly": 0.72,
            "eps_latest_yearly": 0.64,
            "eps_growth_yearly": 1178.96
        },
        "20043": {
            "year_quarter": 20043,
            "year": 2004,
            "quarter": 3,
            "eps": 0.19,
            "eps_growth_year": -50,
            "eps_4q": 0.4,
            "eps_4q_growth_year": -47.13,
            "roe": 1.58,
            "roe_4q": 3.2600000000000002,
            "gross_profit": 73576,
            "gross_margin": 84.81,
            "gross_margin_4q_avg": 84.26,
            "net_income": 11474,
            "net_income_4q": null,
            "revenue": 86758,
            "revenue_4q": null,
            "common_shares": 597872,
            "book_valuer_per_share": 12.22,
            "book_valuer_per_share_4q_avg": 12.44,
            "equity": 730377,
            "current_ratio": 496.13,
            "debt_ratio": 7.52,
            "inventory_turnover_ratio": 5.53,
            "account_receivable_turnover_ratio": null,
            "reinvestment_rate": -48.01,
            "research_to_sale_ratio": null,
            "price_fair": 25.2,
            "eps_avg_yearly": 0.72,
            "eps_latest_yearly": 0.64,
            "eps_growth_yearly": 1178.96
        },
        "20044": {
            "year_quarter": 20044,
            "year": 2004,
            "quarter": 4,
            "eps": 0.11,
            "eps_growth_year": 10,
            "eps_4q": 0.4,
            "eps_4q_growth_year": -40.52,
            "roe": 0.91,
            "roe_4q": 3.34,
            "gross_profit": 72182,
            "gross_margin": 85.38,
            "gross_margin_4q_avg": 84.93,
            "net_income": 6699,
            "net_income_4q": null,
            "revenue": 84545,
            "revenue_4q": null,
            "common_shares": 597872,
            "book_valuer_per_share": 12.33,
            "book_valuer_per_share_4q_avg": 12.37,
            "equity": 737076,
            "current_ratio": 492.99,
            "debt_ratio": 7.96,
            "inventory_turnover_ratio": 4.05,
            "account_receivable_turnover_ratio": null,
            "reinvestment_rate": -12.98,
            "research_to_sale_ratio": null,
            "price_fair": 24.22,
            "eps_avg_yearly": 0.69,
            "eps_latest_yearly": 0.44,
            "eps_growth_yearly": 1044.22
        },
        "20051": {
            "year_quarter": 20051,
            "year": 2005,
            "quarter": 1,
            "eps": 0.22,
            "eps_growth_year": 37.5,
            "eps_4q": 0.46,
            "eps_4q_growth_year": -29.33,
            "roe": 1.81,
            "roe_4q": 3.8500000000000005,
            "gross_profit": 77706,
            "gross_margin": 85.74,
            "gross_margin_4q_avg": 84.95,
            "net_income": 13433,
            "net_income_4q": null,
            "revenue": 90630,
            "revenue_4q": null,
            "common_shares": 597872,
            "book_valuer_per_share": 12.55,
            "book_valuer_per_share_4q_avg": 12.33,
            "equity": 750509,
            "current_ratio": 702.14,
            "debt_ratio": 6.08,
            "inventory_turnover_ratio": 3.91,
            "account_receivable_turnover_ratio": null,
            "reinvestment_rate": -15.82,
            "research_to_sale_ratio": null,
            "price_fair": 24.82,
            "eps_avg_yearly": 0.71,
            "eps_latest_yearly": 0.88,
            "eps_growth_yearly": 985.65
        },
        "20052": {
            "year_quarter": 20052,
            "year": 2005,
            "quarter": 2,
            "eps": 0,
            "eps_growth_year": null,
            "eps_4q": 0.53,
            "eps_4q_growth_year": -11.12,
            "roe": -0,
            "roe_4q": 4.300000000000001,
            "gross_profit": 59471,
            "gross_margin": 85.52,
            "gross_margin_4q_avg": 85.36,
            "net_income": -29,
            "net_income_4q": null,
            "revenue": 69539,
            "revenue_4q": null,
            "common_shares": 597872,
            "book_valuer_per_share": 12.24,
            "book_valuer_per_share_4q_avg": 12.34,
            "equity": 731600,
            "current_ratio": 427,
            "debt_ratio": 9.84,
            "inventory_turnover_ratio": 3.69,
            "account_receivable_turnover_ratio": null,
            "reinvestment_rate": -19.05,
            "research_to_sale_ratio": null,
            "price_fair": 24.82,
            "eps_avg_yearly": 0.71,
            "eps_latest_yearly": 0.88,
            "eps_growth_yearly": 985.65
        },
        "20053": {
            "year_quarter": 20053,
            "year": 2005,
            "quarter": 3,
            "eps": 0.12,
            "eps_growth_year": -36.84,
            "eps_4q": 0.47,
            "eps_4q_growth_year": 17.55,
            "roe": 0.95,
            "roe_4q": 3.67,
            "gross_profit": 68655,
            "gross_margin": 85.52,
            "gross_margin_4q_avg": 85.54,
            "net_income": 6971,
            "net_income_4q": null,
            "revenue": 80276,
            "revenue_4q": null,
            "common_shares": 597872,
            "book_valuer_per_share": 12.35,
            "book_valuer_per_share_4q_avg": 12.37,
            "equity": 738571,
            "current_ratio": 554.32,
            "debt_ratio": 8.03,
            "inventory_turnover_ratio": 4.92,
            "account_receivable_turnover_ratio": null,
            "reinvestment_rate": -19.23,
            "research_to_sale_ratio": null,
            "price_fair": 24.82,
            "eps_avg_yearly": 0.71,
            "eps_latest_yearly": 0.88,
            "eps_growth_yearly": 985.65
        },
        "20054": {
            "year_quarter": 20054,
            "year": 2005,
            "quarter": 4,
            "eps": 0.26,
            "eps_growth_year": 136.36,
            "eps_4q": 0.6,
            "eps_4q_growth_year": 50.18,
            "roe": 2.06,
            "roe_4q": 4.82,
            "gross_profit": 72598,
            "gross_margin": 84.88,
            "gross_margin_4q_avg": 85.42,
            "net_income": 15379,
            "net_income_4q": null,
            "revenue": 85532,
            "revenue_4q": null,
            "common_shares": 597872,
            "book_valuer_per_share": 12.61,
            "book_valuer_per_share_4q_avg": 12.44,
            "equity": 753950,
            "current_ratio": 589.29,
            "debt_ratio": 8.01,
            "inventory_turnover_ratio": 6.05,
            "account_receivable_turnover_ratio": null,
            "reinvestment_rate": -21.34,
            "research_to_sale_ratio": null,
            "price_fair": 25.78,
            "eps_avg_yearly": 0.74,
            "eps_latest_yearly": 1.04,
            "eps_growth_yearly": 942.41
        },
        "20061": {
            "year_quarter": 20061,
            "year": 2006,
            "quarter": 1,
            "eps": 0.22,
            "eps_growth_year": 0,
            "eps_4q": 0.59,
            "eps_4q_growth_year": 26.48,
            "roe": 1.77,
            "roe_4q": 4.78,
            "gross_profit": 72943,
            "gross_margin": 86.81,
            "gross_margin_4q_avg": 85.68,
            "net_income": 13429,
            "net_income_4q": null,
            "revenue": 84024,
            "revenue_4q": null,
            "common_shares": 597872,
            "book_valuer_per_share": 12.84,
            "book_valuer_per_share_4q_avg": 12.51,
            "equity": 767379,
            "current_ratio": 769.77,
            "debt_ratio": 6.59,
            "inventory_turnover_ratio": 5.05,
            "account_receivable_turnover_ratio": null,
            "reinvestment_rate": -22.61,
            "research_to_sale_ratio": null,
            "price_fair": 24.27,
            "eps_avg_yearly": 0.69,
            "eps_latest_yearly": 0.88,
            "eps_growth_yearly": 935.26
        },
        "20062": {
            "year_quarter": 20062,
            "year": 2006,
            "quarter": 2,
            "eps": -0.07,
            "eps_growth_year": null,
            "eps_4q": 0.53,
            "eps_4q_growth_year": -0.5,
            "roe": -0.58,
            "roe_4q": 4.2,
            "gross_profit": 52022,
            "gross_margin": 85.9,
            "gross_margin_4q_avg": 85.78,
            "net_income": -4361,
            "net_income_4q": null,
            "revenue": 60559,
            "revenue_4q": null,
            "common_shares": 597872,
            "book_valuer_per_share": 12.24,
            "book_valuer_per_share_4q_avg": 12.51,
            "equity": 731550,
            "current_ratio": 421.75,
            "debt_ratio": 11.28,
            "inventory_turnover_ratio": 4.04,
            "account_receivable_turnover_ratio": null,
            "reinvestment_rate": -22.47,
            "research_to_sale_ratio": null,
            "price_fair": 26.22,
            "eps_avg_yearly": 0.75,
            "eps_latest_yearly": 0.88,
            "eps_growth_yearly": 1054.57
        },
        "20063": {
            "year_quarter": 20063,
            "year": 2006,
            "quarter": 3,
            "eps": 0.1,
            "eps_growth_year": -16.67,
            "eps_4q": 0.52,
            "eps_4q_growth_year": 10.89,
            "roe": 0.8,
            "roe_4q": 4.050000000000001,
            "gross_profit": 55518,
            "gross_margin": 85.32,
            "gross_margin_4q_avg": 85.73,
            "net_income": 5865,
            "net_income_4q": null,
            "revenue": 65071,
            "revenue_4q": null,
            "common_shares": 597872,
            "book_valuer_per_share": 12.33,
            "book_valuer_per_share_4q_avg": 12.51,
            "equity": 737415,
            "current_ratio": 648.22,
            "debt_ratio": 7.42,
            "inventory_turnover_ratio": 5.52,
            "account_receivable_turnover_ratio": null,
            "reinvestment_rate": -18.65,
            "research_to_sale_ratio": null,
            "price_fair": 25.62,
            "eps_avg_yearly": 0.73,
            "eps_latest_yearly": 0.88,
            "eps_growth_yearly": 740.02
        },
        "20064": {
            "year_quarter": 20064,
            "year": 2006,
            "quarter": 4,
            "eps": 0.1,
            "eps_growth_year": -61.54,
            "eps_4q": 0.34,
            "eps_4q_growth_year": -43.74,
            "roe": 0.84,
            "roe_4q": 2.83,
            "gross_profit": 51587,
            "gross_margin": 85.66,
            "gross_margin_4q_avg": 85.92,
            "net_income": 6220,
            "net_income_4q": null,
            "revenue": 60225,
            "revenue_4q": null,
            "common_shares": 597872,
            "book_valuer_per_share": 12.44,
            "book_valuer_per_share_4q_avg": 12.46,
            "equity": 743635,
            "current_ratio": 493.05,
            "debt_ratio": 8.67,
            "inventory_turnover_ratio": 4.39,
            "account_receivable_turnover_ratio": null,
            "reinvestment_rate": -1.53,
            "research_to_sale_ratio": null,
            "price_fair": 24.78,
            "eps_avg_yearly": 0.71,
            "eps_latest_yearly": 0.4,
            "eps_growth_yearly": 752.2
        },
        "20071": {
            "year_quarter": 20071,
            "year": 2007,
            "quarter": 1,
            "eps": 0.14,
            "eps_growth_year": -36.36,
            "eps_4q": 0.27,
            "eps_4q_growth_year": -53.92,
            "roe": 1.11,
            "roe_4q": 2.17,
            "gross_profit": 64132,
            "gross_margin": 86.29,
            "gross_margin_4q_avg": 85.79,
            "net_income": 8326,
            "net_income_4q": null,
            "revenue": 74324,
            "revenue_4q": null,
            "common_shares": 597872,
            "book_valuer_per_share": 12.58,
            "book_valuer_per_share_4q_avg": 12.4,
            "equity": 751961,
            "current_ratio": 765.69,
            "debt_ratio": 6.04,
            "inventory_turnover_ratio": 4.52,
            "account_receivable_turnover_ratio": null,
            "reinvestment_rate": 1.8,
            "research_to_sale_ratio": null,
            "price_fair": 23.94,
            "eps_avg_yearly": 0.68,
            "eps_latest_yearly": 0.56,
            "eps_growth_yearly": 758.2
        },
        "20072": {
            "year_quarter": 20072,
            "year": 2007,
            "quarter": 2,
            "eps": -0.04,
            "eps_growth_year": null,
            "eps_4q": 0.3,
            "eps_4q_growth_year": -43.51,
            "roe": -0.36,
            "roe_4q": 2.39,
            "gross_profit": 50728,
            "gross_margin": 84.48,
            "gross_margin_4q_avg": 85.44,
            "net_income": -2662,
            "net_income_4q": null,
            "revenue": 60048,
            "revenue_4q": null,
            "common_shares": 597872,
            "book_valuer_per_share": 12.22,
            "book_valuer_per_share_4q_avg": 12.39,
            "equity": 730419,
            "current_ratio": 469.18,
            "debt_ratio": 9.38,
            "inventory_turnover_ratio": 4.37,
            "account_receivable_turnover_ratio": null,
            "reinvestment_rate": 0.11,
            "research_to_sale_ratio": null,
            "price_fair": 26.29,
            "eps_avg_yearly": 0.75,
            "eps_latest_yearly": 0.56,
            "eps_growth_yearly": 882.44
        },
        "20073": {
            "year_quarter": 20073,
            "year": 2007,
            "quarter": 3,
            "eps": 0.29,
            "eps_growth_year": 190,
            "eps_4q": 0.49,
            "eps_4q_growth_year": -5.74,
            "roe": 2.36,
            "roe_4q": 3.95,
            "gross_profit": 62039,
            "gross_margin": 84.67,
            "gross_margin_4q_avg": 85.28,
            "net_income": 17481,
            "net_income_4q": null,
            "revenue": 73269,
            "revenue_4q": null,
            "common_shares": 597872,
            "book_valuer_per_share": 12.51,
            "book_valuer_per_share_4q_avg": 12.44,
            "equity": 747901,
            "current_ratio": 714.62,
            "debt_ratio": 6.87,
            "inventory_turnover_ratio": 5.1,
            "account_receivable_turnover_ratio": null,
            "reinvestment_rate": 1,
            "research_to_sale_ratio": null,
            "price_fair": 22.93,
            "eps_avg_yearly": 0.66,
            "eps_latest_yearly": 0.56,
            "eps_growth_yearly": 92.75
        },
        "20074": {
            "year_quarter": 20074,
            "year": 2007,
            "quarter": 4,
            "eps": -0.12,
            "eps_growth_year": -220,
            "eps_4q": 0.27,
            "eps_4q_growth_year": -20.61,
            "roe": -0.96,
            "roe_4q": 2.1500000000000004,
            "gross_profit": 52455,
            "gross_margin": 84.79,
            "gross_margin_4q_avg": 85.06,
            "net_income": -7133,
            "net_income_4q": null,
            "revenue": 61865,
            "revenue_4q": null,
            "common_shares": 597872,
            "book_valuer_per_share": 12.39,
            "book_valuer_per_share_4q_avg": 12.43,
            "equity": 740768,
            "current_ratio": 551.09,
            "debt_ratio": 8.34,
            "inventory_turnover_ratio": 4.34,
            "account_receivable_turnover_ratio": null,
            "reinvestment_rate": 21.58,
            "research_to_sale_ratio": null,
            "price_fair": 24.2,
            "eps_avg_yearly": 0.69,
            "eps_latest_yearly": 0.56,
            "eps_growth_yearly": 148.1
        },
        "20081": {
            "year_quarter": 20081,
            "year": 2008,
            "quarter": 1,
            "eps": -0.3,
            "eps_growth_year": -314.29,
            "eps_4q": -0.17,
            "eps_4q_growth_year": -163.93,
            "roe": -2.47,
            "roe_4q": -1.4300000000000002,
            "gross_profit": 63831,
            "gross_margin": 86.28,
            "gross_margin_4q_avg": 85.06,
            "net_income": -18091,
            "net_income_4q": null,
            "revenue": 73985,
            "revenue_4q": null,
            "common_shares": 597872,
            "book_valuer_per_share": 12.09,
            "book_valuer_per_share_4q_avg": 12.3,
            "equity": 722677,
            "current_ratio": 734.1,
            "debt_ratio": 6.4,
            "inventory_turnover_ratio": 4.77,
            "account_receivable_turnover_ratio": null,
            "reinvestment_rate": 33.91,
            "research_to_sale_ratio": null,
            "price_fair": 24.5,
            "eps_avg_yearly": 0.7,
            "eps_latest_yearly": 0.56,
            "eps_growth_yearly": 132.78
        },
        "20082": {
            "year_quarter": 20082,
            "year": 2008,
            "quarter": 2,
            "eps": -0.26,
            "eps_growth_year": null,
            "eps_4q": -0.39,
            "eps_4q_growth_year": -231.88,
            "roe": -2.22,
            "roe_4q": -3.2900000000000005,
            "gross_profit": 48928,
            "gross_margin": 83.59,
            "gross_margin_4q_avg": 84.83,
            "net_income": -15664,
            "net_income_4q": null,
            "revenue": 58536,
            "revenue_4q": null,
            "common_shares": 597872,
            "book_valuer_per_share": 11.51,
            "book_valuer_per_share_4q_avg": 12.13,
            "equity": 688133,
            "current_ratio": 449.14,
            "debt_ratio": 9.59,
            "inventory_turnover_ratio": 4.56,
            "account_receivable_turnover_ratio": null,
            "reinvestment_rate": 43.1,
            "research_to_sale_ratio": null,
            "price_fair": 24.5,
            "eps_avg_yearly": 0.7,
            "eps_latest_yearly": 0.56,
            "eps_growth_yearly": 132.78
        },
        "20083": {
            "year_quarter": 20083,
            "year": 2008,
            "quarter": 3,
            "eps": 0.11,
            "eps_growth_year": -62.07,
            "eps_4q": -0.57,
            "eps_4q_growth_year": -217.73,
            "roe": 0.97,
            "roe_4q": -4.680000000000001,
            "gross_profit": 67277,
            "gross_margin": 85.79,
            "gross_margin_4q_avg": 85.11,
            "net_income": 6580,
            "net_income_4q": null,
            "revenue": 78422,
            "revenue_4q": null,
            "common_shares": 597872,
            "book_valuer_per_share": 11.3,
            "book_valuer_per_share_4q_avg": 11.82,
            "equity": 675409,
            "current_ratio": 177.65,
            "debt_ratio": 8.02,
            "inventory_turnover_ratio": 5.64,
            "account_receivable_turnover_ratio": null,
            "reinvestment_rate": 24.77,
            "research_to_sale_ratio": null,
            "price_fair": 24.5,
            "eps_avg_yearly": 0.7,
            "eps_latest_yearly": 0.56,
            "eps_growth_yearly": 132.78
        },
        "20084": {
            "year_quarter": 20084,
            "year": 2008,
            "quarter": 4,
            "eps": -0.43,
            "eps_growth_year": null,
            "eps_4q": -0.89,
            "eps_4q_growth_year": -429.63,
            "roe": -3.83,
            "roe_4q": -7.550000000000001,
            "gross_profit": 62376,
            "gross_margin": 85.38,
            "gross_margin_4q_avg": 85.26,
            "net_income": -25767,
            "net_income_4q": null,
            "revenue": 73056,
            "revenue_4q": null,
            "common_shares": 597872,
            "book_valuer_per_share": 11.19,
            "book_valuer_per_share_4q_avg": 11.52,
            "equity": 668946,
            "current_ratio": 437.41,
            "debt_ratio": 10.02,
            "inventory_turnover_ratio": 5.46,
            "account_receivable_turnover_ratio": 16.51,
            "reinvestment_rate": -222.77,
            "research_to_sale_ratio": null,
            "price_fair": 26.32,
            "eps_avg_yearly": 0.75,
            "eps_latest_yearly": 0.56,
            "eps_growth_yearly": 193.03
        },
        "20091": {
            "year_quarter": 20091,
            "year": 2009,
            "quarter": 1,
            "eps": 0.19,
            "eps_growth_year": null,
            "eps_4q": -0.38,
            "eps_4q_growth_year": null,
            "roe": 1.71,
            "roe_4q": -3.37,
            "gross_profit": 36518,
            "gross_margin": 47.61,
            "gross_margin_4q_avg": 75.59,
            "net_income": 11516,
            "net_income_4q": null,
            "revenue": 76701,
            "revenue_4q": null,
            "common_shares": 597872,
            "book_valuer_per_share": 11.38,
            "book_valuer_per_share_4q_avg": 11.35,
            "equity": 680462,
            "current_ratio": 606.31,
            "debt_ratio": 7.83,
            "inventory_turnover_ratio": 22.19,
            "account_receivable_turnover_ratio": 10.13,
            "reinvestment_rate": -230.99,
            "research_to_sale_ratio": null,
            "price_fair": 25.2,
            "eps_avg_yearly": 0.72,
            "eps_latest_yearly": 0.56,
            "eps_growth_yearly": 141.28
        },
        "20092": {
            "year_quarter": 20092,
            "year": 2009,
            "quarter": 2,
            "eps": 0.02,
            "eps_growth_year": null,
            "eps_4q": -0.1,
            "eps_4q_growth_year": null,
            "roe": 0.18,
            "roe_4q": -0.9700000000000002,
            "gross_profit": 24987,
            "gross_margin": 39.49,
            "gross_margin_4q_avg": 64.57,
            "net_income": 1247,
            "net_income_4q": null,
            "revenue": 63274,
            "revenue_4q": null,
            "common_shares": 597872,
            "book_valuer_per_share": 11.4,
            "book_valuer_per_share_4q_avg": 11.32,
            "equity": 681709,
            "current_ratio": 539.56,
            "debt_ratio": 8.86,
            "inventory_turnover_ratio": 21.96,
            "account_receivable_turnover_ratio": 9.63,
            "reinvestment_rate": -199.3,
            "research_to_sale_ratio": null,
            "price_fair": 20.72,
            "eps_avg_yearly": 0.59,
            "eps_latest_yearly": 0.08,
            "eps_growth_yearly": 41.45
        },
        "20093": {
            "year_quarter": 20093,
            "year": 2009,
            "quarter": 3,
            "eps": 0.22,
            "eps_growth_year": 100,
            "eps_4q": 0,
            "eps_4q_growth_year": null,
            "roe": 1.93,
            "roe_4q": -0.010000000000000231,
            "gross_profit": 17995,
            "gross_margin": 34.01,
            "gross_margin_4q_avg": 51.62,
            "net_income": 13275,
            "net_income_4q": null,
            "revenue": 52916,
            "revenue_4q": null,
            "common_shares": 597872,
            "book_valuer_per_share": 11.62,
            "book_valuer_per_share_4q_avg": 11.4,
            "equity": 694984,
            "current_ratio": 794,
            "debt_ratio": 6.65,
            "inventory_turnover_ratio": 17.86,
            "account_receivable_turnover_ratio": 11.31,
            "reinvestment_rate": -140.66,
            "research_to_sale_ratio": null,
            "price_fair": 22.4,
            "eps_avg_yearly": 0.64,
            "eps_latest_yearly": 0.88,
            "eps_growth_yearly": 701.21
        },
        "20094": {
            "year_quarter": 20094,
            "year": 2009,
            "quarter": 4,
            "eps": -0.09,
            "eps_growth_year": null,
            "eps_4q": 0.35,
            "eps_4q_growth_year": null,
            "roe": -0.78,
            "roe_4q": 3.04,
            "gross_profit": 11715,
            "gross_margin": 26.15,
            "gross_margin_4q_avg": 36.82,
            "net_income": -5383,
            "net_income_4q": null,
            "revenue": 44807,
            "revenue_4q": null,
            "common_shares": 597872,
            "book_valuer_per_share": 11.53,
            "book_valuer_per_share_4q_avg": 11.48,
            "equity": 689601,
            "current_ratio": 607.29,
            "debt_ratio": 8.39,
            "inventory_turnover_ratio": 15.32,
            "account_receivable_turnover_ratio": 14.12,
            "reinvestment_rate": -189.28,
            "research_to_sale_ratio": null,
            "price_fair": 19.6,
            "eps_avg_yearly": 0.56,
            "eps_latest_yearly": 0.88,
            "eps_growth_yearly": 748.11
        },
        "20101": {
            "year_quarter": 20101,
            "year": 2010,
            "quarter": 1,
            "eps": 0.15,
            "eps_growth_year": -21.05,
            "eps_4q": 0.3,
            "eps_4q_growth_year": null,
            "roe": 1.3,
            "roe_4q": 2.6300000000000003,
            "gross_profit": 32755,
            "gross_margin": 46.25,
            "gross_margin_4q_avg": 36.48,
            "net_income": 8993,
            "net_income_4q": null,
            "revenue": 70827,
            "revenue_4q": null,
            "common_shares": 597872,
            "book_valuer_per_share": 11.68,
            "book_valuer_per_share_4q_avg": 11.56,
            "equity": 698594,
            "current_ratio": 789.24,
            "debt_ratio": 7.13,
            "inventory_turnover_ratio": 17.4,
            "account_receivable_turnover_ratio": 10.33,
            "reinvestment_rate": -2263.8,
            "research_to_sale_ratio": null,
            "price_fair": 16.8,
            "eps_avg_yearly": 0.48,
            "eps_latest_yearly": 0.88,
            "eps_growth_yearly": 950.53
        },
        "20102": {
            "year_quarter": 20102,
            "year": 2010,
            "quarter": 2,
            "eps": -0.09,
            "eps_growth_year": -551.34,
            "eps_4q": 0.34,
            "eps_4q_growth_year": null,
            "roe": -0.6,
            "roe_4q": 1.85,
            "gross_profit": 17167,
            "gross_margin": 33.59,
            "gross_margin_4q_avg": 35,
            "net_income": -3508,
            "net_income_4q": null,
            "revenue": 51115,
            "revenue_4q": null,
            "common_shares": 388617,
            "book_valuer_per_share": 12.19,
            "book_valuer_per_share_4q_avg": 11.76,
            "equity": 473874,
            "current_ratio": 118.88,
            "debt_ratio": 35.62,
            "inventory_turnover_ratio": 15.69,
            "account_receivable_turnover_ratio": 7.71,
            "reinvestment_rate": -954.36,
            "research_to_sale_ratio": null,
            "price_fair": 16.8,
            "eps_avg_yearly": 0.48,
            "eps_latest_yearly": 0.88,
            "eps_growth_yearly": 950.53
        },
        "20103": {
            "year_quarter": 20103,
            "year": 2010,
            "quarter": 3,
            "eps": 0.22,
            "eps_growth_year": 0.52,
            "eps_4q": 0.22,
            "eps_4q_growth_year": 4882.59,
            "roe": 1.8,
            "roe_4q": 1.72,
            "gross_profit": 32598,
            "gross_margin": 44.96,
            "gross_margin_4q_avg": 37.74,
            "net_income": 8594,
            "net_income_4q": null,
            "revenue": 72506,
            "revenue_4q": null,
            "common_shares": 388617,
            "book_valuer_per_share": 12.41,
            "book_valuer_per_share_4q_avg": 11.95,
            "equity": 482466,
            "current_ratio": 267.23,
            "debt_ratio": 10.24,
            "inventory_turnover_ratio": 18.08,
            "account_receivable_turnover_ratio": 13.48,
            "reinvestment_rate": -639.86,
            "research_to_sale_ratio": null,
            "price_fair": 16.8,
            "eps_avg_yearly": 0.48,
            "eps_latest_yearly": 0.88,
            "eps_growth_yearly": 950.53
        },
        "20104": {
            "year_quarter": 20104,
            "year": 2010,
            "quarter": 4,
            "eps": 0.06,
            "eps_growth_year": null,
            "eps_4q": 0.42,
            "eps_4q_growth_year": 21.8,
            "roe": 0.47,
            "roe_4q": 2.9699999999999998,
            "gross_profit": 26429,
            "gross_margin": 40.66,
            "gross_margin_4q_avg": 41.37,
            "net_income": 2274,
            "net_income_4q": null,
            "revenue": 65003,
            "revenue_4q": null,
            "common_shares": 388617,
            "book_valuer_per_share": 12.47,
            "book_valuer_per_share_4q_avg": 12.19,
            "equity": 484742,
            "current_ratio": 247.98,
            "debt_ratio": 12.44,
            "inventory_turnover_ratio": 16.41,
            "account_receivable_turnover_ratio": 8.52,
            "reinvestment_rate": -89961.54,
            "research_to_sale_ratio": null,
            "price_fair": 15.4,
            "eps_avg_yearly": 0.44,
            "eps_latest_yearly": 0.24,
            "eps_growth_yearly": 877.8
        },
        "20111": {
            "year_quarter": 20111,
            "year": 2011,
            "quarter": 1,
            "eps": 0.32,
            "eps_growth_year": 113.33,
            "eps_4q": 0.51,
            "eps_4q_growth_year": 67.78,
            "roe": 2.53,
            "roe_4q": 4.2,
            "gross_profit": 34944,
            "gross_margin": 46.7,
            "gross_margin_4q_avg": 41.48,
            "net_income": 12414,
            "net_income_4q": null,
            "revenue": 74825,
            "revenue_4q": null,
            "common_shares": 388617,
            "book_valuer_per_share": 12.79,
            "book_valuer_per_share_4q_avg": 12.47,
            "equity": 497156,
            "current_ratio": 329.88,
            "debt_ratio": 10.56,
            "inventory_turnover_ratio": 15.31,
            "account_receivable_turnover_ratio": 9.31,
            "reinvestment_rate": -1775.08,
            "research_to_sale_ratio": null,
            "price_fair": 21.7,
            "eps_avg_yearly": 0.62,
            "eps_latest_yearly": 1.28,
            "eps_growth_yearly": 1271.13
        },
        "20112": {
            "year_quarter": 20112,
            "year": 2011,
            "quarter": 2,
            "eps": -0.11,
            "eps_growth_year": null,
            "eps_4q": 0.49,
            "eps_4q_growth_year": 41.17,
            "roe": -0.9,
            "roe_4q": 3.8999999999999995,
            "gross_profit": 15801,
            "gross_margin": 30.32,
            "gross_margin_4q_avg": 40.66,
            "net_income": -4398,
            "net_income_4q": null,
            "revenue": 52119,
            "revenue_4q": null,
            "common_shares": 388617,
            "book_valuer_per_share": 12.38,
            "book_valuer_per_share_4q_avg": 12.51,
            "equity": 481100,
            "current_ratio": 263.52,
            "debt_ratio": 13.2,
            "inventory_turnover_ratio": 13.93,
            "account_receivable_turnover_ratio": 9.87,
            "reinvestment_rate": -2986.79,
            "research_to_sale_ratio": null,
            "price_fair": 21.7,
            "eps_avg_yearly": 0.62,
            "eps_latest_yearly": 1.28,
            "eps_growth_yearly": 1271.13
        },
        "20113": {
            "year_quarter": 20113,
            "year": 2011,
            "quarter": 3,
            "eps": 0.33,
            "eps_growth_year": 50.83,
            "eps_4q": 0.6,
            "eps_4q_growth_year": 167.39,
            "roe": 2.66,
            "roe_4q": 4.76,
            "gross_profit": 38631,
            "gross_margin": 46.81,
            "gross_margin_4q_avg": 41.12,
            "net_income": 12962,
            "net_income_4q": null,
            "revenue": 82523,
            "revenue_4q": null,
            "common_shares": 388617,
            "book_valuer_per_share": 12.71,
            "book_valuer_per_share_4q_avg": 12.59,
            "equity": 494061,
            "current_ratio": 326.7,
            "debt_ratio": 11.91,
            "inventory_turnover_ratio": 18.22,
            "account_receivable_turnover_ratio": 14.1,
            "reinvestment_rate": null,
            "research_to_sale_ratio": null,
            "price_fair": 21.7,
            "eps_avg_yearly": 0.62,
            "eps_latest_yearly": 1.28,
            "eps_growth_yearly": 1271.13
        },
        "20114": {
            "year_quarter": 20114,
            "year": 2011,
            "quarter": 4,
            "eps": 0.22,
            "eps_growth_year": 274.98,
            "eps_4q": 0.76,
            "eps_4q_growth_year": 80.43,
            "roe": 1.71,
            "roe_4q": 6,
            "gross_profit": 30533,
            "gross_margin": 41.93,
            "gross_margin_4q_avg": 41.44,
            "net_income": 8527,
            "net_income_4q": null,
            "revenue": 72814,
            "revenue_4q": null,
            "common_shares": 388617,
            "book_valuer_per_share": 12.93,
            "book_valuer_per_share_4q_avg": 12.7,
            "equity": 502589,
            "current_ratio": 306.66,
            "debt_ratio": 13.63,
            "inventory_turnover_ratio": 17.78,
            "account_receivable_turnover_ratio": 7.67,
            "reinvestment_rate": -627.83,
            "research_to_sale_ratio": null,
            "price_fair": 23.52,
            "eps_avg_yearly": 0.67,
            "eps_latest_yearly": 0.88,
            "eps_growth_yearly": 990.24
        },
        "20121": {
            "year_quarter": 20121,
            "year": 2012,
            "quarter": 1,
            "eps": 0.41,
            "eps_growth_year": 28.12,
            "eps_4q": 0.85,
            "eps_4q_growth_year": 66.94,
            "roe": 3.12,
            "roe_4q": 6.59,
            "gross_profit": 38948,
            "gross_margin": 47.72,
            "gross_margin_4q_avg": 41.7,
            "net_income": 15919,
            "net_income_4q": null,
            "revenue": 81618,
            "revenue_4q": null,
            "common_shares": 388617,
            "book_valuer_per_share": 13.34,
            "book_valuer_per_share_4q_avg": 12.84,
            "equity": 518508,
            "current_ratio": 401.75,
            "debt_ratio": 11.42,
            "inventory_turnover_ratio": 17.7,
            "account_receivable_turnover_ratio": 8.46,
            "reinvestment_rate": -181.44,
            "research_to_sale_ratio": null,
            "price_fair": 29.17,
            "eps_avg_yearly": 0.83,
            "eps_latest_yearly": 1.64,
            "eps_growth_yearly": 882.78
        },
        "20122": {
            "year_quarter": 20122,
            "year": 2012,
            "quarter": 2,
            "eps": -0.09,
            "eps_growth_year": null,
            "eps_4q": 0.87,
            "eps_4q_growth_year": 78.98,
            "roe": -0.72,
            "roe_4q": 6.7700000000000005,
            "gross_profit": 15262,
            "gross_margin": 29.08,
            "gross_margin_4q_avg": 41.39,
            "net_income": -3610,
            "net_income_4q": null,
            "revenue": 52487,
            "revenue_4q": null,
            "common_shares": 388617,
            "book_valuer_per_share": 12.55,
            "book_valuer_per_share_4q_avg": 12.88,
            "equity": 487694,
            "current_ratio": 242.04,
            "debt_ratio": 17.18,
            "inventory_turnover_ratio": 16.43,
            "account_receivable_turnover_ratio": 7.91,
            "reinvestment_rate": -134.91,
            "research_to_sale_ratio": null,
            "price_fair": 29.17,
            "eps_avg_yearly": 0.83,
            "eps_latest_yearly": 1.64,
            "eps_growth_yearly": 882.78
        },
        "20123": {
            "year_quarter": 20123,
            "year": 2012,
            "quarter": 3,
            "eps": 0.21,
            "eps_growth_year": -36.88,
            "eps_4q": 0.75,
            "eps_4q_growth_year": 24.8,
            "roe": 1.66,
            "roe_4q": 5.7700000000000005,
            "gross_profit": 32394,
            "gross_margin": 43.87,
            "gross_margin_4q_avg": 40.65,
            "net_income": 8182,
            "net_income_4q": null,
            "revenue": 73838,
            "revenue_4q": null,
            "common_shares": 388617,
            "book_valuer_per_share": 12.76,
            "book_valuer_per_share_4q_avg": 12.9,
            "equity": 495876,
            "current_ratio": 363.76,
            "debt_ratio": 12.03,
            "inventory_turnover_ratio": 18.47,
            "account_receivable_turnover_ratio": 13.13,
            "reinvestment_rate": -129.38,
            "research_to_sale_ratio": null,
            "price_fair": 29.17,
            "eps_avg_yearly": 0.83,
            "eps_latest_yearly": 1.64,
            "eps_growth_yearly": 882.78
        },
        "20124": {
            "year_quarter": 20124,
            "year": 2012,
            "quarter": 4,
            "eps": 0.23,
            "eps_growth_year": 2.63,
            "eps_4q": 0.75,
            "eps_4q_growth_year": -0.89,
            "roe": 1.75,
            "roe_4q": 5.8100000000000005,
            "gross_profit": 32741,
            "gross_margin": 42.15,
            "gross_margin_4q_avg": 40.71,
            "net_income": 8751,
            "net_income_4q": null,
            "revenue": 77675,
            "revenue_4q": null,
            "common_shares": 388617,
            "book_valuer_per_share": 12.99,
            "book_valuer_per_share_4q_avg": 12.91,
            "equity": 504627,
            "current_ratio": 322.38,
            "debt_ratio": 14.08,
            "inventory_turnover_ratio": 20.84,
            "account_receivable_turnover_ratio": 9.65,
            "reinvestment_rate": -78.19,
            "research_to_sale_ratio": null,
            "price_fair": 29.6,
            "eps_avg_yearly": 0.85,
            "eps_latest_yearly": 0.92,
            "eps_growth_yearly": 762.11
        },
        "20131": {
            "year_quarter": 20131,
            "year": 2013,
            "quarter": 1,
            "eps": 0.27,
            "eps_growth_year": -34.15,
            "eps_4q": 0.61,
            "eps_4q_growth_year": -28.36,
            "roe": 2.03,
            "roe_4q": 4.72,
            "gross_profit": 32502,
            "gross_margin": 43.68,
            "gross_margin_4q_avg": 39.7,
            "net_income": 10326,
            "net_income_4q": null,
            "revenue": 74409,
            "revenue_4q": null,
            "common_shares": 388617,
            "book_valuer_per_share": 13.15,
            "book_valuer_per_share_4q_avg": 12.86,
            "equity": 510915,
            "current_ratio": 407.73,
            "debt_ratio": 12,
            "inventory_turnover_ratio": 20.69,
            "account_receivable_turnover_ratio": 8.85,
            "reinvestment_rate": -77.69,
            "research_to_sale_ratio": null,
            "price_fair": 30.63,
            "eps_avg_yearly": 0.88,
            "eps_latest_yearly": 1.08,
            "eps_growth_yearly": 675.54
        },
        "20132": {
            "year_quarter": 20132,
            "year": 2013,
            "quarter": 2,
            "eps": 0.13,
            "eps_growth_year": null,
            "eps_4q": 0.84,
            "eps_4q_growth_year": -3.74,
            "roe": 1.11,
            "roe_4q": 6.55,
            "gross_profit": 25591,
            "gross_margin": 39.5,
            "gross_margin_4q_avg": 42.3,
            "net_income": 5276,
            "net_income_4q": null,
            "revenue": 64790,
            "revenue_4q": null,
            "common_shares": 388617,
            "book_valuer_per_share": 11.23,
            "book_valuer_per_share_4q_avg": 12.53,
            "equity": 436525,
            "current_ratio": 158.63,
            "debt_ratio": 26.51,
            "inventory_turnover_ratio": 16.36,
            "account_receivable_turnover_ratio": 8.91,
            "reinvestment_rate": -68.95,
            "research_to_sale_ratio": null,
            "price_fair": 32.55,
            "eps_avg_yearly": 0.93,
            "eps_latest_yearly": 0.52,
            "eps_growth_yearly": 694.35
        },
        "20133": {
            "year_quarter": 20133,
            "year": 2013,
            "quarter": 3,
            "eps": 0.48,
            "eps_growth_year": 127.98,
            "eps_4q": 1.11,
            "eps_4q_growth_year": 48.09,
            "roe": 4.18,
            "roe_4q": 9.07,
            "gross_profit": 45879,
            "gross_margin": 48.84,
            "gross_margin_4q_avg": 43.54,
            "net_income": 18620,
            "net_income_4q": null,
            "revenue": 93939,
            "revenue_4q": null,
            "common_shares": 388617,
            "book_valuer_per_share": 11.71,
            "book_valuer_per_share_4q_avg": 12.27,
            "equity": 455145,
            "current_ratio": 272.12,
            "debt_ratio": 14.99,
            "inventory_turnover_ratio": 18.91,
            "account_receivable_turnover_ratio": 12.34,
            "reinvestment_rate": -63.33,
            "research_to_sale_ratio": null,
            "price_fair": 37.1,
            "eps_avg_yearly": 1.06,
            "eps_latest_yearly": 1.92,
            "eps_growth_yearly": 328.97
        },
        "20134": {
            "year_quarter": 20134,
            "year": 2013,
            "quarter": 4,
            "eps": 0.2,
            "eps_growth_year": -12.59,
            "eps_4q": 1.08,
            "eps_4q_growth_year": 43.19,
            "roe": 1.66,
            "roe_4q": 8.98,
            "gross_profit": 33256,
            "gross_margin": 42.05,
            "gross_margin_4q_avg": 43.52,
            "net_income": 7649,
            "net_income_4q": null,
            "revenue": 79082,
            "revenue_4q": null,
            "common_shares": 388617,
            "book_valuer_per_share": 11.95,
            "book_valuer_per_share_4q_avg": 12.01,
            "equity": 464539,
            "current_ratio": 251.3,
            "debt_ratio": 16.83,
            "inventory_turnover_ratio": 20.19,
            "account_receivable_turnover_ratio": 10.73,
            "reinvestment_rate": -73.59,
            "research_to_sale_ratio": null,
            "price_fair": 36.09,
            "eps_avg_yearly": 1.03,
            "eps_latest_yearly": 0.8,
            "eps_growth_yearly": 266.49
        },
        "20141": {
            "year_quarter": 20141,
            "year": 2014,
            "quarter": 1,
            "eps": 0.37,
            "eps_growth_year": 37.04,
            "eps_4q": 1.18,
            "eps_4q_growth_year": 94.08,
            "roe": 3.04,
            "roe_4q": 9.989999999999998,
            "gross_profit": 40509,
            "gross_margin": 46.23,
            "gross_margin_4q_avg": 44.16,
            "net_income": 14353,
            "net_income_4q": null,
            "revenue": 87617,
            "revenue_4q": null,
            "common_shares": 388617,
            "book_valuer_per_share": 12.32,
            "book_valuer_per_share_4q_avg": 11.8,
            "equity": 478892,
            "current_ratio": 316.92,
            "debt_ratio": 14.15,
            "inventory_turnover_ratio": 20.29,
            "account_receivable_turnover_ratio": 11.95,
            "reinvestment_rate": -65.79,
            "research_to_sale_ratio": null,
            "price_fair": 37.66,
            "eps_avg_yearly": 1.08,
            "eps_latest_yearly": 1.48,
            "eps_growth_yearly": 273.84
        },
        "20142": {
            "year_quarter": 20142,
            "year": 2014,
            "quarter": 2,
            "eps": 0.2,
            "eps_growth_year": 53.85,
            "eps_4q": 1.24,
            "eps_4q_growth_year": 48.64,
            "roe": 1.67,
            "roe_4q": 10.55,
            "gross_profit": 29931,
            "gross_margin": 40.49,
            "gross_margin_4q_avg": 44.4,
            "net_income": 7738,
            "net_income_4q": null,
            "revenue": 73921,
            "revenue_4q": null,
            "common_shares": 388617,
            "book_valuer_per_share": 11.52,
            "book_valuer_per_share_4q_avg": 11.88,
            "equity": 447768,
            "current_ratio": 192.03,
            "debt_ratio": 22.79,
            "inventory_turnover_ratio": 18.99,
            "account_receivable_turnover_ratio": 8.45,
            "reinvestment_rate": -57.13,
            "research_to_sale_ratio": null,
            "price_fair": 36.78,
            "eps_avg_yearly": 1.05,
            "eps_latest_yearly": 0.8,
            "eps_growth_yearly": 232.24
        },
        "20143": {
            "year_quarter": 20143,
            "year": 2014,
            "quarter": 3,
            "eps": 0.49,
            "eps_growth_year": 2.08,
            "eps_4q": 1.26,
            "eps_4q_growth_year": 13.82,
            "roe": 4.19,
            "roe_4q": 10.56,
            "gross_profit": 48198,
            "gross_margin": 48.48,
            "gross_margin_4q_avg": 44.31,
            "net_income": 19174,
            "net_income_4q": null,
            "revenue": 99423,
            "revenue_4q": null,
            "common_shares": 388617,
            "book_valuer_per_share": 12.02,
            "book_valuer_per_share_4q_avg": 11.95,
            "equity": 466942,
            "current_ratio": 283.44,
            "debt_ratio": 15.87,
            "inventory_turnover_ratio": 22.88,
            "account_receivable_turnover_ratio": 10.35,
            "reinvestment_rate": -50.57,
            "research_to_sale_ratio": null,
            "price_fair": 39.43,
            "eps_avg_yearly": 1.13,
            "eps_latest_yearly": 1.96,
            "eps_growth_yearly": 261.22
        },
        "20144": {
            "year_quarter": 20144,
            "year": 2014,
            "quarter": 4,
            "eps": 0.37,
            "eps_growth_year": 89.61,
            "eps_4q": 1.44,
            "eps_4q_growth_year": 33.19,
            "roe": 3.06,
            "roe_4q": 11.96,
            "gross_profit": 40963,
            "gross_margin": 45.51,
            "gross_margin_4q_avg": 45.18,
            "net_income": 14503,
            "net_income_4q": null,
            "revenue": 90002,
            "revenue_4q": null,
            "common_shares": 388617,
            "book_valuer_per_share": 12.34,
            "book_valuer_per_share_4q_avg": 12.05,
            "equity": 479644,
            "current_ratio": 274.78,
            "debt_ratio": 17.87,
            "inventory_turnover_ratio": 18.91,
            "account_receivable_turnover_ratio": 11.04,
            "reinvestment_rate": -44.51,
            "research_to_sale_ratio": null,
            "price_fair": 43.05,
            "eps_avg_yearly": 1.23,
            "eps_latest_yearly": 1.48,
            "eps_growth_yearly": 277.3
        },
        "20151": {
            "year_quarter": 20151,
            "year": 2015,
            "quarter": 1,
            "eps": 0.44,
            "eps_growth_year": 18.92,
            "eps_4q": 1.51,
            "eps_4q_growth_year": 27.68,
            "roe": 3.52,
            "roe_4q": 12.44,
            "gross_profit": 43334,
            "gross_margin": 46.33,
            "gross_margin_4q_avg": 45.2,
            "net_income": 17189,
            "net_income_4q": null,
            "revenue": 93537,
            "revenue_4q": null,
            "common_shares": 388617,
            "book_valuer_per_share": 12.78,
            "book_valuer_per_share_4q_avg": 12.17,
            "equity": 496833,
            "current_ratio": 316.84,
            "debt_ratio": 16.28,
            "inventory_turnover_ratio": 18.29,
            "account_receivable_turnover_ratio": 11.51,
            "reinvestment_rate": -39.76,
            "research_to_sale_ratio": null,
            "price_fair": 44.45,
            "eps_avg_yearly": 1.27,
            "eps_latest_yearly": 1.76,
            "eps_growth_yearly": 139.16
        },
        "20152": {
            "year_quarter": 20152,
            "year": 2015,
            "quarter": 2,
            "eps": 0.05,
            "eps_growth_year": -75,
            "eps_4q": 1.36,
            "eps_4q_growth_year": 9.09,
            "roe": 0.4,
            "roe_4q": 11.170000000000002,
            "gross_profit": 21915,
            "gross_margin": 34.18,
            "gross_margin_4q_avg": 43.63,
            "net_income": 1889,
            "net_income_4q": null,
            "revenue": 64124,
            "revenue_4q": null,
            "common_shares": 388617,
            "book_valuer_per_share": 11.58,
            "book_valuer_per_share_4q_avg": 12.18,
            "equity": 450145,
            "current_ratio": 193.95,
            "debt_ratio": 24.86,
            "inventory_turnover_ratio": 15.54,
            "account_receivable_turnover_ratio": 8.04,
            "reinvestment_rate": -33.57,
            "research_to_sale_ratio": null,
            "price_fair": 41.57,
            "eps_avg_yearly": 1.19,
            "eps_latest_yearly": 0.2,
            "eps_growth_yearly": 101.18
        },
        "20153": {
            "year_quarter": 20153,
            "year": 2015,
            "quarter": 3,
            "eps": 0.26,
            "eps_growth_year": -46.94,
            "eps_4q": 1.12,
            "eps_4q_growth_year": -10.83,
            "roe": 2.2,
            "roe_4q": 9.18,
            "gross_profit": 35771,
            "gross_margin": 41.55,
            "gross_margin_4q_avg": 41.89,
            "net_income": 10036,
            "net_income_4q": null,
            "revenue": 86083,
            "revenue_4q": null,
            "common_shares": 388617,
            "book_valuer_per_share": 11.84,
            "book_valuer_per_share_4q_avg": 12.14,
            "equity": 460181,
            "current_ratio": 318.6,
            "debt_ratio": 15.19,
            "inventory_turnover_ratio": 19.63,
            "account_receivable_turnover_ratio": 9.69,
            "reinvestment_rate": -33.02,
            "research_to_sale_ratio": null,
            "price_fair": 41.2,
            "eps_avg_yearly": 1.18,
            "eps_latest_yearly": 1.04,
            "eps_growth_yearly": 213.95
        },
        "20154": {
            "year_quarter": 20154,
            "year": 2015,
            "quarter": 4,
            "eps": 0.3,
            "eps_growth_year": -18.37,
            "eps_4q": 1.05,
            "eps_4q_growth_year": -26.57,
            "roe": 2.54,
            "roe_4q": 8.66,
            "gross_profit": 38096,
            "gross_margin": 43.85,
            "gross_margin_4q_avg": 41.48,
            "net_income": 11839,
            "net_income_4q": null,
            "revenue": 86872,
            "revenue_4q": null,
            "common_shares": 388617,
            "book_valuer_per_share": 12.14,
            "book_valuer_per_share_4q_avg": 12.09,
            "equity": 471752,
            "current_ratio": 296.31,
            "debt_ratio": 17.36,
            "inventory_turnover_ratio": 20.36,
            "account_receivable_turnover_ratio": 9.17,
            "reinvestment_rate": -32.71,
            "research_to_sale_ratio": null,
            "price_fair": 42,
            "eps_avg_yearly": 1.2,
            "eps_latest_yearly": 1.2,
            "eps_growth_yearly": 227.87
        },
        "20161": {
            "year_quarter": 20161,
            "year": 2016,
            "quarter": 1,
            "eps": 0.44,
            "eps_growth_year": 0,
            "eps_4q": 1.05,
            "eps_4q_growth_year": -30.18,
            "roe": 3.57,
            "roe_4q": 8.709999999999999,
            "gross_profit": 42587,
            "gross_margin": 46.37,
            "gross_margin_4q_avg": 41.49,
            "net_income": 17151,
            "net_income_4q": null,
            "revenue": 91840,
            "revenue_4q": null,
            "common_shares": 388617,
            "book_valuer_per_share": 12.58,
            "book_valuer_per_share_4q_avg": 12.04,
            "equity": 488903,
            "current_ratio": 367.42,
            "debt_ratio": 14.34,
            "inventory_turnover_ratio": 20.55,
            "account_receivable_turnover_ratio": 12.39,
            "reinvestment_rate": -32.49,
            "research_to_sale_ratio": null,
            "price_fair": 42.3,
            "eps_avg_yearly": 1.21,
            "eps_latest_yearly": 1.76,
            "eps_growth_yearly": 216.53
        },
        "20162": {
            "year_quarter": 20162,
            "year": 2016,
            "quarter": 2,
            "eps": 0.02,
            "eps_growth_year": -60,
            "eps_4q": 1.02,
            "eps_4q_growth_year": -24.87,
            "roe": 0.13,
            "roe_4q": 8.440000000000001,
            "gross_profit": 19446,
            "gross_margin": 31.65,
            "gross_margin_4q_avg": 40.86,
            "net_income": 608,
            "net_income_4q": null,
            "revenue": 61438,
            "revenue_4q": null,
            "common_shares": 388617,
            "book_valuer_per_share": 11.6,
            "book_valuer_per_share_4q_avg": 12.04,
            "equity": 450648,
            "current_ratio": 237.21,
            "debt_ratio": 20.77,
            "inventory_turnover_ratio": 19.03,
            "account_receivable_turnover_ratio": 9.71,
            "reinvestment_rate": -33.91,
            "research_to_sale_ratio": null,
            "price_fair": 39.67,
            "eps_avg_yearly": 1.13,
            "eps_latest_yearly": 0.08,
            "eps_growth_yearly": 176.64
        },
        "20163": {
            "year_quarter": 20163,
            "year": 2016,
            "quarter": 3,
            "eps": 0,
            "eps_growth_year": -100,
            "eps_4q": 0.77,
            "eps_4q_growth_year": -31.72,
            "roe": 0.04,
            "roe_4q": 6.279999999999999,
            "gross_profit": 22162,
            "gross_margin": 32.99,
            "gross_margin_4q_avg": 38.72,
            "net_income": 184,
            "net_income_4q": null,
            "revenue": 67186,
            "revenue_4q": null,
            "common_shares": 388617,
            "book_valuer_per_share": 11.6,
            "book_valuer_per_share_4q_avg": 11.98,
            "equity": 450832,
            "current_ratio": 349.46,
            "debt_ratio": 13.86,
            "inventory_turnover_ratio": 20.86,
            "account_receivable_turnover_ratio": 11.07,
            "reinvestment_rate": -35.83,
            "research_to_sale_ratio": null,
            "price_fair": 39.67,
            "eps_avg_yearly": 1.13,
            "eps_latest_yearly": 0.08,
            "eps_growth_yearly": 176.64
        },
        "20164": {
            "year_quarter": 20164,
            "year": 2016,
            "quarter": 4,
            "eps": -0.14,
            "eps_growth_year": -144.99,
            "eps_4q": 0.32,
            "eps_4q_growth_year": -69.19,
            "roe": -1.19,
            "roe_4q": 2.55,
            "gross_profit": 19358,
            "gross_margin": 31.97,
            "gross_margin_4q_avg": 35.75,
            "net_income": -5326,
            "net_income_4q": null,
            "revenue": 60546,
            "revenue_4q": null,
            "common_shares": 388617,
            "book_valuer_per_share": 11.44,
            "book_valuer_per_share_4q_avg": 11.81,
            "equity": 444411,
            "current_ratio": 228.36,
            "debt_ratio": 18.36,
            "inventory_turnover_ratio": 18.93,
            "account_receivable_turnover_ratio": 8.44,
            "reinvestment_rate": -16.61,
            "research_to_sale_ratio": null,
            "price_fair": 40.2,
            "eps_avg_yearly": 1.15,
            "eps_latest_yearly": 0.08,
            "eps_growth_yearly": 186.54
        },
        "20171": {
            "year_quarter": 20171,
            "year": 2017,
            "quarter": 1,
            "eps": 0.23,
            "eps_growth_year": -47.73,
            "eps_4q": 0.11,
            "eps_4q_growth_year": -89.26,
            "roe": 1.99,
            "roe_4q": 0.9700000000000001,
            "gross_profit": 34287,
            "gross_margin": 41.8,
            "gross_margin_4q_avg": 34.6,
            "net_income": 8928,
            "net_income_4q": null,
            "revenue": 82022,
            "revenue_4q": null,
            "common_shares": 388617,
            "book_valuer_per_share": 11.67,
            "book_valuer_per_share_4q_avg": 11.58,
            "equity": 453339,
            "current_ratio": 175.96,
            "debt_ratio": 15.14,
            "inventory_turnover_ratio": 21.56,
            "account_receivable_turnover_ratio": 12.09,
            "reinvestment_rate": 17.97,
            "research_to_sale_ratio": null,
            "price_fair": 40.38,
            "eps_avg_yearly": 1.15,
            "eps_latest_yearly": 0.08,
            "eps_growth_yearly": 195.54
        },
        "20172": {
            "year_quarter": 20172,
            "year": 2017,
            "quarter": 2,
            "eps": -0.18,
            "eps_growth_year": -1000,
            "eps_4q": -0.08,
            "eps_4q_growth_year": -107.86,
            "roe": -1.53,
            "roe_4q": -0.69,
            "gross_profit": 13556,
            "gross_margin": 25.19,
            "gross_margin_4q_avg": 32.99,
            "net_income": -6902,
            "net_income_4q": null,
            "revenue": 53819,
            "revenue_4q": null,
            "common_shares": 388617,
            "book_valuer_per_share": 11.49,
            "book_valuer_per_share_4q_avg": 11.55,
            "equity": 446437,
            "current_ratio": 151.81,
            "debt_ratio": 19.45,
            "inventory_turnover_ratio": 18.82,
            "account_receivable_turnover_ratio": 12.61,
            "reinvestment_rate": 20.08,
            "research_to_sale_ratio": null,
            "price_fair": 42.23,
            "eps_avg_yearly": 1.21,
            "eps_latest_yearly": 0.08,
            "eps_growth_yearly": 229.11
        },
        "20173": {
            "year_quarter": 20173,
            "year": 2017,
            "quarter": 3,
            "eps": 0.04,
            "eps_growth_year": null,
            "eps_4q": -0.05,
            "eps_4q_growth_year": -106.2,
            "roe": 0.32,
            "roe_4q": -0.4099999999999999,
            "gross_profit": 25021,
            "gross_margin": 34.81,
            "gross_margin_4q_avg": 33.44,
            "net_income": 1453,
            "net_income_4q": null,
            "revenue": 71883,
            "revenue_4q": null,
            "common_shares": 388617,
            "book_valuer_per_share": 11.53,
            "book_valuer_per_share_4q_avg": 11.53,
            "equity": 447890,
            "current_ratio": 118.22,
            "debt_ratio": 19.84,
            "inventory_turnover_ratio": 23.44,
            "account_receivable_turnover_ratio": 18.36,
            "reinvestment_rate": 61.41,
            "research_to_sale_ratio": null,
            "price_fair": 39.96,
            "eps_avg_yearly": 1.14,
            "eps_latest_yearly": 0.08,
            "eps_growth_yearly": 152.04
        },
        "20174": {
            "year_quarter": 20174,
            "year": 2017,
            "quarter": 4,
            "eps": 0.09,
            "eps_growth_year": null,
            "eps_4q": 0.18,
            "eps_4q_growth_year": -44.01,
            "roe": 0.8,
            "roe_4q": 1.58,
            "gross_profit": 32576,
            "gross_margin": 38.32,
            "gross_margin_4q_avg": 35.03,
            "net_income": 3585,
            "net_income_4q": null,
            "revenue": 85017,
            "revenue_4q": null,
            "common_shares": 388617,
            "book_valuer_per_share": 11.59,
            "book_valuer_per_share_4q_avg": 11.57,
            "equity": 450443,
            "current_ratio": 128.22,
            "debt_ratio": 19.39,
            "inventory_turnover_ratio": 23.96,
            "account_receivable_turnover_ratio": 11.03,
            "reinvestment_rate": 61.76,
            "research_to_sale_ratio": null,
            "price_fair": 38.56,
            "eps_avg_yearly": 1.1,
            "eps_latest_yearly": 0.36,
            "eps_growth_yearly": 218.71
        },
        "20181": {
            "year_quarter": 20181,
            "year": 2018,
            "quarter": 1,
            "eps": 0.24,
            "eps_growth_year": 4.35,
            "eps_4q": 0.2,
            "eps_4q_growth_year": 73.08,
            "roe": 2.08,
            "roe_4q": 1.6699999999999997,
            "gross_profit": 33875,
            "gross_margin": 38.55,
            "gross_margin_4q_avg": 34.22,
            "net_income": 9469,
            "net_income_4q": null,
            "revenue": 87867,
            "revenue_4q": null,
            "common_shares": 388617,
            "book_valuer_per_share": 11.85,
            "book_valuer_per_share_4q_avg": 11.62,
            "equity": 460587,
            "current_ratio": 161.21,
            "debt_ratio": 13.83,
            "inventory_turnover_ratio": 22.37,
            "account_receivable_turnover_ratio": 10.78,
            "reinvestment_rate": 60.26,
            "research_to_sale_ratio": null,
            "price_fair": 36.91,
            "eps_avg_yearly": 1.05,
            "eps_latest_yearly": 0.96,
            "eps_growth_yearly": 248.4
        },
        "20182": {
            "year_quarter": 20182,
            "year": 2018,
            "quarter": 2,
            "eps": -0.03,
            "eps_growth_year": null,
            "eps_4q": 0.34,
            "eps_4q_growth_year": null,
            "roe": -0.24,
            "roe_4q": 2.96,
            "gross_profit": 18706,
            "gross_margin": 29.06,
            "gross_margin_4q_avg": 35.19,
            "net_income": -1107,
            "net_income_4q": null,
            "revenue": 64377,
            "revenue_4q": null,
            "common_shares": 388617,
            "book_valuer_per_share": 11.53,
            "book_valuer_per_share_4q_avg": 11.63,
            "equity": 448012,
            "current_ratio": 141.55,
            "debt_ratio": 16.3,
            "inventory_turnover_ratio": 19.75,
            "account_receivable_turnover_ratio": 12.37,
            "reinvestment_rate": 63.38,
            "research_to_sale_ratio": null,
            "price_fair": 37.8,
            "eps_avg_yearly": 1.08,
            "eps_latest_yearly": 0.96,
            "eps_growth_yearly": 291.62
        },
        "20183": {
            "year_quarter": 20183,
            "year": 2018,
            "quarter": 3,
            "eps": 0.2,
            "eps_growth_year": 400,
            "eps_4q": 0.51,
            "eps_4q_growth_year": null,
            "roe": 1.75,
            "roe_4q": 4.39,
            "gross_profit": 33123,
            "gross_margin": 38.06,
            "gross_margin_4q_avg": 36,
            "net_income": 7889,
            "net_income_4q": null,
            "revenue": 87021,
            "revenue_4q": null,
            "common_shares": 388617,
            "book_valuer_per_share": 11.73,
            "book_valuer_per_share_4q_avg": 11.68,
            "equity": 455901,
            "current_ratio": 164.59,
            "debt_ratio": 14.97,
            "inventory_turnover_ratio": 24.68,
            "account_receivable_turnover_ratio": 14.26,
            "reinvestment_rate": 70.43,
            "research_to_sale_ratio": null,
            "price_fair": 34.38,
            "eps_avg_yearly": 0.98,
            "eps_latest_yearly": 0.96,
            "eps_growth_yearly": 259.58
        },
        "20184": {
            "year_quarter": 20184,
            "year": 2018,
            "quarter": 4,
            "eps": 0.1,
            "eps_growth_year": 7.36,
            "eps_4q": 0.52,
            "eps_4q_growth_year": 184.54,
            "roe": 0.84,
            "roe_4q": 4.43,
            "gross_profit": 33842,
            "gross_margin": 38.25,
            "gross_margin_4q_avg": 35.98,
            "net_income": 3849,
            "net_income_4q": null,
            "revenue": 88473,
            "revenue_4q": null,
            "common_shares": 388617,
            "book_valuer_per_share": 11.81,
            "book_valuer_per_share_4q_avg": 11.73,
            "equity": 459144,
            "current_ratio": 158.16,
            "debt_ratio": 19.13,
            "inventory_turnover_ratio": 21.37,
            "account_receivable_turnover_ratio": 5.75,
            "reinvestment_rate": 75,
            "research_to_sale_ratio": null,
            "price_fair": 30.18,
            "eps_avg_yearly": 0.86,
            "eps_latest_yearly": 0.4,
            "eps_growth_yearly": 248.24
        },
        "20191": {
            "year_quarter": 20191,
            "year": 2019,
            "quarter": 1,
            "eps": 0.37,
            "eps_growth_year": 54.17,
            "eps_4q": 0.64,
            "eps_4q_growth_year": 226.97,
            "roe": 3.05,
            "roe_4q": 5.3999999999999995,
            "gross_profit": 41301,
            "gross_margin": 42.82,
            "gross_margin_4q_avg": 37.05,
            "net_income": 14235,
            "net_income_4q": null,
            "revenue": 96454,
            "revenue_4q": null,
            "common_shares": 388617,
            "book_valuer_per_share": 12.18,
            "book_valuer_per_share_4q_avg": 11.81,
            "equity": 473379,
            "current_ratio": 195.38,
            "debt_ratio": 15.61,
            "inventory_turnover_ratio": 20.04,
            "account_receivable_turnover_ratio": 5.8,
            "reinvestment_rate": 71.76,
            "research_to_sale_ratio": null,
            "price_fair": 29.09,
            "eps_avg_yearly": 0.83,
            "eps_latest_yearly": 1.48,
            "eps_growth_yearly": 359.83
        },
        "20192": {
            "year_quarter": 20192,
            "year": 2019,
            "quarter": 2,
            "eps": 0.04,
            "eps_growth_year": null,
            "eps_4q": 0.71,
            "eps_4q_growth_year": 106.55,
            "roe": 0.37,
            "roe_4q": 6.01,
            "gross_profit": 22181,
            "gross_margin": 31.76,
            "gross_margin_4q_avg": 37.72,
            "net_income": 1705,
            "net_income_4q": null,
            "revenue": 69845,
            "revenue_4q": null,
            "common_shares": 388617,
            "book_valuer_per_share": 11.72,
            "book_valuer_per_share_4q_avg": 11.86,
            "equity": 455653,
            "current_ratio": 154.66,
            "debt_ratio": 21.21,
            "inventory_turnover_ratio": 19.83,
            "account_receivable_turnover_ratio": 7.61,
            "reinvestment_rate": 67.34,
            "research_to_sale_ratio": null,
            "price_fair": 28.93,
            "eps_avg_yearly": 0.83,
            "eps_latest_yearly": 0.16,
            "eps_growth_yearly": 359.59
        },
        "20193": {
            "year_quarter": 20193,
            "year": 2019,
            "quarter": 3,
            "eps": 0.22,
            "eps_growth_year": 10,
            "eps_4q": 0.72,
            "eps_4q_growth_year": 42,
            "roe": 1.82,
            "roe_4q": 6.08,
            "gross_profit": 35832,
            "gross_margin": 39.34,
            "gross_margin_4q_avg": 38.04,
            "net_income": 8379,
            "net_income_4q": null,
            "revenue": 91089,
            "revenue_4q": null,
            "common_shares": 388617,
            "book_valuer_per_share": 11.94,
            "book_valuer_per_share_4q_avg": 11.91,
            "equity": 464032,
            "current_ratio": 192.03,
            "debt_ratio": 16.79,
            "inventory_turnover_ratio": 24.61,
            "account_receivable_turnover_ratio": 10.84,
            "reinvestment_rate": 66.25,
            "research_to_sale_ratio": null,
            "price_fair": 28.31,
            "eps_avg_yearly": 0.81,
            "eps_latest_yearly": 0.88,
            "eps_growth_yearly": 372.92
        },
        "20194": {
            "year_quarter": 20194,
            "year": 2019,
            "quarter": 4,
            "eps": 0.23,
            "eps_growth_year": 132.73,
            "eps_4q": 0.86,
            "eps_4q_growth_year": 65.56,
            "roe": 1.91,
            "roe_4q": 7.1499999999999995,
            "gross_profit": 39566,
            "gross_margin": 41.11,
            "gross_margin_4q_avg": 38.76,
            "net_income": 8958,
            "net_income_4q": null,
            "revenue": 96253,
            "revenue_4q": null,
            "common_shares": 388617,
            "book_valuer_per_share": 12.16,
            "book_valuer_per_share_4q_avg": 12,
            "equity": 472491,
            "current_ratio": 182.01,
            "debt_ratio": 20.61,
            "inventory_turnover_ratio": 26.16,
            "account_receivable_turnover_ratio": 11.31,
            "reinvestment_rate": 68.68,
            "research_to_sale_ratio": null,
            "price_fair": 27.22,
            "eps_avg_yearly": 0.78,
            "eps_latest_yearly": 0.92,
            "eps_growth_yearly": 368.1
        },
        "20201": {
            "year_quarter": 20201,
            "year": 2020,
            "quarter": 1,
            "eps": 0.52,
            "eps_growth_year": 40.54,
            "eps_4q": 1.01,
            "eps_4q_growth_year": 58.36,
            "roe": 4.35,
            "roe_4q": 8.45,
            "gross_profit": 47377,
            "gross_margin": 46.03,
            "gross_margin_4q_avg": 39.56,
            "net_income": 20337,
            "net_income_4q": null,
            "revenue": 102931,
            "revenue_4q": null,
            "common_shares": 388617,
            "book_valuer_per_share": 11.88,
            "book_valuer_per_share_4q_avg": 11.93,
            "equity": 461739,
            "current_ratio": 173.09,
            "debt_ratio": 21.02,
            "inventory_turnover_ratio": 25.4,
            "account_receivable_turnover_ratio": 12.63,
            "reinvestment_rate": 66.29,
            "research_to_sale_ratio": null,
            "price_fair": 28.47,
            "eps_avg_yearly": 0.81,
            "eps_latest_yearly": 2.08,
            "eps_growth_yearly": 403.4
        },
        "20202": {
            "year_quarter": 20202,
            "year": 2020,
            "quarter": 2,
            "eps": 0.49,
            "eps_growth_year": 1125,
            "eps_4q": 1.46,
            "eps_4q_growth_year": 105.33,
            "roe": 4.06,
            "roe_4q": 12.14,
            "gross_profit": 28893,
            "gross_margin": 38.01,
            "gross_margin_4q_avg": 41.12,
            "net_income": 19156,
            "net_income_4q": null,
            "revenue": 76012,
            "revenue_4q": null,
            "common_shares": 388617,
            "book_valuer_per_share": 12.37,
            "book_valuer_per_share_4q_avg": 12.09,
            "equity": 480895,
            "current_ratio": 166.57,
            "debt_ratio": 23.98,
            "inventory_turnover_ratio": 21.29,
            "account_receivable_turnover_ratio": 10.81,
            "reinvestment_rate": 66.3,
            "research_to_sale_ratio": null,
            "price_fair": 35.78,
            "eps_avg_yearly": 1.02,
            "eps_latest_yearly": 1.96,
            "eps_growth_yearly": 443.26
        },
        "20203": {
            "year_quarter": 20203,
            "year": 2020,
            "quarter": 3,
            "eps": 0.77,
            "eps_growth_year": 250,
            "eps_4q": 2.02,
            "eps_4q_growth_year": 178.87,
            "roe": 6.07,
            "roe_4q": 16.389999999999997,
            "gross_profit": 62966,
            "gross_margin": 49.22,
            "gross_margin_4q_avg": 43.59,
            "net_income": 30100,
            "net_income_4q": null,
            "revenue": 127931,
            "revenue_4q": null,
            "common_shares": 388617,
            "book_valuer_per_share": 13.15,
            "book_valuer_per_share_4q_avg": 12.39,
            "equity": 510995,
            "current_ratio": 210.48,
            "debt_ratio": 19.69,
            "inventory_turnover_ratio": 27.65,
            "account_receivable_turnover_ratio": 14,
            "reinvestment_rate": 51.38,
            "research_to_sale_ratio": null,
            "price_fair": 42.98,
            "eps_avg_yearly": 1.23,
            "eps_latest_yearly": 3.08,
            "eps_growth_yearly": 421.79
        },
        "20204": {
            "year_quarter": 20204,
            "year": 2020,
            "quarter": 4,
            "eps": 0.62,
            "eps_growth_year": 169.2,
            "eps_4q": 2.41,
            "eps_4q_growth_year": 181.6,
            "roe": 4.61,
            "roe_4q": 19.089999999999996,
            "gross_profit": 61871,
            "gross_margin": 49.68,
            "gross_margin_4q_avg": 45.74,
            "net_income": 24115,
            "net_income_4q": null,
            "revenue": 124530,
            "revenue_4q": null,
            "common_shares": 388617,
            "book_valuer_per_share": 13.74,
            "book_valuer_per_share_4q_avg": 12.79,
            "equity": 534102,
            "current_ratio": 195.59,
            "debt_ratio": 24.67,
            "inventory_turnover_ratio": 23.44,
            "account_receivable_turnover_ratio": 12.27,
            "reinvestment_rate": 17.85,
            "research_to_sale_ratio": null,
            "price_fair": 46.96,
            "eps_avg_yearly": 1.34,
            "eps_latest_yearly": 2.48,
            "eps_growth_yearly": 376.36
        },
        "20211": {
            "year_quarter": 20211,
            "year": 2021,
            "quarter": 1,
            "eps": 1.07,
            "eps_growth_year": 105.77,
            "eps_4q": 2.95,
            "eps_4q_growth_year": 191.52,
            "roe": 8.09,
            "roe_4q": 22.83,
            "gross_profit": 65195,
            "gross_margin": 50.48,
            "gross_margin_4q_avg": 46.85,
            "net_income": 41427,
            "net_income_4q": null,
            "revenue": 129156,
            "revenue_4q": null,
            "common_shares": 388617,
            "book_valuer_per_share": 12.61,
            "book_valuer_per_share_4q_avg": 12.97,
            "equity": 490033,
            "current_ratio": 149.65,
            "debt_ratio": 31.48,
            "inventory_turnover_ratio": 23.8,
            "account_receivable_turnover_ratio": 14.02,
            "reinvestment_rate": -7.15,
            "research_to_sale_ratio": null,
            "price_fair": 55.53,
            "eps_avg_yearly": 1.59,
            "eps_latest_yearly": 4.28,
            "eps_growth_yearly": 369.19
        },
        "20212": {
            "year_quarter": 20212,
            "year": 2021,
            "quarter": 2,
            "eps": 0.01,
            "eps_growth_year": -97.96,
            "eps_4q": 2.47,
            "eps_4q_growth_year": 68.76,
            "roe": 0.05,
            "roe_4q": 18.82,
            "gross_profit": 14989,
            "gross_margin": 26.35,
            "gross_margin_4q_avg": 43.93,
            "net_income": 262,
            "net_income_4q": null,
            "revenue": 56886,
            "revenue_4q": null,
            "common_shares": 388617,
            "book_valuer_per_share": 12.62,
            "book_valuer_per_share_4q_avg": 13.03,
            "equity": 490295,
            "current_ratio": 156.07,
            "debt_ratio": 28.94,
            "inventory_turnover_ratio": 17.44,
            "account_receivable_turnover_ratio": 11.46,
            "reinvestment_rate": -7.08,
            "research_to_sale_ratio": null,
            "price_fair": 51.37,
            "eps_avg_yearly": 1.47,
            "eps_latest_yearly": 0.04,
            "eps_growth_yearly": 310.31
        },
        "20213": {
            "year_quarter": 20213,
            "year": 2021,
            "quarter": 3,
            "eps": -0.28,
            "eps_growth_year": -136.36,
            "eps_4q": 1.42,
            "eps_4q_growth_year": -29.98,
            "roe": -2.23,
            "roe_4q": 10.52,
            "gross_profit": 11876,
            "gross_margin": 23.02,
            "gross_margin_4q_avg": 37.38,
            "net_income": -10804,
            "net_income_4q": null,
            "revenue": 51584,
            "revenue_4q": null,
            "common_shares": 388617,
            "book_valuer_per_share": 12.34,
            "book_valuer_per_share_4q_avg": 12.83,
            "equity": 479491,
            "current_ratio": 209.33,
            "debt_ratio": 19.17,
            "inventory_turnover_ratio": 19.83,
            "account_receivable_turnover_ratio": 15.19,
            "reinvestment_rate": -40.34,
            "research_to_sale_ratio": null,
            "price_fair": 51.37,
            "eps_avg_yearly": 1.47,
            "eps_latest_yearly": 0.04,
            "eps_growth_yearly": 310.31
        },
        "20214": {
            "year_quarter": 20214,
            "year": 2021,
            "quarter": 4,
            "eps": 0.71,
            "eps_growth_year": 15.09,
            "eps_4q": 1.51,
            "eps_4q_growth_year": -37.42,
            "roe": 5.62,
            "roe_4q": 11.53,
            "gross_profit": 63134,
            "gross_margin": 50.56,
            "gross_margin_4q_avg": 37.6,
            "net_income": 27753,
            "net_income_4q": null,
            "revenue": 124870,
            "revenue_4q": null,
            "common_shares": 388617,
            "book_valuer_per_share": 13.07,
            "book_valuer_per_share_4q_avg": 12.66,
            "equity": 508063,
            "current_ratio": 199.12,
            "debt_ratio": 23.25,
            "inventory_turnover_ratio": 25.24,
            "account_receivable_turnover_ratio": 13.17,
            "reinvestment_rate": -34.4,
            "research_to_sale_ratio": null,
            "price_fair": 54.6,
            "eps_avg_yearly": 1.56,
            "eps_latest_yearly": 0.04,
            "eps_growth_yearly": 294.51
        },
        "20221": {
            "year_quarter": 20221,
            "year": 2022,
            "quarter": 1,
            "eps": 0.99,
            "eps_growth_year": -7.48,
            "eps_4q": 1.43,
            "eps_4q_growth_year": -51.66,
            "roe": 7.65,
            "roe_4q": 11.09,
            "gross_profit": 72058,
            "gross_margin": 52.86,
            "gross_margin_4q_avg": 38.2,
            "net_income": 38282,
            "net_income_4q": null,
            "revenue": 136308,
            "revenue_4q": null,
            "common_shares": 388617,
            "book_valuer_per_share": 12.68,
            "book_valuer_per_share_4q_avg": 12.68,
            "equity": 492716,
            "current_ratio": 174.8,
            "debt_ratio": 27.08,
            "inventory_turnover_ratio": 21.21,
            "account_receivable_turnover_ratio": 11.52,
            "reinvestment_rate": -27.8,
            "research_to_sale_ratio": null,
            "price_fair": 63.35,
            "eps_avg_yearly": 1.81,
            "eps_latest_yearly": 3.96,
            "eps_growth_yearly": 252.1
        },
        "20222": {
            "year_quarter": 20222,
            "year": 2022,
            "quarter": 2,
            "eps": 0.22,
            "eps_growth_year": 2100,
            "eps_4q": 1.65,
            "eps_4q_growth_year": -33.31,
            "roe": 1.76,
            "roe_4q": 12.8,
            "gross_profit": 34327,
            "gross_margin": 41.73,
            "gross_margin_4q_avg": 42.04,
            "net_income": 8728,
            "net_income_4q": null,
            "revenue": 82265,
            "revenue_4q": null,
            "common_shares": 388617,
            "book_valuer_per_share": 12.9,
            "book_valuer_per_share_4q_avg": 12.75,
            "equity": 501444,
            "current_ratio": 185.36,
            "debt_ratio": 26.38,
            "inventory_turnover_ratio": 17.39,
            "account_receivable_turnover_ratio": 9.05,
            "reinvestment_rate": -27.05,
            "research_to_sale_ratio": null,
            "price_fair": 60.85,
            "eps_avg_yearly": 1.74,
            "eps_latest_yearly": 0.88,
            "eps_growth_yearly": 208.77
        },
        "20223": {
            "year_quarter": 20223,
            "year": 2022,
            "quarter": 3,
            "eps": 0.66,
            "eps_growth_year": null,
            "eps_4q": 2.58,
            "eps_4q_growth_year": 82.44,
            "roe": 4.97,
            "roe_4q": 20,
            "gross_profit": 70567,
            "gross_margin": 52.07,
            "gross_margin_4q_avg": 49.31,
            "net_income": 25579,
            "net_income_4q": null,
            "revenue": 135535,
            "revenue_4q": null,
            "common_shares": 388617,
            "book_valuer_per_share": 13.56,
            "book_valuer_per_share_4q_avg": 13.05,
            "equity": 527023,
            "current_ratio": 236.2,
            "debt_ratio": 21.11,
            "inventory_turnover_ratio": 25.51,
            "account_receivable_turnover_ratio": 14.85,
            "reinvestment_rate": -26.68,
            "research_to_sale_ratio": null,
            "price_fair": 63.1,
            "eps_avg_yearly": 1.8,
            "eps_latest_yearly": 2.64,
            "eps_growth_yearly": 251
        },
        "20224": {
            "year_quarter": 20224,
            "year": 2022,
            "quarter": 4,
            "eps": 0.57,
            "eps_growth_year": -19.57,
            "eps_4q": 2.44,
            "eps_4q_growth_year": 61.86,
            "roe": 4.14,
            "roe_4q": 18.52,
            "gross_profit": 63002,
            "gross_margin": 50.5,
            "gross_margin_4q_avg": 49.29,
            "net_income": 22321,
            "net_income_4q": null,
            "revenue": 124754,
            "revenue_4q": null,
            "common_shares": 388617,
            "book_valuer_per_share": 14.16,
            "book_valuer_per_share_4q_avg": 13.33,
            "equity": 550297,
            "current_ratio": 225.37,
            "debt_ratio": 23.95,
            "inventory_turnover_ratio": 22.43,
            "account_receivable_turnover_ratio": 12.25,
            "reinvestment_rate": -24.25,
            "research_to_sale_ratio": null,
            "price_fair": 67.8,
            "eps_avg_yearly": 1.94,
            "eps_latest_yearly": 2.28,
            "eps_growth_yearly": 261.39
        },
        "20231": {
            "year_quarter": 20231,
            "year": 2023,
            "quarter": 1,
            "eps": 0.87,
            "eps_growth_year": -12.12,
            "eps_4q": 2.33,
            "eps_4q_growth_year": 63.2,
            "roe": 6.47,
            "roe_4q": 17.34,
            "gross_profit": 74841,
            "gross_margin": 53.06,
            "gross_margin_4q_avg": 49.34,
            "net_income": 33936,
            "net_income_4q": null,
            "revenue": 141037,
            "revenue_4q": null,
            "common_shares": 388617,
            "book_valuer_per_share": 12.81,
            "book_valuer_per_share_4q_avg": 13.36,
            "equity": 497960,
            "current_ratio": 171.38,
            "debt_ratio": 31.45,
            "inventory_turnover_ratio": 21.3,
            "account_receivable_turnover_ratio": 15.98,
            "reinvestment_rate": -21.32,
            "research_to_sale_ratio": null,
            "price_fair": 72.8,
            "eps_avg_yearly": 2.08,
            "eps_latest_yearly": 3.48,
            "eps_growth_yearly": 199.29
        },
        "20232": {
            "year_quarter": 20232,
            "year": 2023,
            "quarter": 2,
            "eps": 0.6,
            "eps_growth_year": 172.73,
            "eps_4q": 2.71,
            "eps_4q_growth_year": 64.4,
            "roe": 4.57,
            "roe_4q": 20.15,
            "gross_profit": 45480,
            "gross_margin": 46.53,
            "gross_margin_4q_avg": 50.54,
            "net_income": 23314,
            "net_income_4q": null,
            "revenue": 97745,
            "revenue_4q": null,
            "common_shares": 388617,
            "book_valuer_per_share": 13.41,
            "book_valuer_per_share_4q_avg": 13.49,
            "equity": 521274,
            "current_ratio": 186.59,
            "debt_ratio": 28.98,
            "inventory_turnover_ratio": 19.59,
            "account_receivable_turnover_ratio": 13.46,
            "reinvestment_rate": -17.35,
            "research_to_sale_ratio": null,
            "price_fair": 78.4,
            "eps_avg_yearly": 2.24,
            "eps_latest_yearly": 2.4,
            "eps_growth_yearly": 215.9
        },
        "20233": {
            "year_quarter": 20233,
            "year": 2023,
            "quarter": 3,
            "eps": 0.39,
            "eps_growth_year": -40.91,
            "eps_4q": 2.44,
            "eps_4q_growth_year": -5.5,
            "roe": 2.88,
            "roe_4q": 18.06,
            "gross_profit": 46523,
            "gross_margin": 45.64,
            "gross_margin_4q_avg": 48.93,
            "net_income": 15256,
            "net_income_4q": null,
            "revenue": 101945,
            "revenue_4q": null,
            "common_shares": 388617,
            "book_valuer_per_share": 13.81,
            "book_valuer_per_share_4q_avg": 13.55,
            "equity": 536530,
            "current_ratio": 267.35,
            "debt_ratio": 17.72,
            "inventory_turnover_ratio": 25.08,
            "account_receivable_turnover_ratio": 16.51,
            "reinvestment_rate": -12,
            "research_to_sale_ratio": null,
            "price_fair": 80.1,
            "eps_avg_yearly": 2.29,
            "eps_latest_yearly": 1.56,
            "eps_growth_yearly": 77.33
        },
        "20234": {
            "year_quarter": 20234,
            "year": 2023,
            "quarter": 4,
            "eps": 1.11,
            "eps_growth_year": 93.82,
            "eps_4q": 2.98,
            "eps_4q_growth_year": 21.98,
            "roe": 7.76,
            "roe_4q": 21.68,
            "gross_profit": 63915,
            "gross_margin": 50.54,
            "gross_margin_4q_avg": 48.94,
            "net_income": 43263,
            "net_income_4q": null,
            "revenue": 126458,
            "revenue_4q": null,
            "common_shares": 388617,
            "book_valuer_per_share": 14.9,
            "book_valuer_per_share_4q_avg": 13.73,
            "equity": 579195,
            "current_ratio": 209.82,
            "debt_ratio": 24.84,
            "inventory_turnover_ratio": 23.48,
            "account_receivable_turnover_ratio": 14.08,
            "reinvestment_rate": -2.66,
            "research_to_sale_ratio": null,
            "price_fair": 88.9,
            "eps_avg_yearly": 2.54,
            "eps_latest_yearly": 4.44,
            "eps_growth_yearly": 128.78
        }
    },
    "months": {
        "2001-06": {
            "month": "2001-06",
            "price": "17.84",
            "revenue": 26245
        },
        "2001-07": {
            "month": "2001-07",
            "price": "18.53",
            "revenue": 33116
        },
        "2001-08": {
            "month": "2001-08",
            "price": "19.35",
            "revenue": 35579
        },
        "2001-09": {
            "month": "2001-09",
            "price": "18.42",
            "revenue": 16687
        },
        "2001-10": {
            "month": "2001-10",
            "price": "17.20",
            "revenue": 27912
        },
        "2001-11": {
            "month": "2001-11",
            "price": "17.42",
            "revenue": 27753
        },
        "2001-12": {
            "month": "2001-12",
            "price": "17.21",
            "revenue": 33938
        },
        "2002-01": {
            "month": "2002-01",
            "price": "17.74",
            "revenue": 31633
        },
        "2002-02": {
            "month": "2002-02",
            "price": "17.97",
            "revenue": 34869
        },
        "2002-03": {
            "month": "2002-03",
            "price": "17.26",
            "revenue": 24075
        },
        "2002-04": {
            "month": "2002-04",
            "price": "17.64",
            "revenue": 23491
        },
        "2002-05": {
            "month": "2002-05",
            "price": "17.51",
            "revenue": 20798
        },
        "2002-06": {
            "month": "2002-06",
            "price": "17.78",
            "revenue": 23287
        },
        "2002-07": {
            "month": "2002-07",
            "price": "18.48",
            "revenue": 33422
        },
        "2002-08": {
            "month": "2002-08",
            "price": "17.62",
            "revenue": 33316
        },
        "2002-09": {
            "month": "2002-09",
            "price": "16.72",
            "revenue": 15596
        },
        "2002-10": {
            "month": "2002-10",
            "price": "16.14",
            "revenue": 20634
        },
        "2002-11": {
            "month": "2002-11",
            "price": "15.59",
            "revenue": 23968
        },
        "2002-12": {
            "month": "2002-12",
            "price": "15.98",
            "revenue": 29939
        },
        "2003-01": {
            "month": "2003-01",
            "price": "16.39",
            "revenue": 32622
        },
        "2003-02": {
            "month": "2003-02",
            "price": "15.97",
            "revenue": 31736
        },
        "2003-03": {
            "month": "2003-03",
            "price": "16.38",
            "revenue": 22531
        },
        "2003-04": {
            "month": "2003-04",
            "price": "14.29",
            "revenue": 20020
        },
        "2003-05": {
            "month": "2003-05",
            "price": "16.60",
            "revenue": 18928
        },
        "2003-06": {
            "month": "2003-06",
            "price": "16.16",
            "revenue": 28391
        },
        "2003-07": {
            "month": "2003-07",
            "price": "15.30",
            "revenue": 39079
        },
        "2003-08": {
            "month": "2003-08",
            "price": "16.60",
            "revenue": 39294
        },
        "2003-09": {
            "month": "2003-09",
            "price": "15.20",
            "revenue": 19465
        },
        "2003-10": {
            "month": "2003-10",
            "price": "15.69",
            "revenue": 26662
        },
        "2003-11": {
            "month": "2003-11",
            "price": "16.00",
            "revenue": 25556
        },
        "2003-12": {
            "month": "2003-12",
            "price": "16.63",
            "revenue": 29479
        },
        "2004-01": {
            "month": "2004-01",
            "price": "15.56",
            "revenue": 38386
        },
        "2004-02": {
            "month": "2004-02",
            "price": "19.35",
            "revenue": 26889
        },
        "2004-03": {
            "month": "2004-03",
            "price": "19.53",
            "revenue": 19171
        },
        "2004-04": {
            "month": "2004-04",
            "price": "19.30",
            "revenue": 21179
        },
        "2004-05": {
            "month": "2004-05",
            "price": "14.61",
            "revenue": 20114
        },
        "2004-06": {
            "month": "2004-06",
            "price": "15.33",
            "revenue": 22787
        },
        "2004-07": {
            "month": "2004-07",
            "price": "15.33",
            "revenue": 31279
        },
        "2004-08": {
            "month": "2004-08",
            "price": "17.67",
            "revenue": 35023
        },
        "2004-09": {
            "month": "2004-09",
            "price": "16.55",
            "revenue": 20402
        },
        "2004-10": {
            "month": "2004-10",
            "price": "14.88",
            "revenue": 26207
        },
        "2004-11": {
            "month": "2004-11",
            "price": "15.32",
            "revenue": 28369
        },
        "2004-12": {
            "month": "2004-12",
            "price": "18.18",
            "revenue": 29968
        },
        "2005-01": {
            "month": "2005-01",
            "price": "20.16",
            "revenue": 32517
        },
        "2005-02": {
            "month": "2005-02",
            "price": "20.41",
            "revenue": 35200
        },
        "2005-03": {
            "month": "2005-03",
            "price": "19.74",
            "revenue": 22913
        },
        "2005-04": {
            "month": "2005-04",
            "price": "19.08",
            "revenue": 25718
        },
        "2005-05": {
            "month": "2005-05",
            "price": "22.23",
            "revenue": 21460
        },
        "2005-06": {
            "month": "2005-06",
            "price": "24.74",
            "revenue": 22362
        },
        "2005-07": {
            "month": "2005-07",
            "price": "21.21",
            "revenue": 32781
        },
        "2005-08": {
            "month": "2005-08",
            "price": "23.23",
            "revenue": 28702
        },
        "2005-09": {
            "month": "2005-09",
            "price": "21.97",
            "revenue": 18793
        },
        "2005-10": {
            "month": "2005-10",
            "price": "22.22",
            "revenue": 25468
        },
        "2005-11": {
            "month": "2005-11",
            "price": "21.62",
            "revenue": 27565
        },
        "2005-12": {
            "month": "2005-12",
            "price": "22.08",
            "revenue": 32500
        },
        "2006-01": {
            "month": "2006-01",
            "price": "19.88",
            "revenue": 31062
        },
        "2006-02": {
            "month": "2006-02",
            "price": "19.14",
            "revenue": 32644
        },
        "2006-03": {
            "month": "2006-03",
            "price": "18.92",
            "revenue": 20319
        },
        "2006-04": {
            "month": "2006-04",
            "price": "25.78",
            "revenue": 21311
        },
        "2006-05": {
            "month": "2006-05",
            "price": "37.19",
            "revenue": 18947
        },
        "2006-06": {
            "month": "2006-06",
            "price": "38.21",
            "revenue": 20301
        },
        "2006-07": {
            "month": "2006-07",
            "price": "34.16",
            "revenue": 26620
        },
        "2006-08": {
            "month": "2006-08",
            "price": "33.05",
            "revenue": 27805
        },
        "2006-09": {
            "month": "2006-09",
            "price": "31.78",
            "revenue": 10645
        },
        "2006-10": {
            "month": "2006-10",
            "price": "32.73",
            "revenue": 11100
        },
        "2006-11": {
            "month": "2006-11",
            "price": "32.18",
            "revenue": 21181
        },
        "2006-12": {
            "month": "2006-12",
            "price": "32.52",
            "revenue": 27945
        },
        "2007-01": {
            "month": "2007-01",
            "price": "30.65",
            "revenue": 21734
        },
        "2007-02": {
            "month": "2007-02",
            "price": "33.15",
            "revenue": 35047
        },
        "2007-03": {
            "month": "2007-03",
            "price": "30.51",
            "revenue": 17543
        },
        "2007-04": {
            "month": "2007-04",
            "price": "30.14",
            "revenue": 19901
        },
        "2007-05": {
            "month": "2007-05",
            "price": "28.04",
            "revenue": 18176
        },
        "2007-06": {
            "month": "2007-06",
            "price": "26.84",
            "revenue": 21971
        },
        "2007-07": {
            "month": "2007-07",
            "price": "28.74",
            "revenue": 31818
        },
        "2007-08": {
            "month": "2007-08",
            "price": "27.06",
            "revenue": 23691
        },
        "2007-09": {
            "month": "2007-09",
            "price": "25.87",
            "revenue": 17760
        },
        "2007-10": {
            "month": "2007-10",
            "price": "25.01",
            "revenue": 15544
        },
        "2007-11": {
            "month": "2007-11",
            "price": "23.06",
            "revenue": 19360
        },
        "2007-12": {
            "month": "2007-12",
            "price": "22.82",
            "revenue": 27757
        },
        "2008-01": {
            "month": "2008-01",
            "price": "24.64",
            "revenue": 24953
        },
        "2008-02": {
            "month": "2008-02",
            "price": "26.40",
            "revenue": 32093
        },
        "2008-03": {
            "month": "2008-03",
            "price": "31.55",
            "revenue": 16940
        },
        "2008-04": {
            "month": "2008-04",
            "price": "31.44",
            "revenue": 18762
        },
        "2008-05": {
            "month": "2008-05",
            "price": "30.55",
            "revenue": 20358
        },
        "2008-06": {
            "month": "2008-06",
            "price": "29.31",
            "revenue": 19417
        },
        "2008-07": {
            "month": "2008-07",
            "price": "25.18",
            "revenue": 31179
        },
        "2008-08": {
            "month": "2008-08",
            "price": "24.67",
            "revenue": 31615
        },
        "2008-09": {
            "month": "2008-09",
            "price": "20.05",
            "revenue": 15628
        },
        "2008-10": {
            "month": "2008-10",
            "price": "17.57",
            "revenue": 23206
        },
        "2008-11": {
            "month": "2008-11",
            "price": "15.52",
            "revenue": 23729
        },
        "2008-12": {
            "month": "2008-12",
            "price": "14.92",
            "revenue": 26121
        },
        "2009-01": {
            "month": "2009-01",
            "price": "14.85",
            "revenue": 33745
        },
        "2009-02": {
            "month": "2009-02",
            "price": "14.82",
            "revenue": 22665
        },
        "2009-03": {
            "month": "2009-03",
            "price": "16.10",
            "revenue": 20290
        },
        "2009-04": {
            "month": "2009-04",
            "price": "21.58",
            "revenue": 21307
        },
        "2009-05": {
            "month": "2009-05",
            "price": "22.66",
            "revenue": 23523
        },
        "2009-06": {
            "month": "2009-06",
            "price": "21.08",
            "revenue": 18443
        },
        "2009-07": {
            "month": "2009-07",
            "price": "20.76",
            "revenue": 32805
        },
        "2009-08": {
            "month": "2009-08",
            "price": "19.16",
            "revenue": 9597
        },
        "2009-09": {
            "month": "2009-09",
            "price": "18.96",
            "revenue": 10514
        },
        "2009-10": {
            "month": "2009-10",
            "price": "19.02",
            "revenue": 10216
        },
        "2009-11": {
            "month": "2009-11",
            "price": "19.12",
            "revenue": 16621
        },
        "2009-12": {
            "month": "2009-12",
            "price": "19.79",
            "revenue": 17970
        },
        "2010-01": {
            "month": "2010-01",
            "price": "20.21",
            "revenue": 22259
        },
        "2010-02": {
            "month": "2010-02",
            "price": "19.18",
            "revenue": 32626
        },
        "2010-03": {
            "month": "2010-03",
            "price": "18.93",
            "revenue": 15941
        },
        "2010-04": {
            "month": "2010-04",
            "price": "19.10",
            "revenue": 18068
        },
        "2010-05": {
            "month": "2010-05",
            "price": "18.81",
            "revenue": 16456
        },
        "2010-06": {
            "month": "2010-06",
            "price": "20.67",
            "revenue": 16592
        },
        "2010-07": {
            "month": "2010-07",
            "price": "20.64",
            "revenue": 30156
        },
        "2010-08": {
            "month": "2010-08",
            "price": "22.07",
            "revenue": 27135
        },
        "2010-09": {
            "month": "2010-09",
            "price": "23.90",
            "revenue": 15215
        },
        "2010-10": {
            "month": "2010-10",
            "price": "23.98",
            "revenue": 19098
        },
        "2010-11": {
            "month": "2010-11",
            "price": "23.34",
            "revenue": 20375
        },
        "2010-12": {
            "month": "2010-12",
            "price": "23.80",
            "revenue": 25530
        },
        "2011-01": {
            "month": "2011-01",
            "price": "23.68",
            "revenue": 26805
        },
        "2011-02": {
            "month": "2011-02",
            "price": "22.79",
            "revenue": 31268
        },
        "2011-03": {
            "month": "2011-03",
            "price": "22.49",
            "revenue": 16751
        },
        "2011-04": {
            "month": "2011-04",
            "price": "22.74",
            "revenue": 20257
        },
        "2011-05": {
            "month": "2011-05",
            "price": "22.97",
            "revenue": 13165
        },
        "2011-06": {
            "month": "2011-06",
            "price": "22.90",
            "revenue": 18698
        },
        "2011-07": {
            "month": "2011-07",
            "price": "21.92",
            "revenue": 31849
        },
        "2011-08": {
            "month": "2011-08",
            "price": "20.38",
            "revenue": 28556
        },
        "2011-09": {
            "month": "2011-09",
            "price": "19.74",
            "revenue": 22118
        },
        "2011-10": {
            "month": "2011-10",
            "price": "19.34",
            "revenue": 22943
        },
        "2011-11": {
            "month": "2011-11",
            "price": "19.07",
            "revenue": 21934
        },
        "2011-12": {
            "month": "2011-12",
            "price": "18.81",
            "revenue": 27937
        },
        "2012-01": {
            "month": "2012-01",
            "price": "18.34",
            "revenue": 37083
        },
        "2012-02": {
            "month": "2012-02",
            "price": "18.80",
            "revenue": 26119
        },
        "2012-03": {
            "month": "2012-03",
            "price": "18.92",
            "revenue": 18416
        },
        "2012-04": {
            "month": "2012-04",
            "price": "18.36",
            "revenue": 20063
        },
        "2012-05": {
            "month": "2012-05",
            "price": "18.52",
            "revenue": 16751
        },
        "2012-06": {
            "month": "2012-06",
            "price": "18.39",
            "revenue": 15674
        },
        "2012-07": {
            "month": "2012-07",
            "price": "18.23",
            "revenue": 30975
        },
        "2012-08": {
            "month": "2012-08",
            "price": "20.98",
            "revenue": 24111
        },
        "2012-09": {
            "month": "2012-09",
            "price": "20.86",
            "revenue": 18752
        },
        "2012-10": {
            "month": "2012-10",
            "price": "20.24",
            "revenue": 22642
        },
        "2012-11": {
            "month": "2012-11",
            "price": "20.22",
            "revenue": 23321
        },
        "2012-12": {
            "month": "2012-12",
            "price": "19.72",
            "revenue": 31711
        },
        "2013-01": {
            "month": "2013-01",
            "price": "19.75",
            "revenue": 21766
        },
        "2013-02": {
            "month": "2013-02",
            "price": "19.75",
            "revenue": 33884
        },
        "2013-03": {
            "month": "2013-03",
            "price": "20.55",
            "revenue": 18462
        },
        "2013-04": {
            "month": "2013-04",
            "price": "21.16",
            "revenue": 22887
        },
        "2013-05": {
            "month": "2013-05",
            "price": "21.93",
            "revenue": 17677
        },
        "2013-06": {
            "month": "2013-06",
            "price": "22.06",
            "revenue": 24523
        },
        "2013-07": {
            "month": "2013-07",
            "price": "23.01",
            "revenue": 37538
        },
        "2013-08": {
            "month": "2013-08",
            "price": "23.81",
            "revenue": 35391
        },
        "2013-09": {
            "month": "2013-09",
            "price": "21.18",
            "revenue": 21010
        },
        "2013-10": {
            "month": "2013-10",
            "price": "21.21",
            "revenue": 24199
        },
        "2013-11": {
            "month": "2013-11",
            "price": "20.48",
            "revenue": 26070
        },
        "2013-12": {
            "month": "2013-12",
            "price": "20.88",
            "revenue": 28792
        },
        "2014-01": {
            "month": "2014-01",
            "price": "21.47",
            "revenue": 33178
        },
        "2014-02": {
            "month": "2014-02",
            "price": "21.28",
            "revenue": 31995
        },
        "2014-03": {
            "month": "2014-03",
            "price": "21.21",
            "revenue": 22444
        },
        "2014-04": {
            "month": "2014-04",
            "price": "21.21",
            "revenue": 24926
        },
        "2014-05": {
            "month": "2014-05",
            "price": "25.94",
            "revenue": 24125
        },
        "2014-06": {
            "month": "2014-06",
            "price": "36.32",
            "revenue": 24870
        },
        "2014-07": {
            "month": "2014-07",
            "price": "41.01",
            "revenue": 37136
        },
        "2014-08": {
            "month": "2014-08",
            "price": "35.49",
            "revenue": 38041
        },
        "2014-09": {
            "month": "2014-09",
            "price": "35.32",
            "revenue": 24245
        },
        "2014-10": {
            "month": "2014-10",
            "price": "35.34",
            "revenue": 30738
        },
        "2014-11": {
            "month": "2014-11",
            "price": "39.81",
            "revenue": 29304
        },
        "2014-12": {
            "month": "2014-12",
            "price": "38.35",
            "revenue": 29960
        },
        "2015-01": {
            "month": "2015-01",
            "price": "37.86",
            "revenue": 26047
        },
        "2015-02": {
            "month": "2015-02",
            "price": "36.85",
            "revenue": 45430
        },
        "2015-03": {
            "month": "2015-03",
            "price": "41.81",
            "revenue": 22060
        },
        "2015-04": {
            "month": "2015-04",
            "price": "43.80",
            "revenue": 24528
        },
        "2015-05": {
            "month": "2015-05",
            "price": "41.67",
            "revenue": 19584
        },
        "2015-06": {
            "month": "2015-06",
            "price": "34.24",
            "revenue": 20011
        },
        "2015-07": {
            "month": "2015-07",
            "price": "27.83",
            "revenue": 32365
        },
        "2015-08": {
            "month": "2015-08",
            "price": "25.23",
            "revenue": 31017
        },
        "2015-09": {
            "month": "2015-09",
            "price": "27.10",
            "revenue": 22701
        },
        "2015-10": {
            "month": "2015-10",
            "price": "27.76",
            "revenue": 27781
        },
        "2015-11": {
            "month": "2015-11",
            "price": "26.92",
            "revenue": 27533
        },
        "2015-12": {
            "month": "2015-12",
            "price": "26.17",
            "revenue": 31557
        },
        "2016-01": {
            "month": "2016-01",
            "price": "30.69",
            "revenue": 30903
        },
        "2016-02": {
            "month": "2016-02",
            "price": "35.62",
            "revenue": 38995
        },
        "2016-03": {
            "month": "2016-03",
            "price": "40.51",
            "revenue": 21942
        },
        "2016-04": {
            "month": "2016-04",
            "price": "28.50",
            "revenue": 23582
        },
        "2016-05": {
            "month": "2016-05",
            "price": "26.25",
            "revenue": 18466
        },
        "2016-06": {
            "month": "2016-06",
            "price": "27.91",
            "revenue": 19390
        },
        "2016-07": {
            "month": "2016-07",
            "price": "27.91",
            "revenue": 28571
        },
        "2016-08": {
            "month": "2016-08",
            "price": "27.29",
            "revenue": 24672
        },
        "2016-09": {
            "month": "2016-09",
            "price": "26.68",
            "revenue": 13943
        },
        "2016-10": {
            "month": "2016-10",
            "price": "26.64",
            "revenue": 15260
        },
        "2016-11": {
            "month": "2016-11",
            "price": "26.69",
            "revenue": 17831
        },
        "2016-12": {
            "month": "2016-12",
            "price": "26.33",
            "revenue": 27580
        },
        "2017-01": {
            "month": "2017-01",
            "price": "25.45",
            "revenue": 34671
        },
        "2017-02": {
            "month": "2017-02",
            "price": "25.17",
            "revenue": 27943
        },
        "2017-03": {
            "month": "2017-03",
            "price": "25.06",
            "revenue": 19409
        },
        "2017-04": {
            "month": "2017-04",
            "price": "24.38",
            "revenue": 22556
        },
        "2017-05": {
            "month": "2017-05",
            "price": "24.52",
            "revenue": 18573
        },
        "2017-06": {
            "month": "2017-06",
            "price": "24.82",
            "revenue": 12983
        },
        "2017-07": {
            "month": "2017-07",
            "price": "25.31",
            "revenue": 26924
        },
        "2017-08": {
            "month": "2017-08",
            "price": "24.43",
            "revenue": 28314
        },
        "2017-09": {
            "month": "2017-09",
            "price": "23.70",
            "revenue": 16351
        },
        "2017-10": {
            "month": "2017-10",
            "price": "23.68",
            "revenue": 25269
        },
        "2017-11": {
            "month": "2017-11",
            "price": "23.52",
            "revenue": 27405
        },
        "2017-12": {
            "month": "2017-12",
            "price": "23.18",
            "revenue": 32343
        },
        "2018-01": {
            "month": "2018-01",
            "price": "23.46",
            "revenue": 27840
        },
        "2018-02": {
            "month": "2018-02",
            "price": "22.50",
            "revenue": 38575
        },
        "2018-03": {
            "month": "2018-03",
            "price": "22.08",
            "revenue": 22086
        },
        "2018-04": {
            "month": "2018-04",
            "price": "21.69",
            "revenue": 25389
        },
        "2018-05": {
            "month": "2018-05",
            "price": "21.88",
            "revenue": 19557
        },
        "2018-06": {
            "month": "2018-06",
            "price": "22.44",
            "revenue": 18794
        },
        "2018-07": {
            "month": "2018-07",
            "price": "22.18",
            "revenue": 31785
        },
        "2018-08": {
            "month": "2018-08",
            "price": "22.25",
            "revenue": 34028
        },
        "2018-09": {
            "month": "2018-09",
            "price": "22.36",
            "revenue": 21208
        },
        "2018-10": {
            "month": "2018-10",
            "price": "22.16",
            "revenue": 27093
        },
        "2018-11": {
            "month": "2018-11",
            "price": "22.03",
            "revenue": 26686
        },
        "2018-12": {
            "month": "2018-12",
            "price": "22.34",
            "revenue": 34695
        },
        "2019-01": {
            "month": "2019-01",
            "price": "22.30",
            "revenue": 32603
        },
        "2019-02": {
            "month": "2019-02",
            "price": "21.94",
            "revenue": 37091
        },
        "2019-03": {
            "month": "2019-03",
            "price": "22.26",
            "revenue": 26759
        },
        "2019-04": {
            "month": "2019-04",
            "price": "22.96",
            "revenue": 25832
        },
        "2019-05": {
            "month": "2019-05",
            "price": "24.89",
            "revenue": 20464
        },
        "2019-06": {
            "month": "2019-06",
            "price": "24.83",
            "revenue": 23551
        },
        "2019-07": {
            "month": "2019-07",
            "price": "24.44",
            "revenue": 35512
        },
        "2019-08": {
            "month": "2019-08",
            "price": "24.68",
            "revenue": 31576
        },
        "2019-09": {
            "month": "2019-09",
            "price": "23.89",
            "revenue": 24000
        },
        "2019-10": {
            "month": "2019-10",
            "price": "23.03",
            "revenue": 29200
        },
        "2019-11": {
            "month": "2019-11",
            "price": "23.26",
            "revenue": 30823
        },
        "2019-12": {
            "month": "2019-12",
            "price": "23.29",
            "revenue": 36230
        },
        "2020-01": {
            "month": "2020-01",
            "price": "23.44",
            "revenue": 42813
        },
        "2020-02": {
            "month": "2020-02",
            "price": "22.98",
            "revenue": 37562
        },
        "2020-03": {
            "month": "2020-03",
            "price": "21.96",
            "revenue": 22556
        },
        "2020-04": {
            "month": "2020-04",
            "price": "22.51",
            "revenue": 19063
        },
        "2020-05": {
            "month": "2020-05",
            "price": "25.37",
            "revenue": 23032
        },
        "2020-06": {
            "month": "2020-06",
            "price": "29.11",
            "revenue": 33917
        },
        "2020-07": {
            "month": "2020-07",
            "price": "29.44",
            "revenue": 43806
        },
        "2020-08": {
            "month": "2020-08",
            "price": "27.83",
            "revenue": 47055
        },
        "2020-09": {
            "month": "2020-09",
            "price": "32.97",
            "revenue": 37069
        },
        "2020-10": {
            "month": "2020-10",
            "price": "33.60",
            "revenue": 42658
        },
        "2020-11": {
            "month": "2020-11",
            "price": "32.63",
            "revenue": 39620
        },
        "2020-12": {
            "month": "2020-12",
            "price": "32.92",
            "revenue": 42252
        },
        "2021-01": {
            "month": "2021-01",
            "price": "32.29",
            "revenue": 44657
        },
        "2021-02": {
            "month": "2021-02",
            "price": "32.61",
            "revenue": 48271
        },
        "2021-03": {
            "month": "2021-03",
            "price": "33.62",
            "revenue": 36227
        },
        "2021-04": {
            "month": "2021-04",
            "price": "34.57",
            "revenue": 35845
        },
        "2021-05": {
            "month": "2021-05",
            "price": "32.62",
            "revenue": 18560
        },
        "2021-06": {
            "month": "2021-06",
            "price": "31.74",
            "revenue": 2481
        },
        "2021-07": {
            "month": "2021-07",
            "price": "34.30",
            "revenue": 6928
        },
        "2021-08": {
            "month": "2021-08",
            "price": "32.74",
            "revenue": 19551
        },
        "2021-09": {
            "month": "2021-09",
            "price": "31.06",
            "revenue": 25106
        },
        "2021-10": {
            "month": "2021-10",
            "price": "30.64",
            "revenue": 35133
        },
        "2021-11": {
            "month": "2021-11",
            "price": "30.07",
            "revenue": 41699
        },
        "2021-12": {
            "month": "2021-12",
            "price": "29.91",
            "revenue": 48037
        },
        "2022-01": {
            "month": "2022-01",
            "price": "29.45",
            "revenue": 50364
        },
        "2022-02": {
            "month": "2022-02",
            "price": "29.75",
            "revenue": 46736
        },
        "2022-03": {
            "month": "2022-03",
            "price": "29.76",
            "revenue": 39209
        },
        "2022-04": {
            "month": "2022-04",
            "price": "30.49",
            "revenue": 33404
        },
        "2022-05": {
            "month": "2022-05",
            "price": "29.98",
            "revenue": 21010
        },
        "2022-06": {
            "month": "2022-06",
            "price": "34.27",
            "revenue": 27850
        },
        "2022-07": {
            "month": "2022-07",
            "price": "33.28",
            "revenue": 49258
        },
        "2022-08": {
            "month": "2022-08",
            "price": "34.24",
            "revenue": 50487
        },
        "2022-09": {
            "month": "2022-09",
            "price": "34.72",
            "revenue": 35791
        },
        "2022-10": {
            "month": "2022-10",
            "price": "43.22",
            "revenue": 38548
        },
        "2022-11": {
            "month": "2022-11",
            "price": "42.75",
            "revenue": 39231
        },
        "2022-12": {
            "month": "2022-12",
            "price": "51.98",
            "revenue": 46975
        },
        "2023-01": {
            "month": "2023-01",
            "price": "50.44",
            "revenue": 58104
        },
        "2023-02": {
            "month": "2023-02",
            "price": "57.92",
            "revenue": 44454
        },
        "2023-03": {
            "month": "2023-03",
            "price": "65.12",
            "revenue": 38478
        },
        "2023-04": {
            "month": "2023-04",
            "price": "57.27",
            "revenue": 38794
        },
        "2023-05": {
            "month": "2023-05",
            "price": "57.80",
            "revenue": 25530
        },
        "2023-06": {
            "month": "2023-06",
            "price": "68.40",
            "revenue": 33422
        },
        "2023-07": {
            "month": "2023-07",
            "price": "67.83",
            "revenue": 37250
        },
        "2023-08": {
            "month": "2023-08",
            "price": "53.78",
            "revenue": 39391
        },
        "2023-09": {
            "month": "2023-09",
            "price": "47.73",
            "revenue": 25304
        },
        "2023-10": {
            "month": "2023-10",
            "price": "41.76",
            "revenue": 37888
        },
        "2023-11": {
            "month": "2023-11",
            "price": "49.08",
            "revenue": 40004
        },
        "2023-12": {
            "month": "2023-12",
            "price": "51.20",
            "revenue": 48565
        },
        "2024-01": {
            "month": "2024-01",
            "price": "51.22",
            "revenue": 43212
        },
        "2024-02": {
            "month": "2024-02",
            "price": "47.22",
            "revenue": 50916
        }
    }
}
