{
    "summary": {
        "stock_name": "鳳凰",
        "stock_id": "5706",
        "category": "觀光餐旅",
        "main_business": "接受客戶委託代辦國內外觀光旅遊安排食宿及相關服務等",
        "website_url": "http://travel.com.tw",
        "ceo": "卞傑民",
        "pe_ratio": 41,
        "report_year_from": 2001,
        "report_year_to": 2023,
        "age": 23,
        "eps_negative_percentage": 4,
        "eps_growth_avg": {
            "last_all": 2.57,
            "last_2y": 0,
            "last_4y": -18.72,
            "last_8y": -4.11,
            "last_12y": -9.05,
            "last_16y": -0.67,
            "last_20y": 4.62,
            "at_2006_last_3y": 25.78,
            "at_2007_last_3y": 23.57,
            "at_2008_last_3y": -0.8,
            "at_2009_last_3y": -3.92,
            "at_2010_last_3y": 24.47,
            "at_2011_last_3y": 12.95,
            "at_2012_last_3y": 16.62,
            "at_2013_last_3y": 14.07,
            "at_2014_last_3y": -18.93,
            "at_2015_last_3y": 6.3,
            "at_2016_last_3y": -2.04,
            "at_2017_last_3y": 2.4,
            "at_2018_last_3y": 10.49,
            "at_2019_last_3y": 0.74,
            "at_2020_last_3y": -18.99,
            "at_2021_last_3y": 6.37,
            "at_2022_last_3y": -18.72,
            "at_2023_last_3y": -31.7,
            "at_2024_last_3y": -31.7,
            "at_2006_last_all": 12.95,
            "at_2007_last_all": 11.52,
            "at_2008_last_all": 10.23,
            "at_2009_last_all": 7.83,
            "at_2010_last_all": 18.07,
            "at_2011_last_all": 12.1,
            "at_2012_last_all": 12.56,
            "at_2013_last_all": 9.91,
            "at_2014_last_all": 6.69,
            "at_2015_last_all": 10.44,
            "at_2016_last_all": 8.67,
            "at_2017_last_all": 8.03,
            "at_2018_last_all": 7.58,
            "at_2019_last_all": 8.28,
            "at_2020_last_all": 2.84,
            "at_2021_last_all": 7.7,
            "at_2022_last_all": 2.57,
            "at_2023_last_all": 2.57,
            "at_2024_last_all": 2.57
        },
        "latest_eps": 1.52,
        "latest_price": 62.3,
        "latest_roe": 8.29,
        "latest_gross_margin": 13.24,
        "latest_equity": 1356394,
        "latest_revenue": 762631,
        "latest_gross_profit": 100999,
        "latest_net_income": 58036,
        "latest_debt_ratio": 55.6,
        "latest_current_ratio": 126.9,
        "latest_account_receivable_turnover_ratio": 10.35,
        "latest_inventory_turnover_ratio": null,
        "latest_reinvestment_rate": 131.82,
        "latest_research_to_sale_ratio": null
    },
    "eps_dividends": {
        "2000": {
            "cash": 0,
            "stock": 0.5,
            "eps": 0
        },
        "2001": {
            "cash": 1.3,
            "stock": 0,
            "eps": 0.86
        },
        "2002": {
            "cash": 0.35,
            "stock": 0.35,
            "eps": 0.53
        },
        "2003": {
            "cash": 0.5,
            "stock": 0,
            "eps": 0.6
        },
        "2004": {
            "cash": 0,
            "stock": 0.62,
            "eps": 2.56
        },
        "2005": {
            "cash": 1,
            "stock": 0.9,
            "eps": 2.65
        },
        "2006": {
            "cash": 1,
            "stock": 1,
            "eps": 2.29
        },
        "2007": {
            "cash": 0.86,
            "stock": 1,
            "eps": 2.39
        },
        "2008": {
            "cash": 1.5,
            "stock": 0.5,
            "eps": 2.45
        },
        "2009": {
            "cash": 1.15,
            "stock": 0.5,
            "eps": 2.23
        },
        "2010": {
            "cash": 2.28,
            "stock": 0,
            "eps": 5.49
        },
        "2011": {
            "cash": 3.5,
            "stock": 5.5,
            "eps": 3.2
        },
        "2012": {
            "cash": 0,
            "stock": 0,
            "eps": 3.75
        },
        "2013": {
            "cash": 3,
            "stock": 0,
            "eps": 3.03
        },
        "2014": {
            "cash": 3,
            "stock": 0,
            "eps": 2.06
        },
        "2015": {
            "cash": 1.5,
            "stock": 0.5,
            "eps": 3.28
        },
        "2016": {
            "cash": 2.7,
            "stock": 0,
            "eps": 2.75
        },
        "2017": {
            "cash": 2,
            "stock": 0,
            "eps": 2.71
        },
        "2018": {
            "cash": 3,
            "stock": 0,
            "eps": 2.72
        },
        "2019": {
            "cash": 1.61,
            "stock": 0.5,
            "eps": 3.27
        },
        "2020": {
            "cash": 0.3,
            "stock": 0.95,
            "eps": 0.16
        },
        "2021": {
            "cash": 0.3,
            "stock": 0,
            "eps": 1.17
        },
        "2022": {
            "cash": 1,
            "stock": 1,
            "eps": -0.48
        },
        "2023": {
            "cash": 0.3,
            "stock": 0,
            "eps": 1.59
        }
    },
    "dividends": {
        "2000-03-06": {
            "cash": 0,
            "stock": 0.5
        },
        "2001-03-27": {
            "cash": 1.3,
            "stock": 0
        },
        "2002-04-15": {
            "cash": 0.35,
            "stock": 0.35
        },
        "2003-06-06": {
            "cash": 0.5,
            "stock": 0
        },
        "2004-04-30": {
            "cash": 0,
            "stock": 0.62
        },
        "2005-06-02": {
            "cash": 1,
            "stock": 0.9
        },
        "2006-04-24": {
            "cash": 1,
            "stock": 1
        },
        "2007-03-06": {
            "cash": 0.86,
            "stock": 1
        },
        "2008-04-28": {
            "cash": 1.5,
            "stock": 0.5
        },
        "2009-03-30": {
            "cash": 1.15,
            "stock": 0.5
        },
        "2010-04-29": {
            "cash": 2.28,
            "stock": 0
        },
        "2011-01-01": {
            "cash": 3,
            "stock": 0
        },
        "2011-03-15": {
            "cash": 0.5,
            "stock": 5.5
        },
        "2013-03-22": {
            "cash": 3,
            "stock": 0
        },
        "2014-08-29": {
            "cash": 3,
            "stock": 0
        },
        "2015-10-01": {
            "cash": 1.5,
            "stock": 0.5
        },
        "2016-09-10": {
            "cash": 2.7,
            "stock": 0
        },
        "2017-08-04": {
            "cash": 2,
            "stock": 0
        },
        "2018-07-27": {
            "cash": 3,
            "stock": 0
        },
        "2019-08-23": {
            "cash": 1.61,
            "stock": 0.5
        },
        "2020-08-28": {
            "cash": 0.3,
            "stock": 0.95
        },
        "2021-08-26": {
            "cash": 0.3,
            "stock": 0
        },
        "2022-09-05": {
            "cash": 1,
            "stock": 1
        },
        "2023-08-09": {
            "cash": 0.3,
            "stock": 0
        }
    },
    "prices": {
        "200101": "無",
        "200102": "無",
        "200103": "無",
        "200104": "無",
        "200105": "無",
        "200106": "無",
        "200107": "無",
        "200108": "無",
        "200109": "無",
        "200110": "無",
        "200111": "12.50",
        "200112": "11.25",
        "200201": "11.16",
        "200202": "10.99",
        "200203": "10.47",
        "200204": "11.03",
        "200205": "10.62",
        "200206": "10.74",
        "200207": "10.69",
        "200208": "10.20",
        "200209": "9.65",
        "200210": "9.41",
        "200211": "9.76",
        "200212": "10.00",
        "200301": "10.28",
        "200302": "9.48",
        "200303": "9.20",
        "200304": "8.30",
        "200305": "8.67",
        "200306": "8.85",
        "200307": "8.30",
        "200308": "8.17",
        "200309": "8.23",
        "200310": "8.13",
        "200311": "12.12",
        "200312": "13.62",
        "200401": "11.73",
        "200402": "17.98",
        "200403": "20.69",
        "200404": "15.73",
        "200405": "15.74",
        "200406": "16.97",
        "200407": "18.40",
        "200408": "16.36",
        "200409": "18.99",
        "200410": "18.98",
        "200411": "19.41",
        "200412": "21.73",
        "200501": "22.38",
        "200502": "22.74",
        "200503": "22.85",
        "200504": "22.24",
        "200505": "19.80",
        "200506": "20.58",
        "200507": "19.85",
        "200508": "18.46",
        "200509": "20.28",
        "200510": "20.30",
        "200511": "20.04",
        "200512": "21.93",
        "200601": "21.62",
        "200602": "20.76",
        "200603": "21.04",
        "200604": "33.59",
        "200605": "58.46",
        "200606": "64.12",
        "200607": "63.77",
        "200608": "60.83",
        "200609": "63.92",
        "200610": "65.16",
        "200611": "61.23",
        "200612": "64.09",
        "200701": "60.42",
        "200702": "76.58",
        "200703": "77.17",
        "200704": "76.68",
        "200705": "65.50",
        "200706": "66.70",
        "200707": "75.72",
        "200708": "66.86",
        "200709": "66.28",
        "200710": "59.09",
        "200711": "51.25",
        "200712": "53.64",
        "200801": "69.11",
        "200802": "77.84",
        "200803": "90.88",
        "200804": "89.70",
        "200805": "85.51",
        "200806": "100.39",
        "200807": "77.99",
        "200808": "74.45",
        "200809": "69.48",
        "200810": "44.39",
        "200811": "41.67",
        "200812": "51.23",
        "200901": "52.25",
        "200902": "46.46",
        "200903": "55.65",
        "200904": "82.33",
        "200905": "77.47",
        "200906": "76.88",
        "200907": "75.84",
        "200908": "63.92",
        "200909": "60.89",
        "200910": "57.09",
        "200911": "59.26",
        "200912": "64.14",
        "201001": "63.50",
        "201002": "56.96",
        "201003": "59.23",
        "201004": "64.25",
        "201005": "58.45",
        "201006": "61.16",
        "201007": "65.77",
        "201008": "64.33",
        "201009": "62.78",
        "201010": "62.86",
        "201011": "68.55",
        "201012": "70.86",
        "201101": "79.94",
        "201102": "72.75",
        "201103": "71.65",
        "201104": "79.46",
        "201105": "86.41",
        "201106": "78.96",
        "201107": "66.98",
        "201108": "60.58",
        "201109": "61.10",
        "201110": "64.69",
        "201111": "66.58",
        "201112": "60.70",
        "201201": "62.51",
        "201202": "69.19",
        "201203": "68.73",
        "201204": "62.66",
        "201205": "59.92",
        "201206": "56.16",
        "201207": "55.05",
        "201208": "55.10",
        "201209": "58.38",
        "201210": "63.57",
        "201211": "62.58",
        "201212": "64.64",
        "201301": "64.43",
        "201302": "62.10",
        "201303": "60.23",
        "201304": "56.05",
        "201305": "57.64",
        "201306": "59.66",
        "201307": "62.07",
        "201308": "61.90",
        "201309": "58.98",
        "201310": "56.80",
        "201311": "54.46",
        "201312": "57.54",
        "201401": "55.81",
        "201402": "53.75",
        "201403": "54.51",
        "201404": "53.77",
        "201405": "51.36",
        "201406": "52.48",
        "201407": "51.47",
        "201408": "46.23",
        "201409": "44.84",
        "201410": "42.93",
        "201411": "42.24",
        "201412": "42.61",
        "201501": "41.86",
        "201502": "41.43",
        "201503": "44.09",
        "201504": "47.65",
        "201505": "49.94",
        "201506": "47.85",
        "201507": "45.31",
        "201508": "38.44",
        "201509": "38.10",
        "201510": "39.63",
        "201511": "39.49",
        "201512": "38.43",
        "201601": "36.73",
        "201602": "37.35",
        "201603": "40.06",
        "201604": "41.37",
        "201605": "39.87",
        "201606": "38.84",
        "201607": "39.59",
        "201608": "37.28",
        "201609": "36.04",
        "201610": "35.52",
        "201611": "34.64",
        "201612": "34.40",
        "201701": "34.52",
        "201702": "35.60",
        "201703": "37.56",
        "201704": "35.94",
        "201705": "35.50",
        "201706": "35.79",
        "201707": "35.22",
        "201708": "34.68",
        "201709": "34.51",
        "201710": "34.04",
        "201711": "34.42",
        "201712": "34.56",
        "201801": "35.37",
        "201802": "34.20",
        "201803": "34.67",
        "201804": "36.17",
        "201805": "36.96",
        "201806": "37.54",
        "201807": "34.95",
        "201808": "34.80",
        "201809": "33.98",
        "201810": "33.35",
        "201811": "34.37",
        "201812": "35.79",
        "201901": "35.18",
        "201902": "35.74",
        "201903": "36.30",
        "201904": "36.82",
        "201905": "36.66",
        "201906": "37.62",
        "201907": "37.60",
        "201908": "35.82",
        "201909": "36.06",
        "201910": "36.83",
        "201911": "38.35",
        "201912": "39.41",
        "202001": "40.09",
        "202002": "36.03",
        "202003": "29.22",
        "202004": "29.17",
        "202005": "32.37",
        "202006": "34.72",
        "202007": "32.17",
        "202008": "29.14",
        "202009": "29.01",
        "202010": "29.15",
        "202011": "30.28",
        "202012": "32.43",
        "202101": "30.20",
        "202102": "34.21",
        "202103": "42.48",
        "202104": "40.22",
        "202105": "35.29",
        "202106": "41.39",
        "202107": "45.32",
        "202108": "41.24",
        "202109": "39.67",
        "202110": "42.85",
        "202111": "45.13",
        "202112": "42.67",
        "202201": "41.25",
        "202202": "52.58",
        "202203": "64.19",
        "202204": "68.75",
        "202205": "66.76",
        "202206": "68.38",
        "202207": "64.02",
        "202208": "60.90",
        "202209": "62.86",
        "202210": "50.99",
        "202211": "51.91",
        "202212": "59.45",
        "202301": "60.75",
        "202302": "65.72",
        "202303": "64.95",
        "202304": "63.64",
        "202305": "72.40",
        "202306": "112.52",
        "202307": "89.74",
        "202308": "76.61",
        "202309": "67.94",
        "202310": "63.86",
        "202311": "72.65",
        "202312": "72.55"
    },
    "quarters": {
        "20011": {
            "year_quarter": 20011,
            "year": 2001,
            "quarter": 1,
            "eps": 0.29,
            "eps_growth_year": -43.14,
            "eps_4q": 1.27,
            "eps_4q_growth_year": null,
            "roe": 2.65,
            "roe_4q": 2.65,
            "gross_profit": 38685,
            "gross_margin": 85.31,
            "gross_margin_4q_avg": 85.31,
            "net_income": 5573,
            "net_income_4q": null,
            "revenue": 45345,
            "revenue_4q": null,
            "common_shares": 189000,
            "book_valuer_per_share": 10.63,
            "book_valuer_per_share_4q_avg": 10.63,
            "equity": 200828,
            "current_ratio": 99.88,
            "debt_ratio": 48,
            "inventory_turnover_ratio": null,
            "account_receivable_turnover_ratio": null,
            "reinvestment_rate": null,
            "research_to_sale_ratio": null,
            "price_fair": 0,
            "eps_avg_yearly": 0,
            "eps_latest_yearly": 0,
            "eps_growth_yearly": 0
        },
        "20012": {
            "year_quarter": 20012,
            "year": 2001,
            "quarter": 2,
            "eps": 0.3,
            "eps_growth_year": 0,
            "eps_4q": 1.29,
            "eps_4q_growth_year": null,
            "roe": 2.78,
            "roe_4q": 5.43,
            "gross_profit": 36197,
            "gross_margin": 87.54,
            "gross_margin_4q_avg": 86.43,
            "net_income": 5662,
            "net_income_4q": null,
            "revenue": 41347,
            "revenue_4q": null,
            "common_shares": 189000,
            "book_valuer_per_share": 10.93,
            "book_valuer_per_share_4q_avg": 10.78,
            "equity": 206490,
            "current_ratio": 97.86,
            "debt_ratio": 54.04,
            "inventory_turnover_ratio": null,
            "account_receivable_turnover_ratio": null,
            "reinvestment_rate": null,
            "research_to_sale_ratio": null,
            "price_fair": 0,
            "eps_avg_yearly": 0,
            "eps_latest_yearly": 0,
            "eps_growth_yearly": 0
        },
        "20013": {
            "year_quarter": 20013,
            "year": 2001,
            "quarter": 3,
            "eps": 0.26,
            "eps_growth_year": -72.92,
            "eps_4q": 0.58,
            "eps_4q_growth_year": null,
            "roe": 2.37,
            "roe_4q": 7.800000000000001,
            "gross_profit": 41124,
            "gross_margin": 97.25,
            "gross_margin_4q_avg": 90.03,
            "net_income": 4954,
            "net_income_4q": null,
            "revenue": 42286,
            "revenue_4q": null,
            "common_shares": 189000,
            "book_valuer_per_share": 11.19,
            "book_valuer_per_share_4q_avg": 10.92,
            "equity": 211444,
            "current_ratio": 102.1,
            "debt_ratio": 41.3,
            "inventory_turnover_ratio": null,
            "account_receivable_turnover_ratio": null,
            "reinvestment_rate": null,
            "research_to_sale_ratio": null,
            "price_fair": 0,
            "eps_avg_yearly": 0,
            "eps_latest_yearly": 0,
            "eps_growth_yearly": 0
        },
        "20014": {
            "year_quarter": 20014,
            "year": 2001,
            "quarter": 4,
            "eps": 0.01,
            "eps_growth_year": null,
            "eps_4q": 0.87,
            "eps_4q_growth_year": -42.12,
            "roe": 0.12,
            "roe_4q": 7.92,
            "gross_profit": 22370,
            "gross_margin": 74.66,
            "gross_margin_4q_avg": 86.19,
            "net_income": 253,
            "net_income_4q": null,
            "revenue": 29963,
            "revenue_4q": null,
            "common_shares": 189000,
            "book_valuer_per_share": 11.2,
            "book_valuer_per_share_4q_avg": 10.99,
            "equity": 212137,
            "current_ratio": 149.72,
            "debt_ratio": 32.32,
            "inventory_turnover_ratio": null,
            "account_receivable_turnover_ratio": null,
            "reinvestment_rate": null,
            "research_to_sale_ratio": null,
            "price_fair": 0,
            "eps_avg_yearly": 0,
            "eps_latest_yearly": 0,
            "eps_growth_yearly": 0
        },
        "20021": {
            "year_quarter": 20021,
            "year": 2002,
            "quarter": 1,
            "eps": 0.13,
            "eps_growth_year": -55.17,
            "eps_4q": 0.71,
            "eps_4q_growth_year": -44.32,
            "roe": 1.15,
            "roe_4q": 6.42,
            "gross_profit": 35621,
            "gross_margin": 86.21,
            "gross_margin_4q_avg": 86.42,
            "net_income": 2455,
            "net_income_4q": null,
            "revenue": 41318,
            "revenue_4q": null,
            "common_shares": 189000,
            "book_valuer_per_share": 11.33,
            "book_valuer_per_share_4q_avg": 11.16,
            "equity": 214153,
            "current_ratio": 104.6,
            "debt_ratio": 39.14,
            "inventory_turnover_ratio": null,
            "account_receivable_turnover_ratio": null,
            "reinvestment_rate": null,
            "research_to_sale_ratio": null,
            "price_fair": 18.2,
            "eps_avg_yearly": 0.52,
            "eps_latest_yearly": 0.52,
            "eps_growth_yearly": 4800
        },
        "20022": {
            "year_quarter": 20022,
            "year": 2002,
            "quarter": 2,
            "eps": -0.02,
            "eps_growth_year": -106.67,
            "eps_4q": 0.38,
            "eps_4q_growth_year": -70.31,
            "roe": -0.2,
            "roe_4q": 3.44,
            "gross_profit": 34634,
            "gross_margin": 85.46,
            "gross_margin_4q_avg": 85.9,
            "net_income": -427,
            "net_income_4q": null,
            "revenue": 40527,
            "revenue_4q": null,
            "common_shares": 189000,
            "book_valuer_per_share": 10.92,
            "book_valuer_per_share_4q_avg": 11.16,
            "equity": 206375,
            "current_ratio": 89.45,
            "debt_ratio": 49.8,
            "inventory_turnover_ratio": null,
            "account_receivable_turnover_ratio": null,
            "reinvestment_rate": null,
            "research_to_sale_ratio": null,
            "price_fair": 18.2,
            "eps_avg_yearly": 0.52,
            "eps_latest_yearly": 0.52,
            "eps_growth_yearly": 4800
        },
        "20023": {
            "year_quarter": 20023,
            "year": 2002,
            "quarter": 3,
            "eps": 0.47,
            "eps_growth_year": 80.77,
            "eps_4q": 0.59,
            "eps_4q_growth_year": 0.98,
            "roe": 4.35,
            "roe_4q": 5.419999999999999,
            "gross_profit": 38321,
            "gross_margin": 82.85,
            "gross_margin_4q_avg": 82.3,
            "net_income": 9182,
            "net_income_4q": null,
            "revenue": 46253,
            "revenue_4q": null,
            "common_shares": 195650,
            "book_valuer_per_share": 11.02,
            "book_valuer_per_share_4q_avg": 11.12,
            "equity": 215557,
            "current_ratio": 90.21,
            "debt_ratio": 39,
            "inventory_turnover_ratio": null,
            "account_receivable_turnover_ratio": null,
            "reinvestment_rate": null,
            "research_to_sale_ratio": null,
            "price_fair": 18.2,
            "eps_avg_yearly": 0.52,
            "eps_latest_yearly": 0.52,
            "eps_growth_yearly": 4800
        },
        "20024": {
            "year_quarter": 20024,
            "year": 2002,
            "quarter": 4,
            "eps": -0.05,
            "eps_growth_year": -600,
            "eps_4q": 0.53,
            "eps_4q_growth_year": -39.01,
            "roe": -0.41,
            "roe_4q": 4.889999999999999,
            "gross_profit": 18406,
            "gross_margin": 80.8,
            "gross_margin_4q_avg": 83.83,
            "net_income": -881,
            "net_income_4q": null,
            "revenue": 22779,
            "revenue_4q": null,
            "common_shares": 195650,
            "book_valuer_per_share": 10.97,
            "book_valuer_per_share_4q_avg": 11.06,
            "equity": 215098,
            "current_ratio": 89.69,
            "debt_ratio": 33.68,
            "inventory_turnover_ratio": null,
            "account_receivable_turnover_ratio": null,
            "reinvestment_rate": null,
            "research_to_sale_ratio": null,
            "price_fair": 18.2,
            "eps_avg_yearly": 0.52,
            "eps_latest_yearly": 0.52,
            "eps_growth_yearly": 4800
        },
        "20031": {
            "year_quarter": 20031,
            "year": 2003,
            "quarter": 1,
            "eps": 0.1,
            "eps_growth_year": -23.08,
            "eps_4q": 0.51,
            "eps_4q_growth_year": -27.64,
            "roe": 0.89,
            "roe_4q": 4.63,
            "gross_profit": 22772,
            "gross_margin": 85.42,
            "gross_margin_4q_avg": 83.63,
            "net_income": 1918,
            "net_income_4q": null,
            "revenue": 26658,
            "revenue_4q": null,
            "common_shares": 195650,
            "book_valuer_per_share": 11.07,
            "book_valuer_per_share_4q_avg": 11,
            "equity": 216594,
            "current_ratio": 81.94,
            "debt_ratio": 33.15,
            "inventory_turnover_ratio": null,
            "account_receivable_turnover_ratio": null,
            "reinvestment_rate": null,
            "research_to_sale_ratio": null,
            "price_fair": 18.2,
            "eps_avg_yearly": 0.52,
            "eps_latest_yearly": 0.52,
            "eps_growth_yearly": 4800
        },
        "20032": {
            "year_quarter": 20032,
            "year": 2003,
            "quarter": 2,
            "eps": -0.28,
            "eps_growth_year": null,
            "eps_4q": 0.24,
            "eps_4q_growth_year": -36.5,
            "roe": -2.66,
            "roe_4q": 2.1699999999999995,
            "gross_profit": 9936,
            "gross_margin": 73.37,
            "gross_margin_4q_avg": 80.61,
            "net_income": -5463,
            "net_income_4q": null,
            "revenue": 13543,
            "revenue_4q": null,
            "common_shares": 195650,
            "book_valuer_per_share": 9.92,
            "book_valuer_per_share_4q_avg": 10.75,
            "equity": 194002,
            "current_ratio": 79.19,
            "debt_ratio": 37.63,
            "inventory_turnover_ratio": null,
            "account_receivable_turnover_ratio": null,
            "reinvestment_rate": null,
            "research_to_sale_ratio": null,
            "price_fair": 18.2,
            "eps_avg_yearly": 0.52,
            "eps_latest_yearly": 0.52,
            "eps_growth_yearly": 4800
        },
        "20033": {
            "year_quarter": 20033,
            "year": 2003,
            "quarter": 3,
            "eps": 0.91,
            "eps_growth_year": 93.62,
            "eps_4q": 0.68,
            "eps_4q_growth_year": 16.57,
            "roe": 8.78,
            "roe_4q": 6.599999999999999,
            "gross_profit": 41357,
            "gross_margin": 89.87,
            "gross_margin_4q_avg": 82.37,
            "net_income": 17821,
            "net_income_4q": null,
            "revenue": 46019,
            "revenue_4q": null,
            "common_shares": 195650,
            "book_valuer_per_share": 10.83,
            "book_valuer_per_share_4q_avg": 10.7,
            "equity": 211823,
            "current_ratio": 93.42,
            "debt_ratio": 44.12,
            "inventory_turnover_ratio": null,
            "account_receivable_turnover_ratio": null,
            "reinvestment_rate": null,
            "research_to_sale_ratio": null,
            "price_fair": 18.2,
            "eps_avg_yearly": 0.52,
            "eps_latest_yearly": 0.52,
            "eps_growth_yearly": 4800
        },
        "20034": {
            "year_quarter": 20034,
            "year": 2003,
            "quarter": 4,
            "eps": -0.13,
            "eps_growth_year": null,
            "eps_4q": 0.62,
            "eps_4q_growth_year": 16.95,
            "roe": -1.13,
            "roe_4q": 5.879999999999999,
            "gross_profit": 28438,
            "gross_margin": 87.32,
            "gross_margin_4q_avg": 84,
            "net_income": -2388,
            "net_income_4q": null,
            "revenue": 32569,
            "revenue_4q": null,
            "common_shares": 195650,
            "book_valuer_per_share": 10.7,
            "book_valuer_per_share_4q_avg": 10.63,
            "equity": 209771,
            "current_ratio": 92.99,
            "debt_ratio": 44.12,
            "inventory_turnover_ratio": null,
            "account_receivable_turnover_ratio": null,
            "reinvestment_rate": 1.38,
            "research_to_sale_ratio": null,
            "price_fair": 18.2,
            "eps_avg_yearly": 0.52,
            "eps_latest_yearly": 0.52,
            "eps_growth_yearly": 4800
        },
        "20041": {
            "year_quarter": 20041,
            "year": 2004,
            "quarter": 1,
            "eps": 0.56,
            "eps_growth_year": 460,
            "eps_4q": 1.09,
            "eps_4q_growth_year": 112.95,
            "roe": 4.86,
            "roe_4q": 9.85,
            "gross_profit": 32618,
            "gross_margin": 90.36,
            "gross_margin_4q_avg": 85.23,
            "net_income": 10591,
            "net_income_4q": null,
            "revenue": 36096,
            "revenue_4q": null,
            "common_shares": 195650,
            "book_valuer_per_share": 11.55,
            "book_valuer_per_share_4q_avg": 10.75,
            "equity": 225993,
            "current_ratio": 102.92,
            "debt_ratio": 42.3,
            "inventory_turnover_ratio": null,
            "account_receivable_turnover_ratio": null,
            "reinvestment_rate": -10.84,
            "research_to_sale_ratio": null,
            "price_fair": 18.2,
            "eps_avg_yearly": 0.52,
            "eps_latest_yearly": 0.52,
            "eps_growth_yearly": 4800
        },
        "20042": {
            "year_quarter": 20042,
            "year": 2004,
            "quarter": 2,
            "eps": 0.95,
            "eps_growth_year": null,
            "eps_4q": 2.3,
            "eps_4q_growth_year": 846.17,
            "roe": 7.8,
            "roe_4q": 20.310000000000002,
            "gross_profit": 46044,
            "gross_margin": 90.28,
            "gross_margin_4q_avg": 89.46,
            "net_income": 18313,
            "net_income_4q": null,
            "revenue": 51000,
            "revenue_4q": null,
            "common_shares": 195650,
            "book_valuer_per_share": 12.45,
            "book_valuer_per_share_4q_avg": 11.38,
            "equity": 243673,
            "current_ratio": 104.15,
            "debt_ratio": 48.62,
            "inventory_turnover_ratio": null,
            "account_receivable_turnover_ratio": null,
            "reinvestment_rate": -10.37,
            "research_to_sale_ratio": null,
            "price_fair": 75.6,
            "eps_avg_yearly": 2.16,
            "eps_latest_yearly": 3.8,
            "eps_growth_yearly": 2539.29
        },
        "20043": {
            "year_quarter": 20043,
            "year": 2004,
            "quarter": 3,
            "eps": 1.39,
            "eps_growth_year": 52.75,
            "eps_4q": 2.68,
            "eps_4q_growth_year": 291.68,
            "roe": 11.16,
            "roe_4q": 22.69,
            "gross_profit": 55846,
            "gross_margin": 88.1,
            "gross_margin_4q_avg": 89.02,
            "net_income": 28592,
            "net_income_4q": null,
            "revenue": 63387,
            "revenue_4q": null,
            "common_shares": 207660,
            "book_valuer_per_share": 12.94,
            "book_valuer_per_share_4q_avg": 11.91,
            "equity": 268798,
            "current_ratio": 107.14,
            "debt_ratio": 40.95,
            "inventory_turnover_ratio": null,
            "account_receivable_turnover_ratio": null,
            "reinvestment_rate": -10.52,
            "research_to_sale_ratio": null,
            "price_fair": 115.27,
            "eps_avg_yearly": 3.29,
            "eps_latest_yearly": 5.56,
            "eps_growth_yearly": 1754.61
        },
        "20044": {
            "year_quarter": 20044,
            "year": 2004,
            "quarter": 4,
            "eps": -0.34,
            "eps_growth_year": null,
            "eps_4q": 2.38,
            "eps_4q_growth_year": 284.26,
            "roe": -2.57,
            "roe_4q": 21.25,
            "gross_profit": 20199,
            "gross_margin": 1.83,
            "gross_margin_4q_avg": 67.64,
            "net_income": -7070,
            "net_income_4q": null,
            "revenue": 1104878,
            "revenue_4q": null,
            "common_shares": 207660,
            "book_valuer_per_share": 12.6,
            "book_valuer_per_share_4q_avg": 12.39,
            "equity": 281283,
            "current_ratio": 134.63,
            "debt_ratio": 38.83,
            "inventory_turnover_ratio": null,
            "account_receivable_turnover_ratio": null,
            "reinvestment_rate": -23.21,
            "research_to_sale_ratio": null,
            "price_fair": 115.27,
            "eps_avg_yearly": 3.29,
            "eps_latest_yearly": 5.56,
            "eps_growth_yearly": 1754.61
        },
        "20051": {
            "year_quarter": 20051,
            "year": 2005,
            "quarter": 1,
            "eps": -0.41,
            "eps_growth_year": -173.21,
            "eps_4q": 1.53,
            "eps_4q_growth_year": 41.05,
            "roe": -3.14,
            "roe_4q": 13.25,
            "gross_profit": 40352,
            "gross_margin": 13.08,
            "gross_margin_4q_avg": 48.32,
            "net_income": -8404,
            "net_income_4q": null,
            "revenue": 308512,
            "revenue_4q": null,
            "common_shares": 207660,
            "book_valuer_per_share": 12.21,
            "book_valuer_per_share_4q_avg": 12.55,
            "equity": 253583,
            "current_ratio": 121.36,
            "debt_ratio": 44.25,
            "inventory_turnover_ratio": null,
            "account_receivable_turnover_ratio": null,
            "reinvestment_rate": -51.54,
            "research_to_sale_ratio": null,
            "price_fair": 115.27,
            "eps_avg_yearly": 3.29,
            "eps_latest_yearly": 5.56,
            "eps_growth_yearly": 1754.61
        },
        "20052": {
            "year_quarter": 20052,
            "year": 2005,
            "quarter": 2,
            "eps": 1.81,
            "eps_growth_year": 90.53,
            "eps_4q": 2.45,
            "eps_4q_growth_year": 6.33,
            "roe": 14.32,
            "roe_4q": 19.77,
            "gross_profit": 53390,
            "gross_margin": 14.7,
            "gross_margin_4q_avg": 29.43,
            "net_income": 37357,
            "net_income_4q": null,
            "revenue": 363248,
            "revenue_4q": null,
            "common_shares": 207660,
            "book_valuer_per_share": 12.91,
            "book_valuer_per_share_4q_avg": 12.67,
            "equity": 268174,
            "current_ratio": 114.82,
            "debt_ratio": 54.82,
            "inventory_turnover_ratio": null,
            "account_receivable_turnover_ratio": null,
            "reinvestment_rate": -34.09,
            "research_to_sale_ratio": null,
            "price_fair": 115.27,
            "eps_avg_yearly": 3.29,
            "eps_latest_yearly": 5.56,
            "eps_growth_yearly": 1754.61
        },
        "20053": {
            "year_quarter": 20053,
            "year": 2005,
            "quarter": 3,
            "eps": 1.15,
            "eps_growth_year": -17.27,
            "eps_4q": 2.12,
            "eps_4q_growth_year": -20.8,
            "roe": 9.34,
            "roe_4q": 17.95,
            "gross_profit": 57492,
            "gross_margin": 10.16,
            "gross_margin_4q_avg": 9.94,
            "net_income": 25895,
            "net_income_4q": null,
            "revenue": 566098,
            "revenue_4q": null,
            "common_shares": 226286,
            "book_valuer_per_share": 12.64,
            "book_valuer_per_share_4q_avg": 12.59,
            "equity": 286039,
            "current_ratio": 120.48,
            "debt_ratio": 47.01,
            "inventory_turnover_ratio": null,
            "account_receivable_turnover_ratio": null,
            "reinvestment_rate": -26.02,
            "research_to_sale_ratio": null,
            "price_fair": 126.7,
            "eps_avg_yearly": 3.62,
            "eps_latest_yearly": 4.6,
            "eps_growth_yearly": 1279.49
        },
        "20054": {
            "year_quarter": 20054,
            "year": 2005,
            "quarter": 4,
            "eps": 0.1,
            "eps_growth_year": null,
            "eps_4q": 2.45,
            "eps_4q_growth_year": 3.17,
            "roe": 0.76,
            "roe_4q": 21.28,
            "gross_profit": 33362,
            "gross_margin": 10.68,
            "gross_margin_4q_avg": 12.16,
            "net_income": 2330,
            "net_income_4q": null,
            "revenue": 312468,
            "revenue_4q": null,
            "common_shares": 226286,
            "book_valuer_per_share": 12.52,
            "book_valuer_per_share_4q_avg": 12.57,
            "equity": 330261,
            "current_ratio": 134,
            "debt_ratio": 45.81,
            "inventory_turnover_ratio": null,
            "account_receivable_turnover_ratio": null,
            "reinvestment_rate": -17.98,
            "research_to_sale_ratio": null,
            "price_fair": 104.16,
            "eps_avg_yearly": 2.98,
            "eps_latest_yearly": 0.4,
            "eps_growth_yearly": 950.55
        },
        "20061": {
            "year_quarter": 20061,
            "year": 2006,
            "quarter": 1,
            "eps": 0.61,
            "eps_growth_year": null,
            "eps_4q": 3.58,
            "eps_4q_growth_year": 133.16,
            "roe": 4.28,
            "roe_4q": 28.7,
            "gross_profit": 38993,
            "gross_margin": 12.1,
            "gross_margin_4q_avg": 11.91,
            "net_income": 13491,
            "net_income_4q": null,
            "revenue": 322255,
            "revenue_4q": null,
            "common_shares": 226286,
            "book_valuer_per_share": 13.25,
            "book_valuer_per_share_4q_avg": 12.83,
            "equity": 299928,
            "current_ratio": 117.16,
            "debt_ratio": 44.61,
            "inventory_turnover_ratio": null,
            "account_receivable_turnover_ratio": null,
            "reinvestment_rate": -26.16,
            "research_to_sale_ratio": null,
            "price_fair": 117.6,
            "eps_avg_yearly": 3.36,
            "eps_latest_yearly": 2.44,
            "eps_growth_yearly": 398.55
        },
        "20062": {
            "year_quarter": 20062,
            "year": 2006,
            "quarter": 2,
            "eps": 0.64,
            "eps_growth_year": -64.64,
            "eps_4q": 2.35,
            "eps_4q_growth_year": -4.05,
            "roe": 5.27,
            "roe_4q": 19.65,
            "gross_profit": 51279,
            "gross_margin": 11.03,
            "gross_margin_4q_avg": 10.99,
            "net_income": 15645,
            "net_income_4q": null,
            "revenue": 464831,
            "revenue_4q": null,
            "common_shares": 226286,
            "book_valuer_per_share": 13,
            "book_valuer_per_share_4q_avg": 12.85,
            "equity": 294198,
            "current_ratio": 109.49,
            "debt_ratio": 58.58,
            "inventory_turnover_ratio": null,
            "account_receivable_turnover_ratio": null,
            "reinvestment_rate": -22.7,
            "research_to_sale_ratio": null,
            "price_fair": 112.93,
            "eps_avg_yearly": 3.23,
            "eps_latest_yearly": 2.56,
            "eps_growth_yearly": 335.41
        },
        "20063": {
            "year_quarter": 20063,
            "year": 2006,
            "quarter": 3,
            "eps": 0.55,
            "eps_growth_year": -52.17,
            "eps_4q": 1.83,
            "eps_4q_growth_year": -13.68,
            "roe": 4.47,
            "roe_4q": 14.78,
            "gross_profit": 57105,
            "gross_margin": 7.61,
            "gross_margin_4q_avg": 10.36,
            "net_income": 13503,
            "net_income_4q": null,
            "revenue": 750061,
            "revenue_4q": null,
            "common_shares": 248606,
            "book_valuer_per_share": 12.48,
            "book_valuer_per_share_4q_avg": 12.81,
            "equity": 310293,
            "current_ratio": 102.73,
            "debt_ratio": 53.89,
            "inventory_turnover_ratio": null,
            "account_receivable_turnover_ratio": null,
            "reinvestment_rate": -21.59,
            "research_to_sale_ratio": null,
            "price_fair": 107.8,
            "eps_avg_yearly": 3.08,
            "eps_latest_yearly": 2.2,
            "eps_growth_yearly": 279.45
        },
        "20064": {
            "year_quarter": 20064,
            "year": 2006,
            "quarter": 4,
            "eps": 0.49,
            "eps_growth_year": 390,
            "eps_4q": 2.24,
            "eps_4q_growth_year": -8.71,
            "roe": 3.76,
            "roe_4q": 17.78,
            "gross_profit": 53634,
            "gross_margin": 10.33,
            "gross_margin_4q_avg": 10.27,
            "net_income": 11938,
            "net_income_4q": null,
            "revenue": 518960,
            "revenue_4q": null,
            "common_shares": 248606,
            "book_valuer_per_share": 13.03,
            "book_valuer_per_share_4q_avg": 12.94,
            "equity": 324544,
            "current_ratio": 101.21,
            "debt_ratio": 56.92,
            "inventory_turnover_ratio": null,
            "account_receivable_turnover_ratio": null,
            "reinvestment_rate": -19.4,
            "research_to_sale_ratio": null,
            "price_fair": 102.9,
            "eps_avg_yearly": 2.94,
            "eps_latest_yearly": 1.96,
            "eps_growth_yearly": 239.07
        },
        "20071": {
            "year_quarter": 20071,
            "year": 2007,
            "quarter": 1,
            "eps": 0.81,
            "eps_growth_year": 32.79,
            "eps_4q": 2.48,
            "eps_4q_growth_year": -30.67,
            "roe": 5.94,
            "roe_4q": 19.439999999999998,
            "gross_profit": 52817,
            "gross_margin": 10.35,
            "gross_margin_4q_avg": 9.83,
            "net_income": 19942,
            "net_income_4q": null,
            "revenue": 510536,
            "revenue_4q": null,
            "common_shares": 248606,
            "book_valuer_per_share": 13.95,
            "book_valuer_per_share_4q_avg": 13.12,
            "equity": 346916,
            "current_ratio": 81.33,
            "debt_ratio": 52.27,
            "inventory_turnover_ratio": null,
            "account_receivable_turnover_ratio": null,
            "reinvestment_rate": -18.38,
            "research_to_sale_ratio": null,
            "price_fair": 104.07,
            "eps_avg_yearly": 2.97,
            "eps_latest_yearly": 3.24,
            "eps_growth_yearly": 241.53
        },
        "20072": {
            "year_quarter": 20072,
            "year": 2007,
            "quarter": 2,
            "eps": 0.19,
            "eps_growth_year": -70.31,
            "eps_4q": 1.84,
            "eps_4q_growth_year": -21.47,
            "roe": 1.25,
            "roe_4q": 15.419999999999998,
            "gross_profit": 46056,
            "gross_margin": 9.33,
            "gross_margin_4q_avg": 9.41,
            "net_income": 5217,
            "net_income_4q": null,
            "revenue": 493594,
            "revenue_4q": null,
            "common_shares": 278606,
            "book_valuer_per_share": 17.61,
            "book_valuer_per_share_4q_avg": 14.27,
            "equity": 490669,
            "current_ratio": 116.6,
            "debt_ratio": 49.97,
            "inventory_turnover_ratio": null,
            "account_receivable_turnover_ratio": null,
            "reinvestment_rate": -11.2,
            "research_to_sale_ratio": null,
            "price_fair": 96.32,
            "eps_avg_yearly": 2.75,
            "eps_latest_yearly": 0.76,
            "eps_growth_yearly": 186.76
        },
        "20073": {
            "year_quarter": 20073,
            "year": 2007,
            "quarter": 3,
            "eps": 0.85,
            "eps_growth_year": 54.55,
            "eps_4q": 2.12,
            "eps_4q_growth_year": 15.72,
            "roe": 4.94,
            "roe_4q": 15.89,
            "gross_profit": 62719,
            "gross_margin": 8.34,
            "gross_margin_4q_avg": 9.59,
            "net_income": 24836,
            "net_income_4q": null,
            "revenue": 751989,
            "revenue_4q": null,
            "common_shares": 306379,
            "book_valuer_per_share": 16.79,
            "book_valuer_per_share_4q_avg": 15.35,
            "equity": 514313,
            "current_ratio": 134.15,
            "debt_ratio": 40.54,
            "inventory_turnover_ratio": null,
            "account_receivable_turnover_ratio": null,
            "reinvestment_rate": -11.46,
            "research_to_sale_ratio": null,
            "price_fair": 98.38,
            "eps_avg_yearly": 2.81,
            "eps_latest_yearly": 3.4,
            "eps_growth_yearly": 296.1
        },
        "20074": {
            "year_quarter": 20074,
            "year": 2007,
            "quarter": 4,
            "eps": 0.54,
            "eps_growth_year": 10.2,
            "eps_4q": 2.26,
            "eps_4q_growth_year": 1.09,
            "roe": 3.18,
            "roe_4q": 15.310000000000002,
            "gross_profit": 46305,
            "gross_margin": 11.03,
            "gross_margin_4q_avg": 9.76,
            "net_income": 15655,
            "net_income_4q": null,
            "revenue": 419703,
            "revenue_4q": null,
            "common_shares": 306379,
            "book_valuer_per_share": 15.26,
            "book_valuer_per_share_4q_avg": 15.9,
            "equity": 470798,
            "current_ratio": 121.84,
            "debt_ratio": 45.93,
            "inventory_turnover_ratio": null,
            "account_receivable_turnover_ratio": null,
            "reinvestment_rate": 1.74,
            "research_to_sale_ratio": null,
            "price_fair": 96.48,
            "eps_avg_yearly": 2.76,
            "eps_latest_yearly": 2.16,
            "eps_growth_yearly": 259.27
        },
        "20081": {
            "year_quarter": 20081,
            "year": 2008,
            "quarter": 1,
            "eps": 0.54,
            "eps_growth_year": -33.33,
            "eps_4q": 1.98,
            "eps_4q_growth_year": -19.93,
            "roe": 3.39,
            "roe_4q": 12.760000000000002,
            "gross_profit": 84738,
            "gross_margin": 16.45,
            "gross_margin_4q_avg": 11.29,
            "net_income": 16774,
            "net_income_4q": null,
            "revenue": 515238,
            "revenue_4q": null,
            "common_shares": 306379,
            "book_valuer_per_share": 16.83,
            "book_valuer_per_share_4q_avg": 16.62,
            "equity": 519615,
            "current_ratio": 129.06,
            "debt_ratio": 46.31,
            "inventory_turnover_ratio": null,
            "account_receivable_turnover_ratio": null,
            "reinvestment_rate": 1.52,
            "research_to_sale_ratio": null,
            "price_fair": 94.88,
            "eps_avg_yearly": 2.71,
            "eps_latest_yearly": 2.16,
            "eps_growth_yearly": 239.32
        },
        "20082": {
            "year_quarter": 20082,
            "year": 2008,
            "quarter": 2,
            "eps": 0.81,
            "eps_growth_year": 326.32,
            "eps_4q": 2.66,
            "eps_4q_growth_year": 44.33,
            "roe": 4.81,
            "roe_4q": 16.32,
            "gross_profit": 83858,
            "gross_margin": 17.09,
            "gross_margin_4q_avg": 13.23,
            "net_income": 24877,
            "net_income_4q": null,
            "revenue": 490589,
            "revenue_4q": null,
            "common_shares": 306379,
            "book_valuer_per_share": 15.92,
            "book_valuer_per_share_4q_avg": 16.2,
            "equity": 515116,
            "current_ratio": 116.45,
            "debt_ratio": 59.29,
            "inventory_turnover_ratio": null,
            "account_receivable_turnover_ratio": null,
            "reinvestment_rate": 2.75,
            "research_to_sale_ratio": null,
            "price_fair": 93.37,
            "eps_avg_yearly": 2.67,
            "eps_latest_yearly": 3.24,
            "eps_growth_yearly": 233.28
        },
        "20083": {
            "year_quarter": 20083,
            "year": 2008,
            "quarter": 3,
            "eps": 0.64,
            "eps_growth_year": -24.71,
            "eps_4q": 2.08,
            "eps_4q_growth_year": -1.82,
            "roe": 3.97,
            "roe_4q": 15.35,
            "gross_profit": 91104,
            "gross_margin": 13.46,
            "gross_margin_4q_avg": 14.51,
            "net_income": 23716,
            "net_income_4q": null,
            "revenue": 677103,
            "revenue_4q": null,
            "common_shares": 351307,
            "book_valuer_per_share": 18.45,
            "book_valuer_per_share_4q_avg": 16.62,
            "equity": 678410,
            "current_ratio": 141.15,
            "debt_ratio": 48.79,
            "inventory_turnover_ratio": null,
            "account_receivable_turnover_ratio": null,
            "reinvestment_rate": 5.7,
            "research_to_sale_ratio": null,
            "price_fair": 85.29,
            "eps_avg_yearly": 2.44,
            "eps_latest_yearly": 2.56,
            "eps_growth_yearly": 212.57
        },
        "20084": {
            "year_quarter": 20084,
            "year": 2008,
            "quarter": 4,
            "eps": 0.46,
            "eps_growth_year": -14.81,
            "eps_4q": 2.18,
            "eps_4q_growth_year": -3.81,
            "roe": 2.39,
            "roe_4q": 14.56,
            "gross_profit": 80061,
            "gross_margin": 16.75,
            "gross_margin_4q_avg": 15.94,
            "net_income": 16076,
            "net_income_4q": null,
            "revenue": 478039,
            "revenue_4q": null,
            "common_shares": 351307,
            "book_valuer_per_share": 18.08,
            "book_valuer_per_share_4q_avg": 17.32,
            "equity": 667273,
            "current_ratio": 146.83,
            "debt_ratio": 43.33,
            "inventory_turnover_ratio": null,
            "account_receivable_turnover_ratio": 6.31,
            "reinvestment_rate": 9.59,
            "research_to_sale_ratio": null,
            "price_fair": 83.8,
            "eps_avg_yearly": 2.39,
            "eps_latest_yearly": 1.84,
            "eps_growth_yearly": 189.35
        },
        "20091": {
            "year_quarter": 20091,
            "year": 2009,
            "quarter": 1,
            "eps": 1.03,
            "eps_growth_year": 90.74,
            "eps_4q": 2.68,
            "eps_4q_growth_year": 34.94,
            "roe": 5.32,
            "roe_4q": 16.490000000000002,
            "gross_profit": 90602,
            "gross_margin": 21.29,
            "gross_margin_4q_avg": 17.15,
            "net_income": 36555,
            "net_income_4q": null,
            "revenue": 425620,
            "revenue_4q": null,
            "common_shares": 351307,
            "book_valuer_per_share": 19.14,
            "book_valuer_per_share_4q_avg": 17.9,
            "equity": 706602,
            "current_ratio": 158.95,
            "debt_ratio": 40.74,
            "inventory_turnover_ratio": null,
            "account_receivable_turnover_ratio": 2.48,
            "reinvestment_rate": 14.51,
            "research_to_sale_ratio": null,
            "price_fair": 87.83,
            "eps_avg_yearly": 2.51,
            "eps_latest_yearly": 4.12,
            "eps_growth_yearly": 209.77
        },
        "20092": {
            "year_quarter": 20092,
            "year": 2009,
            "quarter": 2,
            "eps": 0.15,
            "eps_growth_year": -81.48,
            "eps_4q": 2.03,
            "eps_4q_growth_year": -23.65,
            "roe": 0.8,
            "roe_4q": 12.48,
            "gross_profit": 54383,
            "gross_margin": 17.32,
            "gross_margin_4q_avg": 17.21,
            "net_income": 5535,
            "net_income_4q": null,
            "revenue": 313927,
            "revenue_4q": null,
            "common_shares": 351307,
            "book_valuer_per_share": 18.37,
            "book_valuer_per_share_4q_avg": 18.51,
            "equity": 678581,
            "current_ratio": 157.32,
            "debt_ratio": 43.93,
            "inventory_turnover_ratio": null,
            "account_receivable_turnover_ratio": 1.77,
            "reinvestment_rate": 15.62,
            "research_to_sale_ratio": null,
            "price_fair": 83.65,
            "eps_avg_yearly": 2.39,
            "eps_latest_yearly": 0.6,
            "eps_growth_yearly": 175.3
        },
        "20093": {
            "year_quarter": 20093,
            "year": 2009,
            "quarter": 3,
            "eps": 0.46,
            "eps_growth_year": -28.12,
            "eps_4q": 1.94,
            "eps_4q_growth_year": -6.86,
            "roe": 2.42,
            "roe_4q": 10.93,
            "gross_profit": 82281,
            "gross_margin": 15.15,
            "gross_margin_4q_avg": 17.63,
            "net_income": 16811,
            "net_income_4q": null,
            "revenue": 543264,
            "revenue_4q": null,
            "common_shares": 368172,
            "book_valuer_per_share": 18.41,
            "book_valuer_per_share_4q_avg": 18.5,
            "equity": 710472,
            "current_ratio": 169.46,
            "debt_ratio": 40.82,
            "inventory_turnover_ratio": null,
            "account_receivable_turnover_ratio": 3.43,
            "reinvestment_rate": 16.86,
            "research_to_sale_ratio": null,
            "price_fair": 77.61,
            "eps_avg_yearly": 2.22,
            "eps_latest_yearly": 1.84,
            "eps_growth_yearly": 236.08
        },
        "20094": {
            "year_quarter": 20094,
            "year": 2009,
            "quarter": 4,
            "eps": 0.59,
            "eps_growth_year": 28.26,
            "eps_4q": 2,
            "eps_4q_growth_year": -8.05,
            "roe": 2.8,
            "roe_4q": 11.34,
            "gross_profit": 38208,
            "gross_margin": 10.29,
            "gross_margin_4q_avg": 16.01,
            "net_income": 22266,
            "net_income_4q": null,
            "revenue": 371370,
            "revenue_4q": null,
            "common_shares": 398172,
            "book_valuer_per_share": 21.95,
            "book_valuer_per_share_4q_avg": 19.47,
            "equity": 879833,
            "current_ratio": 187.34,
            "debt_ratio": 40.01,
            "inventory_turnover_ratio": null,
            "account_receivable_turnover_ratio": 3.69,
            "reinvestment_rate": 32.42,
            "research_to_sale_ratio": null,
            "price_fair": 81.9,
            "eps_avg_yearly": 2.34,
            "eps_latest_yearly": 2.36,
            "eps_growth_yearly": 265.97
        },
        "20101": {
            "year_quarter": 20101,
            "year": 2010,
            "quarter": 1,
            "eps": 1.32,
            "eps_growth_year": 28.16,
            "eps_4q": 2.4,
            "eps_4q_growth_year": -10.24,
            "roe": 5.71,
            "roe_4q": 11.73,
            "gross_profit": 105504,
            "gross_margin": 17.17,
            "gross_margin_4q_avg": 14.98,
            "net_income": 52206,
            "net_income_4q": null,
            "revenue": 614319,
            "revenue_4q": null,
            "common_shares": 398172,
            "book_valuer_per_share": 23.55,
            "book_valuer_per_share_4q_avg": 20.57,
            "equity": 949310,
            "current_ratio": 213.95,
            "debt_ratio": 34.12,
            "inventory_turnover_ratio": null,
            "account_receivable_turnover_ratio": 2.51,
            "reinvestment_rate": 33.22,
            "research_to_sale_ratio": null,
            "price_fair": 88.11,
            "eps_avg_yearly": 2.52,
            "eps_latest_yearly": 5.28,
            "eps_growth_yearly": 169.41
        },
        "20102": {
            "year_quarter": 20102,
            "year": 2010,
            "quarter": 2,
            "eps": 0.5,
            "eps_growth_year": 232.14,
            "eps_4q": 2.72,
            "eps_4q_growth_year": 34.1,
            "roe": 2.29,
            "roe_4q": 13.22,
            "gross_profit": 64634,
            "gross_margin": 11.88,
            "gross_margin_4q_avg": 13.62,
            "net_income": 21007,
            "net_income_4q": null,
            "revenue": 543882,
            "revenue_4q": null,
            "common_shares": 398172,
            "book_valuer_per_share": 21.45,
            "book_valuer_per_share_4q_avg": 21.34,
            "equity": 886615,
            "current_ratio": 155.2,
            "debt_ratio": 49.68,
            "inventory_turnover_ratio": null,
            "account_receivable_turnover_ratio": 1.97,
            "reinvestment_rate": 44.82,
            "research_to_sale_ratio": null,
            "price_fair": 86.89,
            "eps_avg_yearly": 2.48,
            "eps_latest_yearly": 2,
            "eps_growth_yearly": 152.65
        },
        "20103": {
            "year_quarter": 20103,
            "year": 2010,
            "quarter": 3,
            "eps": 1.9,
            "eps_growth_year": 312.98,
            "eps_4q": 4.27,
            "eps_4q_growth_year": 120.06,
            "roe": 8.58,
            "roe_4q": 19.380000000000003,
            "gross_profit": 107553,
            "gross_margin": 9.87,
            "gross_margin_4q_avg": 12.3,
            "net_income": 79630,
            "net_income_4q": null,
            "revenue": 1090177,
            "revenue_4q": null,
            "common_shares": 398172,
            "book_valuer_per_share": 24.23,
            "book_valuer_per_share_4q_avg": 22.8,
            "equity": 970354,
            "current_ratio": 179.23,
            "debt_ratio": 41.5,
            "inventory_turnover_ratio": null,
            "account_receivable_turnover_ratio": 4.02,
            "reinvestment_rate": 39.62,
            "research_to_sale_ratio": null,
            "price_fair": 98.7,
            "eps_avg_yearly": 2.82,
            "eps_latest_yearly": 7.6,
            "eps_growth_yearly": 226.16
        },
        "20104": {
            "year_quarter": 20104,
            "year": 2010,
            "quarter": 4,
            "eps": 1.77,
            "eps_growth_year": 199.92,
            "eps_4q": 5.47,
            "eps_4q_growth_year": 172.9,
            "roe": 6.75,
            "roe_4q": 23.330000000000002,
            "gross_profit": 121242,
            "gross_margin": 75.16,
            "gross_margin_4q_avg": 28.52,
            "net_income": 68860,
            "net_income_4q": null,
            "revenue": 161321,
            "revenue_4q": null,
            "common_shares": 398172,
            "book_valuer_per_share": 25.75,
            "book_valuer_per_share_4q_avg": 23.75,
            "equity": 1068632,
            "current_ratio": 188.26,
            "debt_ratio": 34.74,
            "inventory_turnover_ratio": null,
            "account_receivable_turnover_ratio": 0.64,
            "reinvestment_rate": 61.67,
            "research_to_sale_ratio": null,
            "price_fair": 109.9,
            "eps_avg_yearly": 3.14,
            "eps_latest_yearly": 7.08,
            "eps_growth_yearly": 227.18
        },
        "20111": {
            "year_quarter": 20111,
            "year": 2011,
            "quarter": 1,
            "eps": 0.65,
            "eps_growth_year": -50.76,
            "eps_4q": 4.72,
            "eps_4q_growth_year": 96.29,
            "roe": 2.34,
            "roe_4q": 19.96,
            "gross_profit": 88462,
            "gross_margin": 17.3,
            "gross_margin_4q_avg": 28.55,
            "net_income": 25532,
            "net_income_4q": null,
            "revenue": 511463,
            "revenue_4q": null,
            "common_shares": 398172,
            "book_valuer_per_share": 26.74,
            "book_valuer_per_share_4q_avg": 24.54,
            "equity": 1115682,
            "current_ratio": 185.01,
            "debt_ratio": 36.29,
            "inventory_turnover_ratio": null,
            "account_receivable_turnover_ratio": 1.95,
            "reinvestment_rate": 59.52,
            "research_to_sale_ratio": null,
            "price_fair": 108.5,
            "eps_avg_yearly": 3.1,
            "eps_latest_yearly": 2.6,
            "eps_growth_yearly": 195.03
        },
        "20112": {
            "year_quarter": 20112,
            "year": 2011,
            "quarter": 2,
            "eps": 0.79,
            "eps_growth_year": 57.66,
            "eps_4q": 3.5,
            "eps_4q_growth_year": 28.67,
            "roe": 4.24,
            "roe_4q": 21.91,
            "gross_profit": 103128,
            "gross_margin": 14.48,
            "gross_margin_4q_avg": 29.2,
            "net_income": 48051,
            "net_income_4q": null,
            "revenue": 712039,
            "revenue_4q": null,
            "common_shares": 614565,
            "book_valuer_per_share": 17.88,
            "book_valuer_per_share_4q_avg": 23.65,
            "equity": 1151735,
            "current_ratio": 190,
            "debt_ratio": 38.68,
            "inventory_turnover_ratio": null,
            "account_receivable_turnover_ratio": 2.35,
            "reinvestment_rate": 39.59,
            "research_to_sale_ratio": null,
            "price_fair": 113.75,
            "eps_avg_yearly": 3.25,
            "eps_latest_yearly": 3.16,
            "eps_growth_yearly": 219.55
        },
        "20113": {
            "year_quarter": 20113,
            "year": 2011,
            "quarter": 3,
            "eps": 1.63,
            "eps_growth_year": -14.21,
            "eps_4q": 3.92,
            "eps_4q_growth_year": -8.03,
            "roe": 8.43,
            "roe_4q": 21.759999999999998,
            "gross_profit": 144898,
            "gross_margin": 13.49,
            "gross_margin_4q_avg": 30.11,
            "net_income": 100470,
            "net_income_4q": null,
            "revenue": 1074273,
            "revenue_4q": null,
            "common_shares": 614565,
            "book_valuer_per_share": 19.16,
            "book_valuer_per_share_4q_avg": 22.38,
            "equity": 1232662,
            "current_ratio": 235.51,
            "debt_ratio": 31.58,
            "inventory_turnover_ratio": null,
            "account_receivable_turnover_ratio": 4.2,
            "reinvestment_rate": 36.37,
            "research_to_sale_ratio": null,
            "price_fair": 120.58,
            "eps_avg_yearly": 3.45,
            "eps_latest_yearly": 6.52,
            "eps_growth_yearly": 159.29
        },
        "20114": {
            "year_quarter": 20114,
            "year": 2011,
            "quarter": 4,
            "eps": 0.13,
            "eps_growth_year": -92.64,
            "eps_4q": 2.91,
            "eps_4q_growth_year": -46.67,
            "roe": 0.68,
            "roe_4q": 15.69,
            "gross_profit": 65360,
            "gross_margin": 11.74,
            "gross_margin_4q_avg": 14.25,
            "net_income": 8443,
            "net_income_4q": null,
            "revenue": 556760,
            "revenue_4q": null,
            "common_shares": 614565,
            "book_valuer_per_share": 19.23,
            "book_valuer_per_share_4q_avg": 20.75,
            "equity": 1237398,
            "current_ratio": 242.68,
            "debt_ratio": 30.41,
            "inventory_turnover_ratio": null,
            "account_receivable_turnover_ratio": 2.35,
            "reinvestment_rate": 33.8,
            "research_to_sale_ratio": null,
            "price_fair": 116.99,
            "eps_avg_yearly": 3.34,
            "eps_latest_yearly": 0.52,
            "eps_growth_yearly": 145.41
        },
        "20121": {
            "year_quarter": 20121,
            "year": 2012,
            "quarter": 1,
            "eps": 0.76,
            "eps_growth_year": 16.92,
            "eps_4q": 3.31,
            "eps_4q_growth_year": -29.85,
            "roe": 3.69,
            "roe_4q": 17.04,
            "gross_profit": 98254,
            "gross_margin": 15.53,
            "gross_margin_4q_avg": 13.81,
            "net_income": 46265,
            "net_income_4q": null,
            "revenue": 632773,
            "revenue_4q": null,
            "common_shares": 610605,
            "book_valuer_per_share": 19.81,
            "book_valuer_per_share_4q_avg": 19.02,
            "equity": 1271455,
            "current_ratio": 252.79,
            "debt_ratio": 28.86,
            "inventory_turnover_ratio": null,
            "account_receivable_turnover_ratio": 2.45,
            "reinvestment_rate": 36.58,
            "research_to_sale_ratio": null,
            "price_fair": 118.91,
            "eps_avg_yearly": 3.4,
            "eps_latest_yearly": 3.04,
            "eps_growth_yearly": 266.56
        },
        "20122": {
            "year_quarter": 20122,
            "year": 2012,
            "quarter": 2,
            "eps": 0.9,
            "eps_growth_year": 14.94,
            "eps_4q": 3.43,
            "eps_4q_growth_year": -2.16,
            "roe": 4.8,
            "roe_4q": 17.6,
            "gross_profit": 134240,
            "gross_margin": 17.98,
            "gross_margin_4q_avg": 14.69,
            "net_income": 57980,
            "net_income_4q": null,
            "revenue": 746668,
            "revenue_4q": null,
            "common_shares": 610605,
            "book_valuer_per_share": 17.9,
            "book_valuer_per_share_4q_avg": 19.03,
            "equity": 1146542,
            "current_ratio": 165.71,
            "debt_ratio": 45.75,
            "inventory_turnover_ratio": null,
            "account_receivable_turnover_ratio": 2.51,
            "reinvestment_rate": 36.1,
            "research_to_sale_ratio": null,
            "price_fair": 119.7,
            "eps_avg_yearly": 3.42,
            "eps_latest_yearly": 3.6,
            "eps_growth_yearly": 258.66
        },
        "20123": {
            "year_quarter": 20123,
            "year": 2012,
            "quarter": 3,
            "eps": 1.63,
            "eps_growth_year": -0.22,
            "eps_4q": 3.43,
            "eps_4q_growth_year": -12.66,
            "roe": 8.37,
            "roe_4q": 17.54,
            "gross_profit": 146575,
            "gross_margin": 13.49,
            "gross_margin_4q_avg": 14.69,
            "net_income": 100497,
            "net_income_4q": null,
            "revenue": 1086624,
            "revenue_4q": null,
            "common_shares": 610605,
            "book_valuer_per_share": 19.64,
            "book_valuer_per_share_4q_avg": 19.15,
            "equity": 1253728,
            "current_ratio": 234.9,
            "debt_ratio": 30.72,
            "inventory_turnover_ratio": null,
            "account_receivable_turnover_ratio": 3.72,
            "reinvestment_rate": 30.39,
            "research_to_sale_ratio": null,
            "price_fair": 128.36,
            "eps_avg_yearly": 3.67,
            "eps_latest_yearly": 6.52,
            "eps_growth_yearly": 284.19
        },
        "20124": {
            "year_quarter": 20124,
            "year": 2012,
            "quarter": 4,
            "eps": 0.46,
            "eps_growth_year": 254.73,
            "eps_4q": 3.76,
            "eps_4q_growth_year": 28.92,
            "roe": 2.31,
            "roe_4q": 19.17,
            "gross_profit": 79429,
            "gross_margin": 14.86,
            "gross_margin_4q_avg": 15.47,
            "net_income": 29131,
            "net_income_4q": null,
            "revenue": 534671,
            "revenue_4q": null,
            "common_shares": 610605,
            "book_valuer_per_share": 19.93,
            "book_valuer_per_share_4q_avg": 19.32,
            "equity": 1271064,
            "current_ratio": 246.06,
            "debt_ratio": 29.33,
            "inventory_turnover_ratio": null,
            "account_receivable_turnover_ratio": 2.18,
            "reinvestment_rate": 29.81,
            "research_to_sale_ratio": null,
            "price_fair": 128.36,
            "eps_avg_yearly": 3.67,
            "eps_latest_yearly": 1.84,
            "eps_growth_yearly": 273.28
        },
        "20131": {
            "year_quarter": 20131,
            "year": 2013,
            "quarter": 1,
            "eps": 1.05,
            "eps_growth_year": 38.16,
            "eps_4q": 4.04,
            "eps_4q_growth_year": 21.93,
            "roe": 5.05,
            "roe_4q": 20.529999999999998,
            "gross_profit": 132033,
            "gross_margin": 18.08,
            "gross_margin_4q_avg": 16.1,
            "net_income": 65580,
            "net_income_4q": null,
            "revenue": 730126,
            "revenue_4q": null,
            "common_shares": 610605,
            "book_valuer_per_share": 20.81,
            "book_valuer_per_share_4q_avg": 19.57,
            "equity": 1327500,
            "current_ratio": 235.1,
            "debt_ratio": 31.96,
            "inventory_turnover_ratio": null,
            "account_receivable_turnover_ratio": 2.78,
            "reinvestment_rate": 39.22,
            "research_to_sale_ratio": null,
            "price_fair": 128.54,
            "eps_avg_yearly": 3.67,
            "eps_latest_yearly": 4.2,
            "eps_growth_yearly": 274.36
        },
        "20132": {
            "year_quarter": 20132,
            "year": 2013,
            "quarter": 2,
            "eps": 0.52,
            "eps_growth_year": -42.4,
            "eps_4q": 3.65,
            "eps_4q_growth_year": 6.56,
            "roe": 2.58,
            "roe_4q": 18.31,
            "gross_profit": 100688,
            "gross_margin": 13.15,
            "gross_margin_4q_avg": 14.9,
            "net_income": 32324,
            "net_income_4q": null,
            "revenue": 765831,
            "revenue_4q": null,
            "common_shares": 610605,
            "book_valuer_per_share": 18.42,
            "book_valuer_per_share_4q_avg": 19.7,
            "equity": 1182402,
            "current_ratio": 167.93,
            "debt_ratio": 46.41,
            "inventory_turnover_ratio": null,
            "account_receivable_turnover_ratio": 2.38,
            "reinvestment_rate": 37.38,
            "research_to_sale_ratio": null,
            "price_fair": 131.78,
            "eps_avg_yearly": 3.77,
            "eps_latest_yearly": 2.08,
            "eps_growth_yearly": 283.1
        },
        "20133": {
            "year_quarter": 20133,
            "year": 2013,
            "quarter": 3,
            "eps": 1.29,
            "eps_growth_year": -20.67,
            "eps_4q": 3.32,
            "eps_4q_growth_year": -3.14,
            "roe": 6.55,
            "roe_4q": 16.49,
            "gross_profit": 128496,
            "gross_margin": 11.95,
            "gross_margin_4q_avg": 14.51,
            "net_income": 79723,
            "net_income_4q": null,
            "revenue": 1075622,
            "revenue_4q": null,
            "common_shares": 610605,
            "book_valuer_per_share": 19.58,
            "book_valuer_per_share_4q_avg": 19.69,
            "equity": 1251740,
            "current_ratio": 246.19,
            "debt_ratio": 29.49,
            "inventory_turnover_ratio": null,
            "account_receivable_turnover_ratio": 3.48,
            "reinvestment_rate": 34.08,
            "research_to_sale_ratio": null,
            "price_fair": 139.04,
            "eps_avg_yearly": 3.97,
            "eps_latest_yearly": 5.16,
            "eps_growth_yearly": 268.46
        },
        "20134": {
            "year_quarter": 20134,
            "year": 2013,
            "quarter": 4,
            "eps": 0.17,
            "eps_growth_year": -63.41,
            "eps_4q": 3.03,
            "eps_4q_growth_year": -19.48,
            "roe": 0.7,
            "roe_4q": 14.879999999999999,
            "gross_profit": 74048,
            "gross_margin": 13.79,
            "gross_margin_4q_avg": 14.24,
            "net_income": 8756,
            "net_income_4q": null,
            "revenue": 536993,
            "revenue_4q": null,
            "common_shares": 610605,
            "book_valuer_per_share": 19.69,
            "book_valuer_per_share_4q_avg": 19.63,
            "equity": 1257670,
            "current_ratio": 253.83,
            "debt_ratio": 29.03,
            "inventory_turnover_ratio": null,
            "account_receivable_turnover_ratio": 2.15,
            "reinvestment_rate": 31.74,
            "research_to_sale_ratio": null,
            "price_fair": 135.36,
            "eps_avg_yearly": 3.87,
            "eps_latest_yearly": 0.68,
            "eps_growth_yearly": 239.68
        },
        "20141": {
            "year_quarter": 20141,
            "year": 2014,
            "quarter": 1,
            "eps": 0.26,
            "eps_growth_year": -75.24,
            "eps_4q": 2.24,
            "eps_4q_growth_year": -44.41,
            "roe": 1.22,
            "roe_4q": 11.049999999999999,
            "gross_profit": 64907,
            "gross_margin": 12.65,
            "gross_margin_4q_avg": 12.89,
            "net_income": 15473,
            "net_income_4q": null,
            "revenue": 513213,
            "revenue_4q": null,
            "common_shares": 610605,
            "book_valuer_per_share": 19.9,
            "book_valuer_per_share_4q_avg": 19.4,
            "equity": 1269451,
            "current_ratio": 245.62,
            "debt_ratio": 30.19,
            "inventory_turnover_ratio": null,
            "account_receivable_turnover_ratio": 1.92,
            "reinvestment_rate": 32.22,
            "research_to_sale_ratio": null,
            "price_fair": 126.09,
            "eps_avg_yearly": 3.6,
            "eps_latest_yearly": 1.04,
            "eps_growth_yearly": 221.99
        },
        "20142": {
            "year_quarter": 20142,
            "year": 2014,
            "quarter": 2,
            "eps": 0.64,
            "eps_growth_year": 23.08,
            "eps_4q": 2.36,
            "eps_4q_growth_year": -35.32,
            "roe": 3.14,
            "roe_4q": 11.61,
            "gross_profit": 108536,
            "gross_margin": 13.15,
            "gross_margin_4q_avg": 12.89,
            "net_income": 37715,
            "net_income_4q": null,
            "revenue": 825633,
            "revenue_4q": null,
            "common_shares": 610605,
            "book_valuer_per_share": 17.65,
            "book_valuer_per_share_4q_avg": 19.21,
            "equity": 1130327,
            "current_ratio": 163.68,
            "debt_ratio": 47.16,
            "inventory_turnover_ratio": null,
            "account_receivable_turnover_ratio": 2.7,
            "reinvestment_rate": 25.57,
            "research_to_sale_ratio": null,
            "price_fair": 127.31,
            "eps_avg_yearly": 3.64,
            "eps_latest_yearly": 2.56,
            "eps_growth_yearly": 274.06
        },
        "20143": {
            "year_quarter": 20143,
            "year": 2014,
            "quarter": 3,
            "eps": 1.03,
            "eps_growth_year": -20.16,
            "eps_4q": 2.12,
            "eps_4q_growth_year": -36.13,
            "roe": 5.61,
            "roe_4q": 10.67,
            "gross_profit": 113466,
            "gross_margin": 10.77,
            "gross_margin_4q_avg": 12.59,
            "net_income": 64068,
            "net_income_4q": null,
            "revenue": 1053682,
            "revenue_4q": null,
            "common_shares": 610605,
            "book_valuer_per_share": 18.25,
            "book_valuer_per_share_4q_avg": 18.87,
            "equity": 1155484,
            "current_ratio": 219.8,
            "debt_ratio": 33.11,
            "inventory_turnover_ratio": null,
            "account_receivable_turnover_ratio": 3.5,
            "reinvestment_rate": 24.61,
            "research_to_sale_ratio": null,
            "price_fair": 119.7,
            "eps_avg_yearly": 3.42,
            "eps_latest_yearly": 4.12,
            "eps_growth_yearly": 219.29
        },
        "20144": {
            "year_quarter": 20144,
            "year": 2014,
            "quarter": 4,
            "eps": 0.13,
            "eps_growth_year": -23.58,
            "eps_4q": 2.11,
            "eps_4q_growth_year": -30.38,
            "roe": 0.85,
            "roe_4q": 10.82,
            "gross_profit": 56612,
            "gross_margin": 11.5,
            "gross_margin_4q_avg": 12.02,
            "net_income": 9880,
            "net_income_4q": null,
            "revenue": 492471,
            "revenue_4q": null,
            "common_shares": 610605,
            "book_valuer_per_share": 18.68,
            "book_valuer_per_share_4q_avg": 18.62,
            "equity": 1168532,
            "current_ratio": 239.77,
            "debt_ratio": 30.28,
            "inventory_turnover_ratio": null,
            "account_receivable_turnover_ratio": 1.97,
            "reinvestment_rate": 7.78,
            "research_to_sale_ratio": null,
            "price_fair": 105.35,
            "eps_avg_yearly": 3.01,
            "eps_latest_yearly": 0.52,
            "eps_growth_yearly": 199.16
        },
        "20151": {
            "year_quarter": 20151,
            "year": 2015,
            "quarter": 1,
            "eps": 0.51,
            "eps_growth_year": 96.15,
            "eps_4q": 2.34,
            "eps_4q_growth_year": 4.34,
            "roe": 2.53,
            "roe_4q": 12.13,
            "gross_profit": 98292,
            "gross_margin": 16.63,
            "gross_margin_4q_avg": 13.01,
            "net_income": 30148,
            "net_income_4q": null,
            "revenue": 591080,
            "revenue_4q": null,
            "common_shares": 610605,
            "book_valuer_per_share": 19.45,
            "book_valuer_per_share_4q_avg": 18.51,
            "equity": 1214331,
            "current_ratio": 244.77,
            "debt_ratio": 30.21,
            "inventory_turnover_ratio": null,
            "account_receivable_turnover_ratio": 2.81,
            "reinvestment_rate": 7.59,
            "research_to_sale_ratio": null,
            "price_fair": 104.13,
            "eps_avg_yearly": 2.98,
            "eps_latest_yearly": 2.04,
            "eps_growth_yearly": 288.05
        },
        "20152": {
            "year_quarter": 20152,
            "year": 2015,
            "quarter": 2,
            "eps": 1.29,
            "eps_growth_year": 101.56,
            "eps_4q": 2.83,
            "eps_4q_growth_year": 19.93,
            "roe": 6.68,
            "roe_4q": 15.669999999999998,
            "gross_profit": 127352,
            "gross_margin": 14.47,
            "gross_margin_4q_avg": 13.34,
            "net_income": 79273,
            "net_income_4q": null,
            "revenue": 879957,
            "revenue_4q": null,
            "common_shares": 610605,
            "book_valuer_per_share": 18.49,
            "book_valuer_per_share_4q_avg": 18.72,
            "equity": 1159300,
            "current_ratio": 189.61,
            "debt_ratio": 40.41,
            "inventory_turnover_ratio": null,
            "account_receivable_turnover_ratio": 4.2,
            "reinvestment_rate": 14.5,
            "research_to_sale_ratio": null,
            "price_fair": 108.5,
            "eps_avg_yearly": 3.1,
            "eps_latest_yearly": 5.16,
            "eps_growth_yearly": 320.9
        },
        "20153": {
            "year_quarter": 20153,
            "year": 2015,
            "quarter": 3,
            "eps": 1.33,
            "eps_growth_year": 29.13,
            "eps_4q": 3.2,
            "eps_4q_growth_year": 50.82,
            "roe": 7.21,
            "roe_4q": 17.270000000000003,
            "gross_profit": 120685,
            "gross_margin": 12.61,
            "gross_margin_4q_avg": 13.8,
            "net_income": 84788,
            "net_income_4q": null,
            "revenue": 957028,
            "revenue_4q": null,
            "common_shares": 640396,
            "book_valuer_per_share": 18.33,
            "book_valuer_per_share_4q_avg": 18.74,
            "equity": 1192632,
            "current_ratio": 229.81,
            "debt_ratio": 32.48,
            "inventory_turnover_ratio": null,
            "account_receivable_turnover_ratio": 4.67,
            "reinvestment_rate": 13.09,
            "research_to_sale_ratio": null,
            "price_fair": 105.88,
            "eps_avg_yearly": 3.03,
            "eps_latest_yearly": 5.32,
            "eps_growth_yearly": 295.1
        },
        "20154": {
            "year_quarter": 20154,
            "year": 2015,
            "quarter": 4,
            "eps": 0.15,
            "eps_growth_year": 15.09,
            "eps_4q": 3.26,
            "eps_4q_growth_year": 54.79,
            "roe": 0.73,
            "roe_4q": 17.15,
            "gross_profit": 70542,
            "gross_margin": 12.91,
            "gross_margin_4q_avg": 14.16,
            "net_income": 8644,
            "net_income_4q": null,
            "revenue": 546347,
            "revenue_4q": null,
            "common_shares": 640396,
            "book_valuer_per_share": 18.34,
            "book_valuer_per_share_4q_avg": 18.65,
            "equity": 1173867,
            "current_ratio": 246.45,
            "debt_ratio": 30.27,
            "inventory_turnover_ratio": null,
            "account_receivable_turnover_ratio": 3.3,
            "reinvestment_rate": 9.94,
            "research_to_sale_ratio": null,
            "price_fair": 106.05,
            "eps_avg_yearly": 3.03,
            "eps_latest_yearly": 0.6,
            "eps_growth_yearly": 295.92
        },
        "20161": {
            "year_quarter": 20161,
            "year": 2016,
            "quarter": 1,
            "eps": 0.59,
            "eps_growth_year": 15.69,
            "eps_4q": 3.37,
            "eps_4q_growth_year": 44.12,
            "roe": 2.95,
            "roe_4q": 17.57,
            "gross_profit": 90950,
            "gross_margin": 17.02,
            "gross_margin_4q_avg": 14.25,
            "net_income": 34867,
            "net_income_4q": null,
            "revenue": 534507,
            "revenue_4q": null,
            "common_shares": 640396,
            "book_valuer_per_share": 18.74,
            "book_valuer_per_share_4q_avg": 18.48,
            "equity": 1189462,
            "current_ratio": 230.24,
            "debt_ratio": 32.95,
            "inventory_turnover_ratio": null,
            "account_receivable_turnover_ratio": 3.34,
            "reinvestment_rate": 6,
            "research_to_sale_ratio": null,
            "price_fair": 104.56,
            "eps_avg_yearly": 2.99,
            "eps_latest_yearly": 2.36,
            "eps_growth_yearly": 248.1
        },
        "20162": {
            "year_quarter": 20162,
            "year": 2016,
            "quarter": 2,
            "eps": 0.52,
            "eps_growth_year": -59.69,
            "eps_4q": 2.73,
            "eps_4q_growth_year": -3.72,
            "roe": 3.14,
            "roe_4q": 14.030000000000001,
            "gross_profit": 88449,
            "gross_margin": 11.37,
            "gross_margin_4q_avg": 13.48,
            "net_income": 33500,
            "net_income_4q": null,
            "revenue": 777987,
            "revenue_4q": null,
            "common_shares": 640396,
            "book_valuer_per_share": 15.27,
            "book_valuer_per_share_4q_avg": 17.67,
            "equity": 945837,
            "current_ratio": 160.87,
            "debt_ratio": 47.26,
            "inventory_turnover_ratio": null,
            "account_receivable_turnover_ratio": 4.6,
            "reinvestment_rate": 3.81,
            "research_to_sale_ratio": null,
            "price_fair": 101.24,
            "eps_avg_yearly": 2.89,
            "eps_latest_yearly": 2.08,
            "eps_growth_yearly": 240.53
        },
        "20163": {
            "year_quarter": 20163,
            "year": 2016,
            "quarter": 3,
            "eps": 1.15,
            "eps_growth_year": -13.53,
            "eps_4q": 2.46,
            "eps_4q_growth_year": -23.15,
            "roe": 6.95,
            "roe_4q": 13.77,
            "gross_profit": 123550,
            "gross_margin": 13.27,
            "gross_margin_4q_avg": 13.64,
            "net_income": 67643,
            "net_income_4q": null,
            "revenue": 931345,
            "revenue_4q": null,
            "common_shares": 640396,
            "book_valuer_per_share": 16.22,
            "book_valuer_per_share_4q_avg": 17.14,
            "equity": 999994,
            "current_ratio": 199.63,
            "debt_ratio": 36.73,
            "inventory_turnover_ratio": null,
            "account_receivable_turnover_ratio": 5.78,
            "reinvestment_rate": 4.01,
            "research_to_sale_ratio": null,
            "price_fair": 97.04,
            "eps_avg_yearly": 2.77,
            "eps_latest_yearly": 4.6,
            "eps_growth_yearly": 250.54
        },
        "20164": {
            "year_quarter": 20164,
            "year": 2016,
            "quarter": 4,
            "eps": 0.49,
            "eps_growth_year": 231.16,
            "eps_4q": 2.79,
            "eps_4q_growth_year": -14.33,
            "roe": 2.93,
            "roe_4q": 15.970000000000002,
            "gross_profit": 85356,
            "gross_margin": 14.84,
            "gross_margin_4q_avg": 14.13,
            "net_income": 29593,
            "net_income_4q": null,
            "revenue": 575244,
            "revenue_4q": null,
            "common_shares": 640396,
            "book_valuer_per_share": 16.56,
            "book_valuer_per_share_4q_avg": 16.7,
            "equity": 1019467,
            "current_ratio": 198.25,
            "debt_ratio": 38.39,
            "inventory_turnover_ratio": null,
            "account_receivable_turnover_ratio": 4.03,
            "reinvestment_rate": 1.73,
            "research_to_sale_ratio": null,
            "price_fair": 97.3,
            "eps_avg_yearly": 2.78,
            "eps_latest_yearly": 1.96,
            "eps_growth_yearly": 254.14
        },
        "20171": {
            "year_quarter": 20171,
            "year": 2017,
            "quarter": 1,
            "eps": 0.34,
            "eps_growth_year": -42.37,
            "eps_4q": 2.52,
            "eps_4q_growth_year": -25.22,
            "roe": 2,
            "roe_4q": 15.02,
            "gross_profit": 75508,
            "gross_margin": 17.04,
            "gross_margin_4q_avg": 14.13,
            "net_income": 20771,
            "net_income_4q": null,
            "revenue": 443143,
            "revenue_4q": null,
            "common_shares": 640396,
            "book_valuer_per_share": 17.2,
            "book_valuer_per_share_4q_avg": 16.31,
            "equity": 1057011,
            "current_ratio": 180.73,
            "debt_ratio": 43.47,
            "inventory_turnover_ratio": null,
            "account_receivable_turnover_ratio": 3.14,
            "reinvestment_rate": -11.29,
            "research_to_sale_ratio": null,
            "price_fair": 91.09,
            "eps_avg_yearly": 2.6,
            "eps_latest_yearly": 1.36,
            "eps_growth_yearly": 214.42
        },
        "20172": {
            "year_quarter": 20172,
            "year": 2017,
            "quarter": 2,
            "eps": 0.81,
            "eps_growth_year": 55.77,
            "eps_4q": 2.8,
            "eps_4q_growth_year": 2.51,
            "roe": 4.78,
            "roe_4q": 16.66,
            "gross_profit": 108766,
            "gross_margin": 14.31,
            "gross_margin_4q_avg": 14.87,
            "net_income": 48893,
            "net_income_4q": null,
            "revenue": 759868,
            "revenue_4q": null,
            "common_shares": 640396,
            "book_valuer_per_share": 15.99,
            "book_valuer_per_share_4q_avg": 16.49,
            "equity": 987943,
            "current_ratio": 148.67,
            "debt_ratio": 54.35,
            "inventory_turnover_ratio": null,
            "account_receivable_turnover_ratio": 4.82,
            "reinvestment_rate": -8.99,
            "research_to_sale_ratio": null,
            "price_fair": 93.63,
            "eps_avg_yearly": 2.68,
            "eps_latest_yearly": 3.24,
            "eps_growth_yearly": 261.6
        },
        "20173": {
            "year_quarter": 20173,
            "year": 2017,
            "quarter": 3,
            "eps": 1.17,
            "eps_growth_year": 1.74,
            "eps_4q": 2.82,
            "eps_4q_growth_year": 14.69,
            "roe": 6.83,
            "roe_4q": 16.54,
            "gross_profit": 114908,
            "gross_margin": 12.57,
            "gross_margin_4q_avg": 14.69,
            "net_income": 70295,
            "net_income_4q": null,
            "revenue": 914419,
            "revenue_4q": null,
            "common_shares": 640396,
            "book_valuer_per_share": 17.4,
            "book_valuer_per_share_4q_avg": 16.79,
            "equity": 1071373,
            "current_ratio": 175.79,
            "debt_ratio": 45.39,
            "inventory_turnover_ratio": null,
            "account_receivable_turnover_ratio": 6.18,
            "reinvestment_rate": -9.77,
            "research_to_sale_ratio": null,
            "price_fair": 92.58,
            "eps_avg_yearly": 2.65,
            "eps_latest_yearly": 4.68,
            "eps_growth_yearly": 235.69
        },
        "20174": {
            "year_quarter": 20174,
            "year": 2017,
            "quarter": 4,
            "eps": 0.39,
            "eps_growth_year": -21.37,
            "eps_4q": 2.71,
            "eps_4q_growth_year": -2.9,
            "roe": 2.09,
            "roe_4q": 15.7,
            "gross_profit": 78778,
            "gross_margin": 13.05,
            "gross_margin_4q_avg": 14.24,
            "net_income": 22776,
            "net_income_4q": null,
            "revenue": 603849,
            "revenue_4q": null,
            "common_shares": 625606,
            "book_valuer_per_share": 18.05,
            "book_valuer_per_share_4q_avg": 17.16,
            "equity": 1109732,
            "current_ratio": 189.75,
            "debt_ratio": 41.88,
            "inventory_turnover_ratio": null,
            "account_receivable_turnover_ratio": 4.86,
            "reinvestment_rate": -14.99,
            "research_to_sale_ratio": null,
            "price_fair": 94.5,
            "eps_avg_yearly": 2.7,
            "eps_latest_yearly": 1.56,
            "eps_growth_yearly": 240.73
        },
        "20181": {
            "year_quarter": 20181,
            "year": 2018,
            "quarter": 1,
            "eps": 0.33,
            "eps_growth_year": -2.94,
            "eps_4q": 2.7,
            "eps_4q_growth_year": 6.88,
            "roe": 1.8,
            "roe_4q": 15.5,
            "gross_profit": 73336,
            "gross_margin": 15.06,
            "gross_margin_4q_avg": 13.75,
            "net_income": 20322,
            "net_income_4q": null,
            "revenue": 486891,
            "revenue_4q": null,
            "common_shares": 625606,
            "book_valuer_per_share": 18.59,
            "book_valuer_per_share_4q_avg": 17.51,
            "equity": 1143011,
            "current_ratio": 181.71,
            "debt_ratio": 44.42,
            "inventory_turnover_ratio": null,
            "account_receivable_turnover_ratio": 4.02,
            "reinvestment_rate": -13.65,
            "research_to_sale_ratio": null,
            "price_fair": 95.11,
            "eps_avg_yearly": 2.72,
            "eps_latest_yearly": 1.32,
            "eps_growth_yearly": 223.65
        },
        "20182": {
            "year_quarter": 20182,
            "year": 2018,
            "quarter": 2,
            "eps": 0.61,
            "eps_growth_year": -24.69,
            "eps_4q": 2.5,
            "eps_4q_growth_year": -10.69,
            "roe": 3.49,
            "roe_4q": 14.21,
            "gross_profit": 104250,
            "gross_margin": 12.45,
            "gross_margin_4q_avg": 13.28,
            "net_income": 36974,
            "net_income_4q": null,
            "revenue": 837070,
            "revenue_4q": null,
            "common_shares": 625606,
            "book_valuer_per_share": 15.83,
            "book_valuer_per_share_4q_avg": 17.47,
            "equity": 975523,
            "current_ratio": 147.28,
            "debt_ratio": 54.5,
            "inventory_turnover_ratio": null,
            "account_receivable_turnover_ratio": 6.33,
            "reinvestment_rate": -13.96,
            "research_to_sale_ratio": null,
            "price_fair": 94.85,
            "eps_avg_yearly": 2.71,
            "eps_latest_yearly": 2.44,
            "eps_growth_yearly": 208.32
        },
        "20183": {
            "year_quarter": 20183,
            "year": 2018,
            "quarter": 3,
            "eps": 1.17,
            "eps_growth_year": 0,
            "eps_4q": 2.49,
            "eps_4q_growth_year": -11.51,
            "roe": 6.94,
            "roe_4q": 14.32,
            "gross_profit": 109992,
            "gross_margin": 12.05,
            "gross_margin_4q_avg": 13.15,
            "net_income": 69323,
            "net_income_4q": null,
            "revenue": 912878,
            "revenue_4q": null,
            "common_shares": 625606,
            "book_valuer_per_share": 16.89,
            "book_valuer_per_share_4q_avg": 17.34,
            "equity": 1022634,
            "current_ratio": 173.73,
            "debt_ratio": 47.35,
            "inventory_turnover_ratio": null,
            "account_receivable_turnover_ratio": 7,
            "reinvestment_rate": -26.58,
            "research_to_sale_ratio": null,
            "price_fair": 96.08,
            "eps_avg_yearly": 2.75,
            "eps_latest_yearly": 4.68,
            "eps_growth_yearly": 216.04
        },
        "20184": {
            "year_quarter": 20184,
            "year": 2018,
            "quarter": 4,
            "eps": 0.61,
            "eps_growth_year": 57.39,
            "eps_4q": 2.72,
            "eps_4q_growth_year": 0.12,
            "roe": 3.5,
            "roe_4q": 15.730000000000002,
            "gross_profit": 105291,
            "gross_margin": 15.61,
            "gross_margin_4q_avg": 13.79,
            "net_income": 37005,
            "net_income_4q": null,
            "revenue": 674446,
            "revenue_4q": null,
            "common_shares": 610606,
            "book_valuer_per_share": 18.13,
            "book_valuer_per_share_4q_avg": 17.36,
            "equity": 1093535,
            "current_ratio": 183.2,
            "debt_ratio": 43.86,
            "inventory_turnover_ratio": null,
            "account_receivable_turnover_ratio": 5.45,
            "reinvestment_rate": -23.69,
            "research_to_sale_ratio": null,
            "price_fair": 100.28,
            "eps_avg_yearly": 2.87,
            "eps_latest_yearly": 2.44,
            "eps_growth_yearly": 225.92
        },
        "20191": {
            "year_quarter": 20191,
            "year": 2019,
            "quarter": 1,
            "eps": 0.53,
            "eps_growth_year": 60.61,
            "eps_4q": 2.92,
            "eps_4q_growth_year": 8.1,
            "roe": 2.84,
            "roe_4q": 16.770000000000003,
            "gross_profit": 89624,
            "gross_margin": 17.01,
            "gross_margin_4q_avg": 14.28,
            "net_income": 31020,
            "net_income_4q": null,
            "revenue": 526944,
            "revenue_4q": null,
            "common_shares": 610606,
            "book_valuer_per_share": 18.26,
            "book_valuer_per_share_4q_avg": 17.28,
            "equity": 1092404,
            "current_ratio": 126.62,
            "debt_ratio": 56.53,
            "inventory_turnover_ratio": null,
            "account_receivable_turnover_ratio": 3.76,
            "reinvestment_rate": -23.76,
            "research_to_sale_ratio": null,
            "price_fair": 100.45,
            "eps_avg_yearly": 2.87,
            "eps_latest_yearly": 2.12,
            "eps_growth_yearly": 149.56
        },
        "20192": {
            "year_quarter": 20192,
            "year": 2019,
            "quarter": 2,
            "eps": 1.05,
            "eps_growth_year": 72.13,
            "eps_4q": 3.24,
            "eps_4q_growth_year": 29.83,
            "roe": 6.03,
            "roe_4q": 19.310000000000002,
            "gross_profit": 127187,
            "gross_margin": 14.08,
            "gross_margin_4q_avg": 14.69,
            "net_income": 65132,
            "net_income_4q": null,
            "revenue": 903117,
            "revenue_4q": null,
            "common_shares": 610606,
            "book_valuer_per_share": 17.85,
            "book_valuer_per_share_4q_avg": 17.78,
            "equity": 1066827,
            "current_ratio": 122.34,
            "debt_ratio": 59.98,
            "inventory_turnover_ratio": null,
            "account_receivable_turnover_ratio": 6.15,
            "reinvestment_rate": -24.06,
            "research_to_sale_ratio": null,
            "price_fair": 98.35,
            "eps_avg_yearly": 2.81,
            "eps_latest_yearly": 4.2,
            "eps_growth_yearly": 135.85
        },
        "20193": {
            "year_quarter": 20193,
            "year": 2019,
            "quarter": 3,
            "eps": 1.22,
            "eps_growth_year": 4.27,
            "eps_4q": 3.35,
            "eps_4q_growth_year": 34.31,
            "roe": 6.9,
            "roe_4q": 19.27,
            "gross_profit": 112543,
            "gross_margin": 11.8,
            "gross_margin_4q_avg": 14.63,
            "net_income": 75529,
            "net_income_4q": null,
            "revenue": 953628,
            "revenue_4q": null,
            "common_shares": 612944,
            "book_valuer_per_share": 17.93,
            "book_valuer_per_share_4q_avg": 18.04,
            "equity": 1123583,
            "current_ratio": 121.77,
            "debt_ratio": 55.88,
            "inventory_turnover_ratio": null,
            "account_receivable_turnover_ratio": 7.61,
            "reinvestment_rate": -24.65,
            "research_to_sale_ratio": null,
            "price_fair": 97.39,
            "eps_avg_yearly": 2.78,
            "eps_latest_yearly": 4.88,
            "eps_growth_yearly": 139.13
        },
        "20194": {
            "year_quarter": 20194,
            "year": 2019,
            "quarter": 4,
            "eps": 0.47,
            "eps_growth_year": -22.13,
            "eps_4q": 3.24,
            "eps_4q_growth_year": 19.42,
            "roe": 2.55,
            "roe_4q": 18.32,
            "gross_profit": 90082,
            "gross_margin": 15.24,
            "gross_margin_4q_avg": 14.53,
            "net_income": 29059,
            "net_income_4q": null,
            "revenue": 591070,
            "revenue_4q": null,
            "common_shares": 612944,
            "book_valuer_per_share": 18.49,
            "book_valuer_per_share_4q_avg": 18.13,
            "equity": 1156567,
            "current_ratio": 132.39,
            "debt_ratio": 53.71,
            "inventory_turnover_ratio": null,
            "account_receivable_turnover_ratio": 6.12,
            "reinvestment_rate": -22.27,
            "research_to_sale_ratio": null,
            "price_fair": 100.19,
            "eps_avg_yearly": 2.86,
            "eps_latest_yearly": 1.88,
            "eps_growth_yearly": 145.94
        },
        "20201": {
            "year_quarter": 20201,
            "year": 2020,
            "quarter": 1,
            "eps": 0.08,
            "eps_growth_year": -84.91,
            "eps_4q": 2.82,
            "eps_4q_growth_year": -3.2,
            "roe": 0.4,
            "roe_4q": 15.879999999999999,
            "gross_profit": 72618,
            "gross_margin": 19.84,
            "gross_margin_4q_avg": 15.24,
            "net_income": 4442,
            "net_income_4q": null,
            "revenue": 365963,
            "revenue_4q": null,
            "common_shares": 612944,
            "book_valuer_per_share": 16.82,
            "book_valuer_per_share_4q_avg": 17.77,
            "equity": 1052105,
            "current_ratio": 131.5,
            "debt_ratio": 50.21,
            "inventory_turnover_ratio": null,
            "account_receivable_turnover_ratio": 3.94,
            "reinvestment_rate": -23,
            "research_to_sale_ratio": null,
            "price_fair": 95.73,
            "eps_avg_yearly": 2.74,
            "eps_latest_yearly": 0.32,
            "eps_growth_yearly": 51.86
        },
        "20202": {
            "year_quarter": 20202,
            "year": 2020,
            "quarter": 2,
            "eps": -0.12,
            "eps_growth_year": -111.43,
            "eps_4q": 1.51,
            "eps_4q_growth_year": -53.41,
            "roe": -0.59,
            "roe_4q": 9.26,
            "gross_profit": 17857,
            "gross_margin": 51.89,
            "gross_margin_4q_avg": 24.69,
            "net_income": -6374,
            "net_income_4q": null,
            "revenue": 34414,
            "revenue_4q": null,
            "common_shares": 612944,
            "book_valuer_per_share": 17.71,
            "book_valuer_per_share_4q_avg": 17.74,
            "equity": 1098385,
            "current_ratio": 143.04,
            "debt_ratio": 46.98,
            "inventory_turnover_ratio": null,
            "account_receivable_turnover_ratio": 0.56,
            "reinvestment_rate": -23.93,
            "research_to_sale_ratio": null,
            "price_fair": 97.25,
            "eps_avg_yearly": 2.78,
            "eps_latest_yearly": 0.32,
            "eps_growth_yearly": 58.48
        },
        "20203": {
            "year_quarter": 20203,
            "year": 2020,
            "quarter": 3,
            "eps": 0.2,
            "eps_growth_year": -83.61,
            "eps_4q": 0.59,
            "eps_4q_growth_year": -82.3,
            "roe": 1.47,
            "roe_4q": 3.83,
            "gross_profit": 22238,
            "gross_margin": 45.03,
            "gross_margin_4q_avg": 33,
            "net_income": 15957,
            "net_income_4q": null,
            "revenue": 49385,
            "revenue_4q": null,
            "common_shares": 671174,
            "book_valuer_per_share": 15.63,
            "book_valuer_per_share_4q_avg": 17.16,
            "equity": 1068314,
            "current_ratio": 148.44,
            "debt_ratio": 49.88,
            "inventory_turnover_ratio": null,
            "account_receivable_turnover_ratio": 2.69,
            "reinvestment_rate": -22.51,
            "research_to_sale_ratio": null,
            "price_fair": 92.7,
            "eps_avg_yearly": 2.65,
            "eps_latest_yearly": 0.32,
            "eps_growth_yearly": 28.04
        },
        "20204": {
            "year_quarter": 20204,
            "year": 2020,
            "quarter": 4,
            "eps": -0,
            "eps_growth_year": -100.41,
            "eps_4q": 0.15,
            "eps_4q_growth_year": -95.26,
            "roe": -0.05,
            "roe_4q": 1.23,
            "gross_profit": 17245,
            "gross_margin": 43.39,
            "gross_margin_4q_avg": 40.04,
            "net_income": -548,
            "net_income_4q": null,
            "revenue": 39746,
            "revenue_4q": null,
            "common_shares": 671174,
            "book_valuer_per_share": 16.47,
            "book_valuer_per_share_4q_avg": 16.66,
            "equity": 1123821,
            "current_ratio": 145.7,
            "debt_ratio": 51.94,
            "inventory_turnover_ratio": null,
            "account_receivable_turnover_ratio": 3.12,
            "reinvestment_rate": -19.06,
            "research_to_sale_ratio": null,
            "price_fair": 94.55,
            "eps_avg_yearly": 2.7,
            "eps_latest_yearly": 0.32,
            "eps_growth_yearly": 47.86
        },
        "20211": {
            "year_quarter": 20211,
            "year": 2021,
            "quarter": 1,
            "eps": 0.87,
            "eps_growth_year": 987.5,
            "eps_4q": 0.95,
            "eps_4q_growth_year": -66.29,
            "roe": 5.11,
            "roe_4q": 5.94,
            "gross_profit": 11080,
            "gross_margin": 44.37,
            "gross_margin_4q_avg": 46.17,
            "net_income": 60608,
            "net_income_4q": null,
            "revenue": 24970,
            "revenue_4q": null,
            "common_shares": 671174,
            "book_valuer_per_share": 18.28,
            "book_valuer_per_share_4q_avg": 17.02,
            "equity": 1247025,
            "current_ratio": 158.47,
            "debt_ratio": 48.67,
            "inventory_turnover_ratio": null,
            "account_receivable_turnover_ratio": 2.74,
            "reinvestment_rate": -21.62,
            "research_to_sale_ratio": null,
            "price_fair": 98.47,
            "eps_avg_yearly": 2.81,
            "eps_latest_yearly": 0.32,
            "eps_growth_yearly": 62.05
        },
        "20212": {
            "year_quarter": 20212,
            "year": 2021,
            "quarter": 2,
            "eps": 0,
            "eps_growth_year": null,
            "eps_4q": 1.07,
            "eps_4q_growth_year": -29.21,
            "roe": 0.1,
            "roe_4q": 6.63,
            "gross_profit": 6942,
            "gross_margin": 30.63,
            "gross_margin_4q_avg": 40.86,
            "net_income": 1219,
            "net_income_4q": null,
            "revenue": 22661,
            "revenue_4q": null,
            "common_shares": 671174,
            "book_valuer_per_share": 18.99,
            "book_valuer_per_share_4q_avg": 17.34,
            "equity": 1295408,
            "current_ratio": 165.34,
            "debt_ratio": 47.61,
            "inventory_turnover_ratio": null,
            "account_receivable_turnover_ratio": 4.08,
            "reinvestment_rate": -18.73,
            "research_to_sale_ratio": null,
            "price_fair": 76.09,
            "eps_avg_yearly": 2.77,
            "eps_latest_yearly": 0.32,
            "eps_growth_yearly": 17.42
        },
        "20213": {
            "year_quarter": 20213,
            "year": 2021,
            "quarter": 3,
            "eps": 0.17,
            "eps_growth_year": -15,
            "eps_4q": 1.04,
            "eps_4q_growth_year": 75.33,
            "roe": 0.89,
            "roe_4q": 6.050000000000001,
            "gross_profit": 12808,
            "gross_margin": 18.11,
            "gross_margin_4q_avg": 34.13,
            "net_income": 11359,
            "net_income_4q": null,
            "revenue": 70740,
            "revenue_4q": null,
            "common_shares": 671174,
            "book_valuer_per_share": 18.32,
            "book_valuer_per_share_4q_avg": 18.02,
            "equity": 1252272,
            "current_ratio": 156.59,
            "debt_ratio": 48.34,
            "inventory_turnover_ratio": null,
            "account_receivable_turnover_ratio": 16.18,
            "reinvestment_rate": -15.89,
            "research_to_sale_ratio": null,
            "price_fair": 29.43,
            "eps_avg_yearly": 2.58,
            "eps_latest_yearly": 0.32,
            "eps_growth_yearly": 1.39
        },
        "20214": {
            "year_quarter": 20214,
            "year": 2021,
            "quarter": 4,
            "eps": 0.13,
            "eps_growth_year": null,
            "eps_4q": 1.17,
            "eps_4q_growth_year": 661.4,
            "roe": 0.77,
            "roe_4q": 6.870000000000001,
            "gross_profit": 12960,
            "gross_margin": 41.06,
            "gross_margin_4q_avg": 33.54,
            "net_income": 10188,
            "net_income_4q": null,
            "revenue": 31564,
            "revenue_4q": null,
            "common_shares": 671174,
            "book_valuer_per_share": 20.51,
            "book_valuer_per_share_4q_avg": 19.03,
            "equity": 1396476,
            "current_ratio": 174.6,
            "debt_ratio": 46.3,
            "inventory_turnover_ratio": null,
            "account_receivable_turnover_ratio": 2.95,
            "reinvestment_rate": -19.05,
            "research_to_sale_ratio": null,
            "price_fair": 71.04,
            "eps_avg_yearly": 2.48,
            "eps_latest_yearly": 0.52,
            "eps_growth_yearly": 18.64
        },
        "20221": {
            "year_quarter": 20221,
            "year": 2022,
            "quarter": 1,
            "eps": 0.06,
            "eps_growth_year": -93.1,
            "eps_4q": 0.36,
            "eps_4q_growth_year": -62.2,
            "roe": 0.34,
            "roe_4q": 2.1,
            "gross_profit": 9915,
            "gross_margin": 44.15,
            "gross_margin_4q_avg": 33.49,
            "net_income": 4795,
            "net_income_4q": null,
            "revenue": 22458,
            "revenue_4q": null,
            "common_shares": 671174,
            "book_valuer_per_share": 21.08,
            "book_valuer_per_share_4q_avg": 19.73,
            "equity": 1436363,
            "current_ratio": 176.89,
            "debt_ratio": 46.19,
            "inventory_turnover_ratio": null,
            "account_receivable_turnover_ratio": 1.85,
            "reinvestment_rate": -14.15,
            "research_to_sale_ratio": null,
            "price_fair": 31.45,
            "eps_avg_yearly": 2.37,
            "eps_latest_yearly": 0.24,
            "eps_growth_yearly": 3.26
        },
        "20222": {
            "year_quarter": 20222,
            "year": 2022,
            "quarter": 2,
            "eps": -0.64,
            "eps_growth_year": null,
            "eps_4q": -0.26,
            "eps_4q_growth_year": -124.34,
            "roe": -3.12,
            "roe_4q": -1.12,
            "gross_profit": 8704,
            "gross_margin": 36.85,
            "gross_margin_4q_avg": 35.04,
            "net_income": -42397,
            "net_income_4q": null,
            "revenue": 23621,
            "revenue_4q": null,
            "common_shares": 671174,
            "book_valuer_per_share": 18.82,
            "book_valuer_per_share_4q_avg": 19.68,
            "equity": 1283413,
            "current_ratio": 153.34,
            "debt_ratio": 50.54,
            "inventory_turnover_ratio": null,
            "account_receivable_turnover_ratio": 2.47,
            "reinvestment_rate": -6.74,
            "research_to_sale_ratio": null,
            "price_fair": 7.09,
            "eps_avg_yearly": 2.36,
            "eps_latest_yearly": 0.24,
            "eps_growth_yearly": -34.09
        },
        "20223": {
            "year_quarter": 20223,
            "year": 2022,
            "quarter": 3,
            "eps": 0.17,
            "eps_growth_year": 0,
            "eps_4q": -0.24,
            "eps_4q_growth_year": -123.52,
            "roe": 1.05,
            "roe_4q": -0.9600000000000002,
            "gross_profit": 9800,
            "gross_margin": 25.69,
            "gross_margin_4q_avg": 36.94,
            "net_income": 13160,
            "net_income_4q": null,
            "revenue": 38150,
            "revenue_4q": null,
            "common_shares": 737670,
            "book_valuer_per_share": 16.3,
            "book_valuer_per_share_4q_avg": 19.18,
            "equity": 1222640,
            "current_ratio": 157.42,
            "debt_ratio": 50.89,
            "inventory_turnover_ratio": null,
            "account_receivable_turnover_ratio": 2.68,
            "reinvestment_rate": 33.93,
            "research_to_sale_ratio": null,
            "price_fair": 6.23,
            "eps_avg_yearly": 2.08,
            "eps_latest_yearly": 0.24,
            "eps_growth_yearly": -84.25
        },
        "20224": {
            "year_quarter": 20224,
            "year": 2022,
            "quarter": 4,
            "eps": -0.07,
            "eps_growth_year": -151.99,
            "eps_4q": -0.43,
            "eps_4q_growth_year": -136.53,
            "roe": -0.6,
            "roe_4q": -2.33,
            "gross_profit": 21787,
            "gross_margin": 18.39,
            "gross_margin_4q_avg": 31.27,
            "net_income": -7252,
            "net_income_4q": null,
            "revenue": 118447,
            "revenue_4q": null,
            "common_shares": 737670,
            "book_valuer_per_share": 16.2,
            "book_valuer_per_share_4q_avg": 18.1,
            "equity": 1212768,
            "current_ratio": 140.34,
            "debt_ratio": 55.24,
            "inventory_turnover_ratio": null,
            "account_receivable_turnover_ratio": 3.01,
            "reinvestment_rate": 58.78,
            "research_to_sale_ratio": null,
            "price_fair": 6.07,
            "eps_avg_yearly": 2.02,
            "eps_latest_yearly": 0.24,
            "eps_growth_yearly": -68.94
        },
        "20231": {
            "year_quarter": 20231,
            "year": 2023,
            "quarter": 1,
            "eps": -0.12,
            "eps_growth_year": -300,
            "eps_4q": -0.6,
            "eps_4q_growth_year": -267.27,
            "roe": -0.8,
            "roe_4q": -3.4699999999999998,
            "gross_profit": 71734,
            "gross_margin": 20.56,
            "gross_margin_4q_avg": 25.37,
            "net_income": -10017,
            "net_income_4q": null,
            "revenue": 348851,
            "revenue_4q": null,
            "common_shares": 737670,
            "book_valuer_per_share": 17.14,
            "book_valuer_per_share_4q_avg": 17.12,
            "equity": 1280414,
            "current_ratio": 140,
            "debt_ratio": 53.75,
            "inventory_turnover_ratio": null,
            "account_receivable_turnover_ratio": 6.05,
            "reinvestment_rate": 84.75,
            "research_to_sale_ratio": null,
            "price_fair": 6.02,
            "eps_avg_yearly": 2.01,
            "eps_latest_yearly": 0.24,
            "eps_growth_yearly": -71.68
        },
        "20232": {
            "year_quarter": 20232,
            "year": 2023,
            "quarter": 2,
            "eps": 0.91,
            "eps_growth_year": null,
            "eps_4q": 0.89,
            "eps_4q_growth_year": null,
            "roe": 5.03,
            "roe_4q": 4.680000000000001,
            "gross_profit": 82801,
            "gross_margin": 16.14,
            "gross_margin_4q_avg": 20.2,
            "net_income": 66087,
            "net_income_4q": null,
            "revenue": 513096,
            "revenue_4q": null,
            "common_shares": 737670,
            "book_valuer_per_share": 18.09,
            "book_valuer_per_share_4q_avg": 16.93,
            "equity": 1348624,
            "current_ratio": 131.18,
            "debt_ratio": 57.02,
            "inventory_turnover_ratio": null,
            "account_receivable_turnover_ratio": 8.26,
            "reinvestment_rate": 109.1,
            "research_to_sale_ratio": null,
            "price_fair": 4.7,
            "eps_avg_yearly": 1.57,
            "eps_latest_yearly": 0.24,
            "eps_growth_yearly": -164.51
        },
        "20233": {
            "year_quarter": 20233,
            "year": 2023,
            "quarter": 3,
            "eps": 0.8,
            "eps_growth_year": 370.59,
            "eps_4q": 1.52,
            "eps_4q_growth_year": null,
            "roe": 4.29,
            "roe_4q": 7.92,
            "gross_profit": 100999,
            "gross_margin": 13.24,
            "gross_margin_4q_avg": 17.08,
            "net_income": 58036,
            "net_income_4q": null,
            "revenue": 762631,
            "revenue_4q": null,
            "common_shares": 737670,
            "book_valuer_per_share": 18.19,
            "book_valuer_per_share_4q_avg": 17.41,
            "equity": 1356394,
            "current_ratio": 126.9,
            "debt_ratio": 55.6,
            "inventory_turnover_ratio": null,
            "account_receivable_turnover_ratio": 10.35,
            "reinvestment_rate": 131.82,
            "research_to_sale_ratio": null,
            "price_fair": 3.7,
            "eps_avg_yearly": 1.23,
            "eps_latest_yearly": 3.2,
            "eps_growth_yearly": -187.13
        }
    },
    "months": {
        "2001-11": {
            "month": "2001-11",
            "price": "12.50",
            "revenue": 6274
        },
        "2001-12": {
            "month": "2001-12",
            "price": "11.25",
            "revenue": 14764
        },
        "2002-01": {
            "month": "2002-01",
            "price": "11.16",
            "revenue": 5944
        },
        "2002-02": {
            "month": "2002-02",
            "price": "10.99",
            "revenue": 10217
        },
        "2002-03": {
            "month": "2002-03",
            "price": "10.47",
            "revenue": 13855
        },
        "2002-04": {
            "month": "2002-04",
            "price": "11.03",
            "revenue": 11328
        },
        "2002-05": {
            "month": "2002-05",
            "price": "10.62",
            "revenue": 12384
        },
        "2002-06": {
            "month": "2002-06",
            "price": "10.74",
            "revenue": 18879
        },
        "2002-07": {
            "month": "2002-07",
            "price": "10.69",
            "revenue": 8538
        },
        "2002-08": {
            "month": "2002-08",
            "price": "10.20",
            "revenue": 20594
        },
        "2002-09": {
            "month": "2002-09",
            "price": "9.65",
            "revenue": 14518
        },
        "2002-10": {
            "month": "2002-10",
            "price": "9.41",
            "revenue": 5104
        },
        "2002-11": {
            "month": "2002-11",
            "price": "9.76",
            "revenue": 5326
        },
        "2002-12": {
            "month": "2002-12",
            "price": "10.00",
            "revenue": 8697
        },
        "2003-01": {
            "month": "2003-01",
            "price": "10.28",
            "revenue": 7479
        },
        "2003-02": {
            "month": "2003-02",
            "price": "9.48",
            "revenue": 9251
        },
        "2003-03": {
            "month": "2003-03",
            "price": "9.20",
            "revenue": 13530
        },
        "2003-04": {
            "month": "2003-04",
            "price": "8.30",
            "revenue": 6384
        },
        "2003-05": {
            "month": "2003-05",
            "price": "8.67",
            "revenue": 1930
        },
        "2003-06": {
            "month": "2003-06",
            "price": "8.85",
            "revenue": 4658
        },
        "2003-07": {
            "month": "2003-07",
            "price": "8.30",
            "revenue": 11535
        },
        "2003-08": {
            "month": "2003-08",
            "price": "8.17",
            "revenue": 15731
        },
        "2003-09": {
            "month": "2003-09",
            "price": "8.23",
            "revenue": 10679
        },
        "2003-10": {
            "month": "2003-10",
            "price": "8.13",
            "revenue": 13271
        },
        "2003-11": {
            "month": "2003-11",
            "price": "12.12",
            "revenue": 3164
        },
        "2003-12": {
            "month": "2003-12",
            "price": "13.62",
            "revenue": 5694
        },
        "2004-01": {
            "month": "2004-01",
            "price": "11.73",
            "revenue": 5093
        },
        "2004-02": {
            "month": "2004-02",
            "price": "17.98",
            "revenue": 14431
        },
        "2004-03": {
            "month": "2004-03",
            "price": "20.69",
            "revenue": 13985
        },
        "2004-04": {
            "month": "2004-04",
            "price": "15.73",
            "revenue": 15836
        },
        "2004-05": {
            "month": "2004-05",
            "price": "15.74",
            "revenue": 8684
        },
        "2004-06": {
            "month": "2004-06",
            "price": "16.97",
            "revenue": 21285
        },
        "2004-07": {
            "month": "2004-07",
            "price": "18.40",
            "revenue": 22403
        },
        "2004-08": {
            "month": "2004-08",
            "price": "16.36",
            "revenue": 24001
        },
        "2004-09": {
            "month": "2004-09",
            "price": "18.99",
            "revenue": 11381
        },
        "2004-10": {
            "month": "2004-10",
            "price": "18.98",
            "revenue": 22709
        },
        "2004-11": {
            "month": "2004-11",
            "price": "19.41",
            "revenue": 8963
        },
        "2004-12": {
            "month": "2004-12",
            "price": "21.73",
            "revenue": 7608
        },
        "2005-01": {
            "month": "2005-01",
            "price": "22.38",
            "revenue": 6860
        },
        "2005-02": {
            "month": "2005-02",
            "price": "22.74",
            "revenue": 24941
        },
        "2005-03": {
            "month": "2005-03",
            "price": "22.85",
            "revenue": 14295
        },
        "2005-04": {
            "month": "2005-04",
            "price": "22.24",
            "revenue": 11189
        },
        "2005-05": {
            "month": "2005-05",
            "price": "19.80",
            "revenue": 10635
        },
        "2005-06": {
            "month": "2005-06",
            "price": "20.58",
            "revenue": 23429
        },
        "2005-07": {
            "month": "2005-07",
            "price": "19.85",
            "revenue": 27513
        },
        "2005-08": {
            "month": "2005-08",
            "price": "18.46",
            "revenue": 32000
        },
        "2005-09": {
            "month": "2005-09",
            "price": "20.28",
            "revenue": 20603
        },
        "2005-10": {
            "month": "2005-10",
            "price": "20.30",
            "revenue": 11593
        },
        "2005-11": {
            "month": "2005-11",
            "price": "20.04",
            "revenue": 13452
        },
        "2005-12": {
            "month": "2005-12",
            "price": "21.93",
            "revenue": 18842
        },
        "2006-01": {
            "month": "2006-01",
            "price": "21.62",
            "revenue": 37599
        },
        "2006-02": {
            "month": "2006-02",
            "price": "20.76",
            "revenue": 139847
        },
        "2006-03": {
            "month": "2006-03",
            "price": "21.04",
            "revenue": 146718
        },
        "2006-04": {
            "month": "2006-04",
            "price": "33.59",
            "revenue": 61744
        },
        "2006-05": {
            "month": "2006-05",
            "price": "58.46",
            "revenue": 96225
        },
        "2006-06": {
            "month": "2006-06",
            "price": "64.12",
            "revenue": 245770
        },
        "2006-07": {
            "month": "2006-07",
            "price": "63.77",
            "revenue": 289361
        },
        "2006-08": {
            "month": "2006-08",
            "price": "60.83",
            "revenue": 251756
        },
        "2006-09": {
            "month": "2006-09",
            "price": "63.92",
            "revenue": 241831
        },
        "2006-10": {
            "month": "2006-10",
            "price": "65.16",
            "revenue": 214217
        },
        "2006-11": {
            "month": "2006-11",
            "price": "61.23",
            "revenue": 179773
        },
        "2006-12": {
            "month": "2006-12",
            "price": "64.09",
            "revenue": 169483
        },
        "2007-01": {
            "month": "2007-01",
            "price": "60.42",
            "revenue": 68680
        },
        "2007-02": {
            "month": "2007-02",
            "price": "76.58",
            "revenue": 210439
        },
        "2007-03": {
            "month": "2007-03",
            "price": "77.17",
            "revenue": 232776
        },
        "2007-04": {
            "month": "2007-04",
            "price": "76.68",
            "revenue": 112680
        },
        "2007-05": {
            "month": "2007-05",
            "price": "65.50",
            "revenue": 137614
        },
        "2007-06": {
            "month": "2007-06",
            "price": "66.70",
            "revenue": 243881
        },
        "2007-07": {
            "month": "2007-07",
            "price": "75.72",
            "revenue": 270065
        },
        "2007-08": {
            "month": "2007-08",
            "price": "66.86",
            "revenue": 258797
        },
        "2007-09": {
            "month": "2007-09",
            "price": "66.28",
            "revenue": 218878
        },
        "2007-10": {
            "month": "2007-10",
            "price": "59.09",
            "revenue": 251104
        },
        "2007-11": {
            "month": "2007-11",
            "price": "51.25",
            "revenue": 226304
        },
        "2007-12": {
            "month": "2007-12",
            "price": "53.64",
            "revenue": 297827
        },
        "2008-01": {
            "month": "2008-01",
            "price": "69.11",
            "revenue": 75759
        },
        "2008-02": {
            "month": "2008-02",
            "price": "77.84",
            "revenue": 205330
        },
        "2008-03": {
            "month": "2008-03",
            "price": "90.88",
            "revenue": 155322
        },
        "2008-04": {
            "month": "2008-04",
            "price": "89.70",
            "revenue": 107238
        },
        "2008-05": {
            "month": "2008-05",
            "price": "85.51",
            "revenue": 141915
        },
        "2008-06": {
            "month": "2008-06",
            "price": "100.39",
            "revenue": 204604
        },
        "2008-07": {
            "month": "2008-07",
            "price": "77.99",
            "revenue": 290875
        },
        "2008-08": {
            "month": "2008-08",
            "price": "74.45",
            "revenue": 108178
        },
        "2008-09": {
            "month": "2008-09",
            "price": "69.48",
            "revenue": 144628
        },
        "2008-10": {
            "month": "2008-10",
            "price": "44.39",
            "revenue": 137429
        },
        "2008-11": {
            "month": "2008-11",
            "price": "41.67",
            "revenue": 134008
        },
        "2008-12": {
            "month": "2008-12",
            "price": "51.23",
            "revenue": 108151
        },
        "2009-01": {
            "month": "2009-01",
            "price": "52.25",
            "revenue": 39586
        },
        "2009-02": {
            "month": "2009-02",
            "price": "46.46",
            "revenue": 225420
        },
        "2009-03": {
            "month": "2009-03",
            "price": "55.65",
            "revenue": 123813
        },
        "2009-04": {
            "month": "2009-04",
            "price": "82.33",
            "revenue": 115110
        },
        "2009-05": {
            "month": "2009-05",
            "price": "77.47",
            "revenue": 159646
        },
        "2009-06": {
            "month": "2009-06",
            "price": "76.88",
            "revenue": 131288
        },
        "2009-07": {
            "month": "2009-07",
            "price": "75.84",
            "revenue": 219406
        },
        "2009-08": {
            "month": "2009-08",
            "price": "63.92",
            "revenue": 113240
        },
        "2009-09": {
            "month": "2009-09",
            "price": "60.89",
            "revenue": 122941
        },
        "2009-10": {
            "month": "2009-10",
            "price": "57.09",
            "revenue": 147957
        },
        "2009-11": {
            "month": "2009-11",
            "price": "59.26",
            "revenue": 98158
        },
        "2009-12": {
            "month": "2009-12",
            "price": "64.14",
            "revenue": 99169
        },
        "2010-01": {
            "month": "2010-01",
            "price": "63.50",
            "revenue": 62758
        },
        "2010-02": {
            "month": "2010-02",
            "price": "56.96",
            "revenue": 277258
        },
        "2010-03": {
            "month": "2010-03",
            "price": "59.23",
            "revenue": 244167
        },
        "2010-04": {
            "month": "2010-04",
            "price": "64.25",
            "revenue": 88971
        },
        "2010-05": {
            "month": "2010-05",
            "price": "58.45",
            "revenue": 134594
        },
        "2010-06": {
            "month": "2010-06",
            "price": "61.16",
            "revenue": 180742
        },
        "2010-07": {
            "month": "2010-07",
            "price": "65.77",
            "revenue": 213379
        },
        "2010-08": {
            "month": "2010-08",
            "price": "64.33",
            "revenue": 356333
        },
        "2010-09": {
            "month": "2010-09",
            "price": "62.78",
            "revenue": 227199
        },
        "2010-10": {
            "month": "2010-10",
            "price": "62.86",
            "revenue": 223091
        },
        "2010-11": {
            "month": "2010-11",
            "price": "68.55",
            "revenue": 199271
        },
        "2010-12": {
            "month": "2010-12",
            "price": "70.86",
            "revenue": 93835
        },
        "2011-01": {
            "month": "2011-01",
            "price": "79.94",
            "revenue": 50925
        },
        "2011-02": {
            "month": "2011-02",
            "price": "72.75",
            "revenue": 274585
        },
        "2011-03": {
            "month": "2011-03",
            "price": "71.65",
            "revenue": 162324
        },
        "2011-04": {
            "month": "2011-04",
            "price": "79.46",
            "revenue": 140140
        },
        "2011-05": {
            "month": "2011-05",
            "price": "86.41",
            "revenue": 169511
        },
        "2011-06": {
            "month": "2011-06",
            "price": "78.96",
            "revenue": 261885
        },
        "2011-07": {
            "month": "2011-07",
            "price": "66.98",
            "revenue": 363884
        },
        "2011-08": {
            "month": "2011-08",
            "price": "60.58",
            "revenue": 414460
        },
        "2011-09": {
            "month": "2011-09",
            "price": "61.10",
            "revenue": 208535
        },
        "2011-10": {
            "month": "2011-10",
            "price": "64.69",
            "revenue": 295091
        },
        "2011-11": {
            "month": "2011-11",
            "price": "66.58",
            "revenue": 229286
        },
        "2011-12": {
            "month": "2011-12",
            "price": "60.70",
            "revenue": 106193
        },
        "2012-01": {
            "month": "2012-01",
            "price": "62.51",
            "revenue": 92305
        },
        "2012-02": {
            "month": "2012-02",
            "price": "69.19",
            "revenue": 409319
        },
        "2012-03": {
            "month": "2012-03",
            "price": "68.73",
            "revenue": 94671
        },
        "2012-04": {
            "month": "2012-04",
            "price": "62.66",
            "revenue": 152482
        },
        "2012-05": {
            "month": "2012-05",
            "price": "59.92",
            "revenue": 193785
        },
        "2012-06": {
            "month": "2012-06",
            "price": "56.16",
            "revenue": 255390
        },
        "2012-07": {
            "month": "2012-07",
            "price": "55.05",
            "revenue": 351612
        },
        "2012-08": {
            "month": "2012-08",
            "price": "55.10",
            "revenue": 286860
        },
        "2012-09": {
            "month": "2012-09",
            "price": "58.38",
            "revenue": 311272
        },
        "2012-10": {
            "month": "2012-10",
            "price": "63.57",
            "revenue": 447858
        },
        "2012-11": {
            "month": "2012-11",
            "price": "62.58",
            "revenue": 125003
        },
        "2012-12": {
            "month": "2012-12",
            "price": "64.64",
            "revenue": 119358
        },
        "2013-01": {
            "month": "2013-01",
            "price": "64.43",
            "revenue": 104254
        },
        "2013-02": {
            "month": "2013-02",
            "price": "62.10",
            "revenue": 363063
        },
        "2013-03": {
            "month": "2013-03",
            "price": "60.23",
            "revenue": 233787
        },
        "2013-04": {
            "month": "2013-04",
            "price": "56.05",
            "revenue": 177204
        },
        "2013-05": {
            "month": "2013-05",
            "price": "57.64",
            "revenue": 252512
        },
        "2013-06": {
            "month": "2013-06",
            "price": "59.66",
            "revenue": 382352
        },
        "2013-07": {
            "month": "2013-07",
            "price": "62.07",
            "revenue": 343081
        },
        "2013-08": {
            "month": "2013-08",
            "price": "61.90",
            "revenue": 406200
        },
        "2013-09": {
            "month": "2013-09",
            "price": "58.98",
            "revenue": 291165
        },
        "2013-10": {
            "month": "2013-10",
            "price": "56.80",
            "revenue": 300667
        },
        "2013-11": {
            "month": "2013-11",
            "price": "54.46",
            "revenue": 154339
        },
        "2013-12": {
            "month": "2013-12",
            "price": "57.54",
            "revenue": 96910
        },
        "2014-01": {
            "month": "2014-01",
            "price": "55.81",
            "revenue": 107732
        },
        "2014-02": {
            "month": "2014-02",
            "price": "53.75",
            "revenue": 271855
        },
        "2014-03": {
            "month": "2014-03",
            "price": "54.51",
            "revenue": 136720
        },
        "2014-04": {
            "month": "2014-04",
            "price": "53.77",
            "revenue": 196872
        },
        "2014-05": {
            "month": "2014-05",
            "price": "51.36",
            "revenue": 281325
        },
        "2014-06": {
            "month": "2014-06",
            "price": "52.48",
            "revenue": 343852
        },
        "2014-07": {
            "month": "2014-07",
            "price": "51.47",
            "revenue": 456591
        },
        "2014-08": {
            "month": "2014-08",
            "price": "46.23",
            "revenue": 365173
        },
        "2014-09": {
            "month": "2014-09",
            "price": "44.84",
            "revenue": 236318
        },
        "2014-10": {
            "month": "2014-10",
            "price": "42.93",
            "revenue": 279316
        },
        "2014-11": {
            "month": "2014-11",
            "price": "42.24",
            "revenue": 112998
        },
        "2014-12": {
            "month": "2014-12",
            "price": "42.61",
            "revenue": 93538
        },
        "2015-01": {
            "month": "2015-01",
            "price": "41.86",
            "revenue": 102641
        },
        "2015-02": {
            "month": "2015-02",
            "price": "41.43",
            "revenue": 313794
        },
        "2015-03": {
            "month": "2015-03",
            "price": "44.09",
            "revenue": 173365
        },
        "2015-04": {
            "month": "2015-04",
            "price": "47.65",
            "revenue": 225605
        },
        "2015-05": {
            "month": "2015-05",
            "price": "49.94",
            "revenue": 319498
        },
        "2015-06": {
            "month": "2015-06",
            "price": "47.85",
            "revenue": 334860
        },
        "2015-07": {
            "month": "2015-07",
            "price": "45.31",
            "revenue": 378882
        },
        "2015-08": {
            "month": "2015-08",
            "price": "38.44",
            "revenue": 296421
        },
        "2015-09": {
            "month": "2015-09",
            "price": "38.10",
            "revenue": 282879
        },
        "2015-10": {
            "month": "2015-10",
            "price": "39.63",
            "revenue": 259327
        },
        "2015-11": {
            "month": "2015-11",
            "price": "39.49",
            "revenue": 143598
        },
        "2015-12": {
            "month": "2015-12",
            "price": "38.43",
            "revenue": 139544
        },
        "2016-01": {
            "month": "2016-01",
            "price": "36.73",
            "revenue": 105941
        },
        "2016-02": {
            "month": "2016-02",
            "price": "37.35",
            "revenue": 330945
        },
        "2016-03": {
            "month": "2016-03",
            "price": "40.06",
            "revenue": 102011
        },
        "2016-04": {
            "month": "2016-04",
            "price": "41.37",
            "revenue": 226317
        },
        "2016-05": {
            "month": "2016-05",
            "price": "39.87",
            "revenue": 226308
        },
        "2016-06": {
            "month": "2016-06",
            "price": "38.84",
            "revenue": 327878
        },
        "2016-07": {
            "month": "2016-07",
            "price": "39.59",
            "revenue": 318877
        },
        "2016-08": {
            "month": "2016-08",
            "price": "37.28",
            "revenue": 289742
        },
        "2016-09": {
            "month": "2016-09",
            "price": "36.04",
            "revenue": 314141
        },
        "2016-10": {
            "month": "2016-10",
            "price": "35.52",
            "revenue": 332111
        },
        "2016-11": {
            "month": "2016-11",
            "price": "34.64",
            "revenue": 131277
        },
        "2016-12": {
            "month": "2016-12",
            "price": "34.40",
            "revenue": 113604
        },
        "2017-01": {
            "month": "2017-01",
            "price": "34.52",
            "revenue": 91665
        },
        "2017-02": {
            "month": "2017-02",
            "price": "35.60",
            "revenue": 231264
        },
        "2017-03": {
            "month": "2017-03",
            "price": "37.56",
            "revenue": 122783
        },
        "2017-04": {
            "month": "2017-04",
            "price": "35.94",
            "revenue": 192715
        },
        "2017-05": {
            "month": "2017-05",
            "price": "35.50",
            "revenue": 236662
        },
        "2017-06": {
            "month": "2017-06",
            "price": "35.79",
            "revenue": 346088
        },
        "2017-07": {
            "month": "2017-07",
            "price": "35.22",
            "revenue": 385471
        },
        "2017-08": {
            "month": "2017-08",
            "price": "34.68",
            "revenue": 282695
        },
        "2017-09": {
            "month": "2017-09",
            "price": "34.51",
            "revenue": 223110
        },
        "2017-10": {
            "month": "2017-10",
            "price": "34.04",
            "revenue": 359270
        },
        "2017-11": {
            "month": "2017-11",
            "price": "34.42",
            "revenue": 134681
        },
        "2017-12": {
            "month": "2017-12",
            "price": "34.56",
            "revenue": 109796
        },
        "2018-01": {
            "month": "2018-01",
            "price": "35.37",
            "revenue": 70348
        },
        "2018-02": {
            "month": "2018-02",
            "price": "34.20",
            "revenue": 275699
        },
        "2018-03": {
            "month": "2018-03",
            "price": "34.67",
            "revenue": 140844
        },
        "2018-04": {
            "month": "2018-04",
            "price": "36.17",
            "revenue": 268379
        },
        "2018-05": {
            "month": "2018-05",
            "price": "36.96",
            "revenue": 261391
        },
        "2018-06": {
            "month": "2018-06",
            "price": "37.54",
            "revenue": 332369
        },
        "2018-07": {
            "month": "2018-07",
            "price": "34.95",
            "revenue": 309039
        },
        "2018-08": {
            "month": "2018-08",
            "price": "34.80",
            "revenue": 302516
        },
        "2018-09": {
            "month": "2018-09",
            "price": "33.98",
            "revenue": 309342
        },
        "2018-10": {
            "month": "2018-10",
            "price": "33.35",
            "revenue": 320940
        },
        "2018-11": {
            "month": "2018-11",
            "price": "34.37",
            "revenue": 170373
        },
        "2018-12": {
            "month": "2018-12",
            "price": "35.79",
            "revenue": 162553
        },
        "2019-01": {
            "month": "2019-01",
            "price": "35.18",
            "revenue": 91199
        },
        "2019-02": {
            "month": "2019-02",
            "price": "35.74",
            "revenue": 275944
        },
        "2019-03": {
            "month": "2019-03",
            "price": "36.30",
            "revenue": 150836
        },
        "2019-04": {
            "month": "2019-04",
            "price": "36.82",
            "revenue": 281503
        },
        "2019-05": {
            "month": "2019-05",
            "price": "36.66",
            "revenue": 288438
        },
        "2019-06": {
            "month": "2019-06",
            "price": "37.62",
            "revenue": 342529
        },
        "2019-07": {
            "month": "2019-07",
            "price": "37.60",
            "revenue": 330183
        },
        "2019-08": {
            "month": "2019-08",
            "price": "35.82",
            "revenue": 303335
        },
        "2019-09": {
            "month": "2019-09",
            "price": "36.06",
            "revenue": 341103
        },
        "2019-10": {
            "month": "2019-10",
            "price": "36.83",
            "revenue": 328356
        },
        "2019-11": {
            "month": "2019-11",
            "price": "38.35",
            "revenue": 172322
        },
        "2019-12": {
            "month": "2019-12",
            "price": "39.41",
            "revenue": 105253
        },
        "2020-01": {
            "month": "2020-01",
            "price": "40.09",
            "revenue": 119788
        },
        "2020-02": {
            "month": "2020-02",
            "price": "36.03",
            "revenue": 214290
        },
        "2020-03": {
            "month": "2020-03",
            "price": "29.22",
            "revenue": 39115
        },
        "2020-04": {
            "month": "2020-04",
            "price": "29.17",
            "revenue": 11650
        },
        "2020-05": {
            "month": "2020-05",
            "price": "32.37",
            "revenue": 10620
        },
        "2020-06": {
            "month": "2020-06",
            "price": "34.72",
            "revenue": 11959
        },
        "2020-07": {
            "month": "2020-07",
            "price": "32.17",
            "revenue": 10690
        },
        "2020-08": {
            "month": "2020-08",
            "price": "29.14",
            "revenue": 24774
        },
        "2020-09": {
            "month": "2020-09",
            "price": "29.01",
            "revenue": 17969
        },
        "2020-10": {
            "month": "2020-10",
            "price": "29.15",
            "revenue": 14757
        },
        "2020-11": {
            "month": "2020-11",
            "price": "30.28",
            "revenue": 5753
        },
        "2020-12": {
            "month": "2020-12",
            "price": "32.43",
            "revenue": 15670
        },
        "2021-01": {
            "month": "2021-01",
            "price": "30.20",
            "revenue": 8898
        },
        "2021-02": {
            "month": "2021-02",
            "price": "34.21",
            "revenue": 9339
        },
        "2021-03": {
            "month": "2021-03",
            "price": "42.48",
            "revenue": 6470
        },
        "2021-04": {
            "month": "2021-04",
            "price": "40.22",
            "revenue": 9328
        },
        "2021-05": {
            "month": "2021-05",
            "price": "35.29",
            "revenue": 9808
        },
        "2021-06": {
            "month": "2021-06",
            "price": "41.39",
            "revenue": 3209
        },
        "2021-07": {
            "month": "2021-07",
            "price": "45.32",
            "revenue": 23783
        },
        "2021-08": {
            "month": "2021-08",
            "price": "41.24",
            "revenue": 28937
        },
        "2021-09": {
            "month": "2021-09",
            "price": "39.67",
            "revenue": 20015
        },
        "2021-10": {
            "month": "2021-10",
            "price": "42.85",
            "revenue": 6754
        },
        "2021-11": {
            "month": "2021-11",
            "price": "45.13",
            "revenue": 10253
        },
        "2021-12": {
            "month": "2021-12",
            "price": "42.67",
            "revenue": 8883
        },
        "2022-01": {
            "month": "2022-01",
            "price": "41.25",
            "revenue": 5690
        },
        "2022-02": {
            "month": "2022-02",
            "price": "52.58",
            "revenue": 9517
        },
        "2022-03": {
            "month": "2022-03",
            "price": "64.19",
            "revenue": 6622
        },
        "2022-04": {
            "month": "2022-04",
            "price": "68.75",
            "revenue": 9192
        },
        "2022-05": {
            "month": "2022-05",
            "price": "66.76",
            "revenue": 7483
        },
        "2022-06": {
            "month": "2022-06",
            "price": "68.38",
            "revenue": 6067
        },
        "2022-07": {
            "month": "2022-07",
            "price": "64.02",
            "revenue": 9933
        },
        "2022-08": {
            "month": "2022-08",
            "price": "60.90",
            "revenue": 9731
        },
        "2022-09": {
            "month": "2022-09",
            "price": "62.86",
            "revenue": 19806
        },
        "2022-10": {
            "month": "2022-10",
            "price": "50.99",
            "revenue": 12831
        },
        "2022-11": {
            "month": "2022-11",
            "price": "51.91",
            "revenue": 53426
        },
        "2022-12": {
            "month": "2022-12",
            "price": "59.45",
            "revenue": 42642
        },
        "2023-01": {
            "month": "2023-01",
            "price": "60.75",
            "revenue": 141894
        },
        "2023-02": {
            "month": "2023-02",
            "price": "65.72",
            "revenue": 87618
        },
        "2023-03": {
            "month": "2023-03",
            "price": "64.95",
            "revenue": 122185
        },
        "2023-04": {
            "month": "2023-04",
            "price": "63.64",
            "revenue": 161415
        },
        "2023-05": {
            "month": "2023-05",
            "price": "72.40",
            "revenue": 158095
        },
        "2023-06": {
            "month": "2023-06",
            "price": "112.52",
            "revenue": 196713
        },
        "2023-07": {
            "month": "2023-07",
            "price": "89.74",
            "revenue": 303887
        },
        "2023-08": {
            "month": "2023-08",
            "price": "76.61",
            "revenue": 224976
        },
        "2023-09": {
            "month": "2023-09",
            "price": "67.94",
            "revenue": 230018
        },
        "2023-10": {
            "month": "2023-10",
            "price": "63.86",
            "revenue": 317388
        },
        "2023-11": {
            "month": "2023-11",
            "price": "72.65",
            "revenue": 182183
        },
        "2023-12": {
            "month": "2023-12",
            "price": "72.55",
            "revenue": 76339
        }
    }
}
