{
    "summary": {
        "stock_name": "日盛金",
        "stock_id": "5820",
        "category": "金融",
        "main_business": "金融控股公司業",
        "website_url": "http://www.jsun.com",
        "ceo": "韓蔚廷(兼任)",
        "pe_ratio": 12,
        "report_year_from": 2002,
        "report_year_to": 2022,
        "age": 21,
        "eps_negative_percentage": 0,
        "eps_growth_avg": {
            "last_all": -1.76,
            "last_2y": 1.05,
            "last_4y": -0.65,
            "last_8y": 2.09,
            "last_12y": null,
            "last_16y": null,
            "last_20y": null,
            "at_2006_last_3y": null,
            "at_2007_last_3y": null,
            "at_2008_last_3y": null,
            "at_2009_last_3y": null,
            "at_2010_last_3y": null,
            "at_2011_last_3y": null,
            "at_2012_last_3y": null,
            "at_2013_last_3y": null,
            "at_2014_last_3y": -7.47,
            "at_2015_last_3y": -7.03,
            "at_2016_last_3y": -12.05,
            "at_2017_last_3y": 5.52,
            "at_2018_last_3y": 4.89,
            "at_2019_last_3y": 6.94,
            "at_2020_last_3y": 21.72,
            "at_2021_last_3y": 14.46,
            "at_2022_last_3y": -2.68,
            "at_2023_last_3y": -2.68,
            "at_2006_last_all": null,
            "at_2007_last_all": null,
            "at_2008_last_all": null,
            "at_2009_last_all": null,
            "at_2010_last_all": null,
            "at_2011_last_all": null,
            "at_2012_last_all": -18.55,
            "at_2013_last_all": -13.29,
            "at_2014_last_all": -7.47,
            "at_2015_last_all": -10.39,
            "at_2016_last_all": -14.22,
            "at_2017_last_all": -2.54,
            "at_2018_last_all": -1.29,
            "at_2019_last_all": -2.69,
            "at_2020_last_all": 0.16,
            "at_2021_last_all": 3.64,
            "at_2022_last_all": -1.76,
            "at_2023_last_all": -1.76
        },
        "latest_eps": 0.96,
        "latest_price": 11.7,
        "latest_roe": 7.11,
        "latest_gross_margin": null,
        "latest_equity": 52014768,
        "latest_revenue": 2503786,
        "latest_gross_profit": null,
        "latest_net_income": 839353,
        "latest_debt_ratio": 84.71,
        "latest_current_ratio": null,
        "latest_account_receivable_turnover_ratio": null,
        "latest_inventory_turnover_ratio": null,
        "latest_reinvestment_rate": 0.15,
        "latest_research_to_sale_ratio": null
    },
    "eps_dividends": {
        "2001": {
            "cash": 0,
            "stock": 0,
            "eps": 0
        },
        "2002": {
            "cash": 0,
            "stock": 0,
            "eps": 0
        },
        "2003": {
            "cash": 0,
            "stock": 0,
            "eps": 0
        },
        "2004": {
            "cash": 0,
            "stock": 0,
            "eps": 0
        },
        "2005": {
            "cash": 0,
            "stock": 0,
            "eps": 0
        },
        "2006": {
            "cash": 0,
            "stock": 0,
            "eps": 0
        },
        "2007": {
            "cash": 0,
            "stock": 0,
            "eps": 0
        },
        "2008": {
            "cash": 0,
            "stock": 0,
            "eps": 0
        },
        "2009": {
            "cash": 0,
            "stock": 0,
            "eps": 0
        },
        "2010": {
            "cash": 0,
            "stock": 0,
            "eps": 1.09
        },
        "2011": {
            "cash": 0.09,
            "stock": 0.82,
            "eps": 0.83
        },
        "2012": {
            "cash": 0.07,
            "stock": 0.67,
            "eps": 0.72
        },
        "2013": {
            "cash": 0.13,
            "stock": 0.52,
            "eps": 0.7
        },
        "2014": {
            "cash": 0.09,
            "stock": 0.37,
            "eps": 0.77
        },
        "2015": {
            "cash": 0.14,
            "stock": 0.56,
            "eps": 0.6
        },
        "2016": {
            "cash": 0.11,
            "stock": 0.43,
            "eps": 0.4
        },
        "2017": {
            "cash": 0.08,
            "stock": 0,
            "eps": 0.67
        },
        "2018": {
            "cash": 0.52,
            "stock": 0.22,
            "eps": 0.72
        },
        "2019": {
            "cash": 0.6,
            "stock": 0.26,
            "eps": 0.62
        },
        "2020": {
            "cash": 0.38,
            "stock": 0.16,
            "eps": 0.78
        },
        "2021": {
            "cash": 0.39,
            "stock": 0.17,
            "eps": 1.08
        },
        "2022": {
            "cash": 0.7,
            "stock": 0,
            "eps": 0.42
        }
    },
    "dividends": {
        "2011-03-30": {
            "cash": 0.09,
            "stock": 0.82
        },
        "2012-06-22": {
            "cash": 0.07,
            "stock": 0.67
        },
        "2013-06-21": {
            "cash": 0.13,
            "stock": 0.52
        },
        "2014-09-12": {
            "cash": 0.09,
            "stock": 0.37
        },
        "2015-10-08": {
            "cash": 0.14,
            "stock": 0.56
        },
        "2016-10-14": {
            "cash": 0.11,
            "stock": 0.43
        },
        "2017-09-08": {
            "cash": 0.08,
            "stock": 0
        },
        "2018-09-14": {
            "cash": 0.52,
            "stock": 0.22
        },
        "2019-09-12": {
            "cash": 0.6,
            "stock": 0.26
        },
        "2020-09-16": {
            "cash": 0.38,
            "stock": 0.16
        },
        "2021-12-10": {
            "cash": 0.39,
            "stock": 0.17
        },
        "2022-07-29": {
            "cash": 0.7,
            "stock": 0
        }
    },
    "prices": {
        "200101": "無",
        "200102": "無",
        "200103": "無",
        "200104": "無",
        "200105": "無",
        "200106": "無",
        "200107": "無",
        "200108": "無",
        "200109": "無",
        "200110": "無",
        "200111": "無",
        "200112": "無",
        "200201": "無",
        "200202": "9.68",
        "200203": "9.43",
        "200204": "10.64",
        "200205": "10.41",
        "200206": "10.12",
        "200207": "9.28",
        "200208": "8.58",
        "200209": "7.48",
        "200210": "6.30",
        "200211": "6.91",
        "200212": "7.15",
        "200301": "8.61",
        "200302": "8.09",
        "200303": "7.03",
        "200304": "6.81",
        "200305": "6.10",
        "200306": "6.92",
        "200307": "7.06",
        "200308": "6.97",
        "200309": "7.05",
        "200310": "7.10",
        "200311": "7.06",
        "200312": "7.98",
        "200401": "9.40",
        "200402": "11.44",
        "200403": "12.81",
        "200404": "11.85",
        "200405": "9.85",
        "200406": "9.95",
        "200407": "10.01",
        "200408": "9.59",
        "200409": "9.70",
        "200410": "10.42",
        "200411": "10.78",
        "200412": "10.66",
        "200501": "10.71",
        "200502": "10.38",
        "200503": "9.94",
        "200504": "8.56",
        "200505": "7.97",
        "200506": "8.28",
        "200507": "8.78",
        "200508": "8.48",
        "200509": "7.95",
        "200510": "7.51",
        "200511": "6.83",
        "200512": "7.03",
        "200601": "7.36",
        "200602": "7.37",
        "200603": "6.99",
        "200604": "7.37",
        "200605": "8.16",
        "200606": "7.36",
        "200607": "7.34",
        "200608": "7.15",
        "200609": "6.98",
        "200610": "7.76",
        "200611": "7.60",
        "200612": "7.73",
        "200701": "7.82",
        "200702": "7.24",
        "200703": "6.85",
        "200704": "6.81",
        "200705": "5.96",
        "200706": "6.03",
        "200707": "8.06",
        "200708": "7.41",
        "200709": "9.31",
        "200710": "9.71",
        "200711": "9.30",
        "200712": "9.22",
        "200801": "8.82",
        "200802": "7.91",
        "200803": "7.75",
        "200804": "8.01",
        "200805": "7.75",
        "200806": "7.12",
        "200807": "7.44",
        "200808": "6.41",
        "200809": "4.50",
        "200810": "3.03",
        "200811": "2.77",
        "200812": "2.95",
        "200901": "2.84",
        "200902": "2.80",
        "200903": "2.82",
        "200904": "4.41",
        "200905": "5.25",
        "200906": "5.59",
        "200907": "5.40",
        "200908": "5.07",
        "200909": "4.87",
        "200910": "5.24",
        "200911": "5.04",
        "200912": "4.75",
        "201001": "4.74",
        "201002": "4.02",
        "201003": "4.05",
        "201004": "4.16",
        "201005": "3.79",
        "201006": "3.79",
        "201007": "4.72",
        "201008": "6.06",
        "201009": "10.17",
        "201010": "10.22",
        "201011": "10.15",
        "201012": "11.97",
        "201101": "13.76",
        "201102": "13.89",
        "201103": "13.75",
        "201104": "14.06",
        "201105": "13.94",
        "201106": "13.23",
        "201107": "13.39",
        "201108": "11.08",
        "201109": "9.18",
        "201110": "8.95",
        "201111": "9.24",
        "201112": "7.99",
        "201201": "7.88",
        "201202": "9.29",
        "201203": "9.73",
        "201204": "8.93",
        "201205": "8.51",
        "201206": "8.32",
        "201207": "8.49",
        "201208": "8.60",
        "201209": "8.33",
        "201210": "8.01",
        "201211": "7.75",
        "201212": "8.13",
        "201301": "8.42",
        "201302": "9.05",
        "201303": "9.08",
        "201304": "8.91",
        "201305": "9.30",
        "201306": "9.42",
        "201307": "9.36",
        "201308": "8.60",
        "201309": "8.50",
        "201310": "8.47",
        "201311": "8.24",
        "201312": "8.40",
        "201401": "8.88",
        "201402": "8.73",
        "201403": "8.54",
        "201404": "8.46",
        "201405": "8.23",
        "201406": "8.46",
        "201407": "8.88",
        "201408": "8.47",
        "201409": "8.31",
        "201410": "8.05",
        "201411": "8.12",
        "201412": "8.25",
        "201501": "8.30",
        "201502": "8.39",
        "201503": "8.39",
        "201504": "8.55",
        "201505": "9.06",
        "201506": "8.58",
        "201507": "8.26",
        "201508": "7.68",
        "201509": "7.36",
        "201510": "7.39",
        "201511": "7.39",
        "201512": "7.18",
        "201601": "6.74",
        "201602": "7.20",
        "201603": "7.23",
        "201604": "7.08",
        "201605": "6.83",
        "201606": "6.84",
        "201607": "6.95",
        "201608": "7.07",
        "201609": "6.84",
        "201610": "6.55",
        "201611": "6.52",
        "201612": "6.75",
        "201701": "6.80",
        "201702": "6.95",
        "201703": "7.37",
        "201704": "7.16",
        "201705": "6.89",
        "201706": "6.79",
        "201707": "6.97",
        "201708": "7.09",
        "201709": "7.34",
        "201710": "7.81",
        "201711": "8.46",
        "201712": "8.46",
        "201801": "8.44",
        "201802": "8.17",
        "201803": "8.80",
        "201804": "8.45",
        "201805": "9.05",
        "201806": "9.21",
        "201807": "9.18",
        "201808": "9.60",
        "201809": "9.53",
        "201810": "9.24",
        "201811": "9.05",
        "201812": "8.88",
        "201901": "8.89",
        "201902": "9.38",
        "201903": "9.47",
        "201904": "9.33",
        "201905": "10.34",
        "201906": "10.72",
        "201907": "10.69",
        "201908": "9.71",
        "201909": "9.68",
        "201910": "9.64",
        "201911": "9.72",
        "201912": "9.72",
        "202001": "9.96",
        "202002": "10.01",
        "202003": "9.07",
        "202004": "9.27",
        "202005": "9.29",
        "202006": "9.61",
        "202007": "10.26",
        "202008": "10.34",
        "202009": "10.80",
        "202010": "10.76",
        "202011": "10.41",
        "202012": "11.27",
        "202101": "12.35",
        "202102": "12.19",
        "202103": "12.52",
        "202104": "12.80",
        "202105": "12.87",
        "202106": "12.90",
        "202107": "12.92",
        "202108": "12.92",
        "202109": "12.90",
        "202110": "12.92",
        "202111": "12.46",
        "202112": "12.36",
        "202201": "12.37",
        "202202": "12.38",
        "202203": "12.38",
        "202204": "12.38",
        "202205": "12.36",
        "202206": "12.21",
        "202207": "11.52",
        "202208": "11.48",
        "202209": "11.50",
        "202210": "11.65",
        "202211": "無",
        "202212": "無",
        "202301": "無",
        "202302": "無",
        "202303": "無",
        "202304": "無",
        "202305": "無",
        "202306": "無"
    },
    "quarters": {
        "20011": {
            "year_quarter": 20011,
            "year": 2001,
            "quarter": 1,
            "eps": null,
            "eps_growth_year": null,
            "eps_4q": null,
            "eps_4q_growth_year": null,
            "roe": null,
            "roe_4q": 0,
            "gross_profit": null,
            "gross_margin": null,
            "gross_margin_4q_avg": 0,
            "net_income": null,
            "revenue": null,
            "common_shares": null,
            "book_valuer_per_share": null,
            "book_valuer_per_share_4q_avg": 0,
            "equity": null,
            "current_ratio": null,
            "debt_ratio": null,
            "inventory_turnover_ratio": null,
            "account_receivable_turnover_ratio": null,
            "reinvestment_rate": null,
            "research_to_sale_ratio": null,
            "price_fair": 0,
            "eps_avg_yearly": 0,
            "eps_latest_yearly": 0,
            "eps_growth_yearly": 0
        },
        "20012": {
            "year_quarter": 20012,
            "year": 2001,
            "quarter": 2,
            "eps": null,
            "eps_growth_year": null,
            "eps_4q": null,
            "eps_4q_growth_year": null,
            "roe": null,
            "roe_4q": 0,
            "gross_profit": null,
            "gross_margin": null,
            "gross_margin_4q_avg": 0,
            "net_income": null,
            "revenue": null,
            "common_shares": null,
            "book_valuer_per_share": null,
            "book_valuer_per_share_4q_avg": 0,
            "equity": null,
            "current_ratio": null,
            "debt_ratio": null,
            "inventory_turnover_ratio": null,
            "account_receivable_turnover_ratio": null,
            "reinvestment_rate": null,
            "research_to_sale_ratio": null,
            "price_fair": 0,
            "eps_avg_yearly": 0,
            "eps_latest_yearly": 0,
            "eps_growth_yearly": 0
        },
        "20013": {
            "year_quarter": 20013,
            "year": 2001,
            "quarter": 3,
            "eps": null,
            "eps_growth_year": null,
            "eps_4q": null,
            "eps_4q_growth_year": null,
            "roe": null,
            "roe_4q": 0,
            "gross_profit": null,
            "gross_margin": null,
            "gross_margin_4q_avg": 0,
            "net_income": null,
            "revenue": null,
            "common_shares": null,
            "book_valuer_per_share": null,
            "book_valuer_per_share_4q_avg": 0,
            "equity": null,
            "current_ratio": null,
            "debt_ratio": null,
            "inventory_turnover_ratio": null,
            "account_receivable_turnover_ratio": null,
            "reinvestment_rate": null,
            "research_to_sale_ratio": null,
            "price_fair": 0,
            "eps_avg_yearly": 0,
            "eps_latest_yearly": 0,
            "eps_growth_yearly": 0
        },
        "20014": {
            "year_quarter": 20014,
            "year": 2001,
            "quarter": 4,
            "eps": null,
            "eps_growth_year": null,
            "eps_4q": null,
            "eps_4q_growth_year": null,
            "roe": null,
            "roe_4q": 0,
            "gross_profit": null,
            "gross_margin": null,
            "gross_margin_4q_avg": 0,
            "net_income": null,
            "revenue": null,
            "common_shares": null,
            "book_valuer_per_share": null,
            "book_valuer_per_share_4q_avg": 0,
            "equity": null,
            "current_ratio": null,
            "debt_ratio": null,
            "inventory_turnover_ratio": null,
            "account_receivable_turnover_ratio": null,
            "reinvestment_rate": null,
            "research_to_sale_ratio": null,
            "price_fair": 0,
            "eps_avg_yearly": 0,
            "eps_latest_yearly": 0,
            "eps_growth_yearly": 0
        },
        "20021": {
            "year_quarter": 20021,
            "year": 2002,
            "quarter": 1,
            "eps": null,
            "eps_growth_year": null,
            "eps_4q": null,
            "eps_4q_growth_year": null,
            "roe": null,
            "roe_4q": 0,
            "gross_profit": null,
            "gross_margin": null,
            "gross_margin_4q_avg": 0,
            "net_income": null,
            "revenue": null,
            "common_shares": null,
            "book_valuer_per_share": null,
            "book_valuer_per_share_4q_avg": 0,
            "equity": null,
            "current_ratio": null,
            "debt_ratio": null,
            "inventory_turnover_ratio": null,
            "account_receivable_turnover_ratio": null,
            "reinvestment_rate": null,
            "research_to_sale_ratio": null,
            "price_fair": 0,
            "eps_avg_yearly": 0,
            "eps_latest_yearly": 0,
            "eps_growth_yearly": 0
        },
        "20022": {
            "year_quarter": 20022,
            "year": 2002,
            "quarter": 2,
            "eps": null,
            "eps_growth_year": null,
            "eps_4q": null,
            "eps_4q_growth_year": null,
            "roe": null,
            "roe_4q": 0,
            "gross_profit": null,
            "gross_margin": null,
            "gross_margin_4q_avg": 0,
            "net_income": null,
            "revenue": null,
            "common_shares": null,
            "book_valuer_per_share": null,
            "book_valuer_per_share_4q_avg": 0,
            "equity": null,
            "current_ratio": null,
            "debt_ratio": null,
            "inventory_turnover_ratio": null,
            "account_receivable_turnover_ratio": null,
            "reinvestment_rate": null,
            "research_to_sale_ratio": null,
            "price_fair": 0,
            "eps_avg_yearly": 0,
            "eps_latest_yearly": 0,
            "eps_growth_yearly": 0
        },
        "20023": {
            "year_quarter": 20023,
            "year": 2002,
            "quarter": 3,
            "eps": null,
            "eps_growth_year": null,
            "eps_4q": null,
            "eps_4q_growth_year": null,
            "roe": null,
            "roe_4q": 0,
            "gross_profit": null,
            "gross_margin": null,
            "gross_margin_4q_avg": 0,
            "net_income": null,
            "revenue": null,
            "common_shares": null,
            "book_valuer_per_share": null,
            "book_valuer_per_share_4q_avg": 0,
            "equity": null,
            "current_ratio": null,
            "debt_ratio": null,
            "inventory_turnover_ratio": null,
            "account_receivable_turnover_ratio": null,
            "reinvestment_rate": null,
            "research_to_sale_ratio": null,
            "price_fair": 0,
            "eps_avg_yearly": 0,
            "eps_latest_yearly": 0,
            "eps_growth_yearly": 0
        },
        "20024": {
            "year_quarter": 20024,
            "year": 2002,
            "quarter": 4,
            "eps": null,
            "eps_growth_year": null,
            "eps_4q": null,
            "eps_4q_growth_year": null,
            "roe": null,
            "roe_4q": 0,
            "gross_profit": null,
            "gross_margin": null,
            "gross_margin_4q_avg": 0,
            "net_income": null,
            "revenue": null,
            "common_shares": null,
            "book_valuer_per_share": null,
            "book_valuer_per_share_4q_avg": 0,
            "equity": null,
            "current_ratio": null,
            "debt_ratio": null,
            "inventory_turnover_ratio": null,
            "account_receivable_turnover_ratio": null,
            "reinvestment_rate": null,
            "research_to_sale_ratio": null,
            "price_fair": 0,
            "eps_avg_yearly": 0,
            "eps_latest_yearly": 0,
            "eps_growth_yearly": 0
        },
        "20031": {
            "year_quarter": 20031,
            "year": 2003,
            "quarter": 1,
            "eps": null,
            "eps_growth_year": null,
            "eps_4q": null,
            "eps_4q_growth_year": null,
            "roe": null,
            "roe_4q": 0,
            "gross_profit": null,
            "gross_margin": null,
            "gross_margin_4q_avg": 0,
            "net_income": null,
            "revenue": null,
            "common_shares": null,
            "book_valuer_per_share": null,
            "book_valuer_per_share_4q_avg": 0,
            "equity": null,
            "current_ratio": null,
            "debt_ratio": null,
            "inventory_turnover_ratio": null,
            "account_receivable_turnover_ratio": null,
            "reinvestment_rate": null,
            "research_to_sale_ratio": null,
            "price_fair": 0,
            "eps_avg_yearly": 0,
            "eps_latest_yearly": 0,
            "eps_growth_yearly": 0
        },
        "20032": {
            "year_quarter": 20032,
            "year": 2003,
            "quarter": 2,
            "eps": null,
            "eps_growth_year": null,
            "eps_4q": null,
            "eps_4q_growth_year": null,
            "roe": null,
            "roe_4q": 0,
            "gross_profit": null,
            "gross_margin": null,
            "gross_margin_4q_avg": 0,
            "net_income": null,
            "revenue": null,
            "common_shares": null,
            "book_valuer_per_share": null,
            "book_valuer_per_share_4q_avg": 0,
            "equity": null,
            "current_ratio": null,
            "debt_ratio": null,
            "inventory_turnover_ratio": null,
            "account_receivable_turnover_ratio": null,
            "reinvestment_rate": null,
            "research_to_sale_ratio": null,
            "price_fair": 0,
            "eps_avg_yearly": 0,
            "eps_latest_yearly": 0,
            "eps_growth_yearly": 0
        },
        "20033": {
            "year_quarter": 20033,
            "year": 2003,
            "quarter": 3,
            "eps": null,
            "eps_growth_year": null,
            "eps_4q": null,
            "eps_4q_growth_year": null,
            "roe": null,
            "roe_4q": 0,
            "gross_profit": null,
            "gross_margin": null,
            "gross_margin_4q_avg": 0,
            "net_income": null,
            "revenue": null,
            "common_shares": null,
            "book_valuer_per_share": null,
            "book_valuer_per_share_4q_avg": 0,
            "equity": null,
            "current_ratio": null,
            "debt_ratio": null,
            "inventory_turnover_ratio": null,
            "account_receivable_turnover_ratio": null,
            "reinvestment_rate": null,
            "research_to_sale_ratio": null,
            "price_fair": 0,
            "eps_avg_yearly": 0,
            "eps_latest_yearly": 0,
            "eps_growth_yearly": 0
        },
        "20034": {
            "year_quarter": 20034,
            "year": 2003,
            "quarter": 4,
            "eps": null,
            "eps_growth_year": null,
            "eps_4q": null,
            "eps_4q_growth_year": null,
            "roe": null,
            "roe_4q": 0,
            "gross_profit": null,
            "gross_margin": null,
            "gross_margin_4q_avg": 0,
            "net_income": null,
            "revenue": null,
            "common_shares": null,
            "book_valuer_per_share": null,
            "book_valuer_per_share_4q_avg": 0,
            "equity": null,
            "current_ratio": null,
            "debt_ratio": null,
            "inventory_turnover_ratio": null,
            "account_receivable_turnover_ratio": null,
            "reinvestment_rate": null,
            "research_to_sale_ratio": null,
            "price_fair": 0,
            "eps_avg_yearly": 0,
            "eps_latest_yearly": 0,
            "eps_growth_yearly": 0
        },
        "20041": {
            "year_quarter": 20041,
            "year": 2004,
            "quarter": 1,
            "eps": null,
            "eps_growth_year": null,
            "eps_4q": null,
            "eps_4q_growth_year": null,
            "roe": null,
            "roe_4q": 0,
            "gross_profit": null,
            "gross_margin": null,
            "gross_margin_4q_avg": 0,
            "net_income": null,
            "revenue": null,
            "common_shares": null,
            "book_valuer_per_share": null,
            "book_valuer_per_share_4q_avg": 0,
            "equity": null,
            "current_ratio": null,
            "debt_ratio": null,
            "inventory_turnover_ratio": null,
            "account_receivable_turnover_ratio": null,
            "reinvestment_rate": null,
            "research_to_sale_ratio": null,
            "price_fair": 0,
            "eps_avg_yearly": 0,
            "eps_latest_yearly": 0,
            "eps_growth_yearly": 0
        },
        "20042": {
            "year_quarter": 20042,
            "year": 2004,
            "quarter": 2,
            "eps": null,
            "eps_growth_year": null,
            "eps_4q": null,
            "eps_4q_growth_year": null,
            "roe": null,
            "roe_4q": 0,
            "gross_profit": null,
            "gross_margin": null,
            "gross_margin_4q_avg": 0,
            "net_income": null,
            "revenue": null,
            "common_shares": null,
            "book_valuer_per_share": null,
            "book_valuer_per_share_4q_avg": 0,
            "equity": null,
            "current_ratio": null,
            "debt_ratio": null,
            "inventory_turnover_ratio": null,
            "account_receivable_turnover_ratio": null,
            "reinvestment_rate": null,
            "research_to_sale_ratio": null,
            "price_fair": 0,
            "eps_avg_yearly": 0,
            "eps_latest_yearly": 0,
            "eps_growth_yearly": 0
        },
        "20043": {
            "year_quarter": 20043,
            "year": 2004,
            "quarter": 3,
            "eps": null,
            "eps_growth_year": null,
            "eps_4q": null,
            "eps_4q_growth_year": null,
            "roe": null,
            "roe_4q": 0,
            "gross_profit": null,
            "gross_margin": null,
            "gross_margin_4q_avg": 0,
            "net_income": null,
            "revenue": null,
            "common_shares": null,
            "book_valuer_per_share": null,
            "book_valuer_per_share_4q_avg": 0,
            "equity": null,
            "current_ratio": null,
            "debt_ratio": null,
            "inventory_turnover_ratio": null,
            "account_receivable_turnover_ratio": null,
            "reinvestment_rate": null,
            "research_to_sale_ratio": null,
            "price_fair": 0,
            "eps_avg_yearly": 0,
            "eps_latest_yearly": 0,
            "eps_growth_yearly": 0
        },
        "20044": {
            "year_quarter": 20044,
            "year": 2004,
            "quarter": 4,
            "eps": null,
            "eps_growth_year": null,
            "eps_4q": null,
            "eps_4q_growth_year": null,
            "roe": null,
            "roe_4q": 0,
            "gross_profit": null,
            "gross_margin": null,
            "gross_margin_4q_avg": 0,
            "net_income": null,
            "revenue": null,
            "common_shares": null,
            "book_valuer_per_share": null,
            "book_valuer_per_share_4q_avg": 0,
            "equity": null,
            "current_ratio": null,
            "debt_ratio": null,
            "inventory_turnover_ratio": null,
            "account_receivable_turnover_ratio": null,
            "reinvestment_rate": null,
            "research_to_sale_ratio": null,
            "price_fair": 0,
            "eps_avg_yearly": 0,
            "eps_latest_yearly": 0,
            "eps_growth_yearly": 0
        },
        "20051": {
            "year_quarter": 20051,
            "year": 2005,
            "quarter": 1,
            "eps": null,
            "eps_growth_year": null,
            "eps_4q": null,
            "eps_4q_growth_year": null,
            "roe": null,
            "roe_4q": 0,
            "gross_profit": null,
            "gross_margin": null,
            "gross_margin_4q_avg": 0,
            "net_income": null,
            "revenue": null,
            "common_shares": null,
            "book_valuer_per_share": null,
            "book_valuer_per_share_4q_avg": 0,
            "equity": null,
            "current_ratio": null,
            "debt_ratio": null,
            "inventory_turnover_ratio": null,
            "account_receivable_turnover_ratio": null,
            "reinvestment_rate": null,
            "research_to_sale_ratio": null,
            "price_fair": 0,
            "eps_avg_yearly": 0,
            "eps_latest_yearly": 0,
            "eps_growth_yearly": 0
        },
        "20052": {
            "year_quarter": 20052,
            "year": 2005,
            "quarter": 2,
            "eps": null,
            "eps_growth_year": null,
            "eps_4q": null,
            "eps_4q_growth_year": null,
            "roe": null,
            "roe_4q": 0,
            "gross_profit": null,
            "gross_margin": null,
            "gross_margin_4q_avg": 0,
            "net_income": null,
            "revenue": null,
            "common_shares": null,
            "book_valuer_per_share": null,
            "book_valuer_per_share_4q_avg": 0,
            "equity": null,
            "current_ratio": null,
            "debt_ratio": null,
            "inventory_turnover_ratio": null,
            "account_receivable_turnover_ratio": null,
            "reinvestment_rate": null,
            "research_to_sale_ratio": null,
            "price_fair": 0,
            "eps_avg_yearly": 0,
            "eps_latest_yearly": 0,
            "eps_growth_yearly": 0
        },
        "20053": {
            "year_quarter": 20053,
            "year": 2005,
            "quarter": 3,
            "eps": null,
            "eps_growth_year": null,
            "eps_4q": null,
            "eps_4q_growth_year": null,
            "roe": null,
            "roe_4q": 0,
            "gross_profit": null,
            "gross_margin": null,
            "gross_margin_4q_avg": 0,
            "net_income": null,
            "revenue": null,
            "common_shares": null,
            "book_valuer_per_share": null,
            "book_valuer_per_share_4q_avg": 0,
            "equity": null,
            "current_ratio": null,
            "debt_ratio": null,
            "inventory_turnover_ratio": null,
            "account_receivable_turnover_ratio": null,
            "reinvestment_rate": null,
            "research_to_sale_ratio": null,
            "price_fair": 0,
            "eps_avg_yearly": 0,
            "eps_latest_yearly": 0,
            "eps_growth_yearly": 0
        },
        "20054": {
            "year_quarter": 20054,
            "year": 2005,
            "quarter": 4,
            "eps": null,
            "eps_growth_year": null,
            "eps_4q": null,
            "eps_4q_growth_year": null,
            "roe": null,
            "roe_4q": 0,
            "gross_profit": null,
            "gross_margin": null,
            "gross_margin_4q_avg": 0,
            "net_income": null,
            "revenue": null,
            "common_shares": null,
            "book_valuer_per_share": null,
            "book_valuer_per_share_4q_avg": 0,
            "equity": null,
            "current_ratio": null,
            "debt_ratio": null,
            "inventory_turnover_ratio": null,
            "account_receivable_turnover_ratio": null,
            "reinvestment_rate": null,
            "research_to_sale_ratio": null,
            "price_fair": 0,
            "eps_avg_yearly": 0,
            "eps_latest_yearly": 0,
            "eps_growth_yearly": 0
        },
        "20061": {
            "year_quarter": 20061,
            "year": 2006,
            "quarter": 1,
            "eps": null,
            "eps_growth_year": null,
            "eps_4q": null,
            "eps_4q_growth_year": null,
            "roe": null,
            "roe_4q": 0,
            "gross_profit": null,
            "gross_margin": null,
            "gross_margin_4q_avg": 0,
            "net_income": null,
            "revenue": null,
            "common_shares": null,
            "book_valuer_per_share": null,
            "book_valuer_per_share_4q_avg": 0,
            "equity": null,
            "current_ratio": null,
            "debt_ratio": null,
            "inventory_turnover_ratio": null,
            "account_receivable_turnover_ratio": null,
            "reinvestment_rate": null,
            "research_to_sale_ratio": null,
            "price_fair": 0,
            "eps_avg_yearly": 0,
            "eps_latest_yearly": 0,
            "eps_growth_yearly": 0
        },
        "20062": {
            "year_quarter": 20062,
            "year": 2006,
            "quarter": 2,
            "eps": null,
            "eps_growth_year": null,
            "eps_4q": null,
            "eps_4q_growth_year": null,
            "roe": null,
            "roe_4q": 0,
            "gross_profit": null,
            "gross_margin": null,
            "gross_margin_4q_avg": 0,
            "net_income": null,
            "revenue": null,
            "common_shares": null,
            "book_valuer_per_share": null,
            "book_valuer_per_share_4q_avg": 0,
            "equity": null,
            "current_ratio": null,
            "debt_ratio": null,
            "inventory_turnover_ratio": null,
            "account_receivable_turnover_ratio": null,
            "reinvestment_rate": null,
            "research_to_sale_ratio": null,
            "price_fair": 0,
            "eps_avg_yearly": 0,
            "eps_latest_yearly": 0,
            "eps_growth_yearly": 0
        },
        "20063": {
            "year_quarter": 20063,
            "year": 2006,
            "quarter": 3,
            "eps": null,
            "eps_growth_year": null,
            "eps_4q": null,
            "eps_4q_growth_year": null,
            "roe": null,
            "roe_4q": 0,
            "gross_profit": null,
            "gross_margin": null,
            "gross_margin_4q_avg": 0,
            "net_income": null,
            "revenue": null,
            "common_shares": null,
            "book_valuer_per_share": null,
            "book_valuer_per_share_4q_avg": 0,
            "equity": null,
            "current_ratio": null,
            "debt_ratio": null,
            "inventory_turnover_ratio": null,
            "account_receivable_turnover_ratio": null,
            "reinvestment_rate": null,
            "research_to_sale_ratio": null,
            "price_fair": 0,
            "eps_avg_yearly": 0,
            "eps_latest_yearly": 0,
            "eps_growth_yearly": 0
        },
        "20064": {
            "year_quarter": 20064,
            "year": 2006,
            "quarter": 4,
            "eps": null,
            "eps_growth_year": null,
            "eps_4q": null,
            "eps_4q_growth_year": null,
            "roe": null,
            "roe_4q": 0,
            "gross_profit": null,
            "gross_margin": null,
            "gross_margin_4q_avg": 0,
            "net_income": null,
            "revenue": null,
            "common_shares": null,
            "book_valuer_per_share": null,
            "book_valuer_per_share_4q_avg": 0,
            "equity": null,
            "current_ratio": null,
            "debt_ratio": null,
            "inventory_turnover_ratio": null,
            "account_receivable_turnover_ratio": null,
            "reinvestment_rate": null,
            "research_to_sale_ratio": null,
            "price_fair": 0,
            "eps_avg_yearly": 0,
            "eps_latest_yearly": 0,
            "eps_growth_yearly": 0
        },
        "20071": {
            "year_quarter": 20071,
            "year": 2007,
            "quarter": 1,
            "eps": null,
            "eps_growth_year": null,
            "eps_4q": null,
            "eps_4q_growth_year": null,
            "roe": null,
            "roe_4q": 0,
            "gross_profit": null,
            "gross_margin": null,
            "gross_margin_4q_avg": 0,
            "net_income": null,
            "revenue": null,
            "common_shares": null,
            "book_valuer_per_share": null,
            "book_valuer_per_share_4q_avg": 0,
            "equity": null,
            "current_ratio": null,
            "debt_ratio": null,
            "inventory_turnover_ratio": null,
            "account_receivable_turnover_ratio": null,
            "reinvestment_rate": null,
            "research_to_sale_ratio": null,
            "price_fair": 0,
            "eps_avg_yearly": 0,
            "eps_latest_yearly": 0,
            "eps_growth_yearly": 0
        },
        "20072": {
            "year_quarter": 20072,
            "year": 2007,
            "quarter": 2,
            "eps": null,
            "eps_growth_year": null,
            "eps_4q": null,
            "eps_4q_growth_year": null,
            "roe": null,
            "roe_4q": 0,
            "gross_profit": null,
            "gross_margin": null,
            "gross_margin_4q_avg": 0,
            "net_income": null,
            "revenue": null,
            "common_shares": null,
            "book_valuer_per_share": null,
            "book_valuer_per_share_4q_avg": 0,
            "equity": null,
            "current_ratio": null,
            "debt_ratio": null,
            "inventory_turnover_ratio": null,
            "account_receivable_turnover_ratio": null,
            "reinvestment_rate": null,
            "research_to_sale_ratio": null,
            "price_fair": 0,
            "eps_avg_yearly": 0,
            "eps_latest_yearly": 0,
            "eps_growth_yearly": 0
        },
        "20073": {
            "year_quarter": 20073,
            "year": 2007,
            "quarter": 3,
            "eps": null,
            "eps_growth_year": null,
            "eps_4q": null,
            "eps_4q_growth_year": null,
            "roe": null,
            "roe_4q": 0,
            "gross_profit": null,
            "gross_margin": null,
            "gross_margin_4q_avg": 0,
            "net_income": null,
            "revenue": null,
            "common_shares": null,
            "book_valuer_per_share": null,
            "book_valuer_per_share_4q_avg": 0,
            "equity": null,
            "current_ratio": null,
            "debt_ratio": null,
            "inventory_turnover_ratio": null,
            "account_receivable_turnover_ratio": null,
            "reinvestment_rate": null,
            "research_to_sale_ratio": null,
            "price_fair": 0,
            "eps_avg_yearly": 0,
            "eps_latest_yearly": 0,
            "eps_growth_yearly": 0
        },
        "20074": {
            "year_quarter": 20074,
            "year": 2007,
            "quarter": 4,
            "eps": null,
            "eps_growth_year": null,
            "eps_4q": null,
            "eps_4q_growth_year": null,
            "roe": null,
            "roe_4q": 0,
            "gross_profit": null,
            "gross_margin": null,
            "gross_margin_4q_avg": 0,
            "net_income": null,
            "revenue": null,
            "common_shares": null,
            "book_valuer_per_share": null,
            "book_valuer_per_share_4q_avg": 0,
            "equity": null,
            "current_ratio": null,
            "debt_ratio": null,
            "inventory_turnover_ratio": null,
            "account_receivable_turnover_ratio": null,
            "reinvestment_rate": null,
            "research_to_sale_ratio": null,
            "price_fair": 0,
            "eps_avg_yearly": 0,
            "eps_latest_yearly": 0,
            "eps_growth_yearly": 0
        },
        "20081": {
            "year_quarter": 20081,
            "year": 2008,
            "quarter": 1,
            "eps": null,
            "eps_growth_year": null,
            "eps_4q": null,
            "eps_4q_growth_year": null,
            "roe": null,
            "roe_4q": 0,
            "gross_profit": null,
            "gross_margin": null,
            "gross_margin_4q_avg": 0,
            "net_income": null,
            "revenue": null,
            "common_shares": null,
            "book_valuer_per_share": null,
            "book_valuer_per_share_4q_avg": 0,
            "equity": null,
            "current_ratio": null,
            "debt_ratio": null,
            "inventory_turnover_ratio": null,
            "account_receivable_turnover_ratio": null,
            "reinvestment_rate": null,
            "research_to_sale_ratio": null,
            "price_fair": 0,
            "eps_avg_yearly": 0,
            "eps_latest_yearly": 0,
            "eps_growth_yearly": 0
        },
        "20082": {
            "year_quarter": 20082,
            "year": 2008,
            "quarter": 2,
            "eps": null,
            "eps_growth_year": null,
            "eps_4q": null,
            "eps_4q_growth_year": null,
            "roe": null,
            "roe_4q": 0,
            "gross_profit": null,
            "gross_margin": null,
            "gross_margin_4q_avg": 0,
            "net_income": null,
            "revenue": null,
            "common_shares": null,
            "book_valuer_per_share": null,
            "book_valuer_per_share_4q_avg": 0,
            "equity": null,
            "current_ratio": null,
            "debt_ratio": null,
            "inventory_turnover_ratio": null,
            "account_receivable_turnover_ratio": null,
            "reinvestment_rate": null,
            "research_to_sale_ratio": null,
            "price_fair": 0,
            "eps_avg_yearly": 0,
            "eps_latest_yearly": 0,
            "eps_growth_yearly": 0
        },
        "20083": {
            "year_quarter": 20083,
            "year": 2008,
            "quarter": 3,
            "eps": null,
            "eps_growth_year": null,
            "eps_4q": null,
            "eps_4q_growth_year": null,
            "roe": null,
            "roe_4q": 0,
            "gross_profit": null,
            "gross_margin": null,
            "gross_margin_4q_avg": 0,
            "net_income": null,
            "revenue": null,
            "common_shares": null,
            "book_valuer_per_share": null,
            "book_valuer_per_share_4q_avg": 0,
            "equity": null,
            "current_ratio": null,
            "debt_ratio": null,
            "inventory_turnover_ratio": null,
            "account_receivable_turnover_ratio": null,
            "reinvestment_rate": null,
            "research_to_sale_ratio": null,
            "price_fair": 0,
            "eps_avg_yearly": 0,
            "eps_latest_yearly": 0,
            "eps_growth_yearly": 0
        },
        "20084": {
            "year_quarter": 20084,
            "year": 2008,
            "quarter": 4,
            "eps": null,
            "eps_growth_year": null,
            "eps_4q": null,
            "eps_4q_growth_year": null,
            "roe": null,
            "roe_4q": 0,
            "gross_profit": null,
            "gross_margin": null,
            "gross_margin_4q_avg": 0,
            "net_income": null,
            "revenue": null,
            "common_shares": 21707754,
            "book_valuer_per_share": null,
            "book_valuer_per_share_4q_avg": 0,
            "equity": 21618318,
            "current_ratio": null,
            "debt_ratio": null,
            "inventory_turnover_ratio": null,
            "account_receivable_turnover_ratio": null,
            "reinvestment_rate": null,
            "research_to_sale_ratio": null,
            "price_fair": 0,
            "eps_avg_yearly": 0,
            "eps_latest_yearly": 0,
            "eps_growth_yearly": 0
        },
        "20091": {
            "year_quarter": 20091,
            "year": 2009,
            "quarter": 1,
            "eps": null,
            "eps_growth_year": null,
            "eps_4q": null,
            "eps_4q_growth_year": null,
            "roe": null,
            "roe_4q": 0,
            "gross_profit": null,
            "gross_margin": null,
            "gross_margin_4q_avg": 0,
            "net_income": -704285,
            "revenue": 1536820,
            "common_shares": 21707754,
            "book_valuer_per_share": null,
            "book_valuer_per_share_4q_avg": 0,
            "equity": 21014163,
            "current_ratio": null,
            "debt_ratio": null,
            "inventory_turnover_ratio": null,
            "account_receivable_turnover_ratio": null,
            "reinvestment_rate": null,
            "research_to_sale_ratio": null,
            "price_fair": 0,
            "eps_avg_yearly": 0,
            "eps_latest_yearly": 0,
            "eps_growth_yearly": 0
        },
        "20092": {
            "year_quarter": 20092,
            "year": 2009,
            "quarter": 2,
            "eps": null,
            "eps_growth_year": null,
            "eps_4q": null,
            "eps_4q_growth_year": null,
            "roe": null,
            "roe_4q": 0,
            "gross_profit": null,
            "gross_margin": null,
            "gross_margin_4q_avg": 0,
            "net_income": -5228202,
            "revenue": 1528196,
            "common_shares": 45211494,
            "book_valuer_per_share": null,
            "book_valuer_per_share_4q_avg": 0,
            "equity": 25175649,
            "current_ratio": null,
            "debt_ratio": null,
            "inventory_turnover_ratio": null,
            "account_receivable_turnover_ratio": null,
            "reinvestment_rate": null,
            "research_to_sale_ratio": null,
            "price_fair": 0,
            "eps_avg_yearly": 0,
            "eps_latest_yearly": 0,
            "eps_growth_yearly": 0
        },
        "20093": {
            "year_quarter": 20093,
            "year": 2009,
            "quarter": 3,
            "eps": null,
            "eps_growth_year": null,
            "eps_4q": null,
            "eps_4q_growth_year": null,
            "roe": null,
            "roe_4q": 0,
            "gross_profit": null,
            "gross_margin": null,
            "gross_margin_4q_avg": 0,
            "net_income": 716011,
            "revenue": 2524940,
            "common_shares": 45211494,
            "book_valuer_per_share": null,
            "book_valuer_per_share_4q_avg": 0,
            "equity": 25949782,
            "current_ratio": null,
            "debt_ratio": null,
            "inventory_turnover_ratio": null,
            "account_receivable_turnover_ratio": null,
            "reinvestment_rate": null,
            "research_to_sale_ratio": null,
            "price_fair": 0,
            "eps_avg_yearly": 0,
            "eps_latest_yearly": 0,
            "eps_growth_yearly": 0
        },
        "20094": {
            "year_quarter": 20094,
            "year": 2009,
            "quarter": 4,
            "eps": null,
            "eps_growth_year": null,
            "eps_4q": null,
            "eps_4q_growth_year": null,
            "roe": null,
            "roe_4q": 0,
            "gross_profit": null,
            "gross_margin": null,
            "gross_margin_4q_avg": 0,
            "net_income": -373428,
            "revenue": 2381889,
            "common_shares": 45211494,
            "book_valuer_per_share": 5.16,
            "book_valuer_per_share_4q_avg": 1.29,
            "equity": 25609409,
            "current_ratio": null,
            "debt_ratio": 88.85,
            "inventory_turnover_ratio": null,
            "account_receivable_turnover_ratio": null,
            "reinvestment_rate": null,
            "research_to_sale_ratio": null,
            "price_fair": 0,
            "eps_avg_yearly": 0,
            "eps_latest_yearly": 0,
            "eps_growth_yearly": 0
        },
        "20101": {
            "year_quarter": 20101,
            "year": 2010,
            "quarter": 1,
            "eps": 0.12,
            "eps_growth_year": null,
            "eps_4q": 0.12,
            "eps_4q_growth_year": null,
            "roe": 2.11,
            "roe_4q": 2.11,
            "gross_profit": null,
            "gross_margin": null,
            "gross_margin_4q_avg": 0,
            "net_income": 546451,
            "revenue": 2074375,
            "common_shares": 45211494,
            "book_valuer_per_share": 5.28,
            "book_valuer_per_share_4q_avg": 2.61,
            "equity": 26206169,
            "current_ratio": null,
            "debt_ratio": 88.97,
            "inventory_turnover_ratio": null,
            "account_receivable_turnover_ratio": null,
            "reinvestment_rate": null,
            "research_to_sale_ratio": null,
            "price_fair": 0,
            "eps_avg_yearly": 0,
            "eps_latest_yearly": 0,
            "eps_growth_yearly": 0
        },
        "20102": {
            "year_quarter": 20102,
            "year": 2010,
            "quarter": 2,
            "eps": 0.23,
            "eps_growth_year": null,
            "eps_4q": 0.46,
            "eps_4q_growth_year": null,
            "roe": 2.04,
            "roe_4q": 4.15,
            "gross_profit": null,
            "gross_margin": null,
            "gross_margin_4q_avg": 0,
            "net_income": 540736,
            "revenue": 2248838,
            "common_shares": 23518557,
            "book_valuer_per_share": 10.38,
            "book_valuer_per_share_4q_avg": 5.21,
            "equity": 26785524,
            "current_ratio": null,
            "debt_ratio": 88.82,
            "inventory_turnover_ratio": null,
            "account_receivable_turnover_ratio": null,
            "reinvestment_rate": null,
            "research_to_sale_ratio": null,
            "price_fair": 32.2,
            "eps_avg_yearly": 0.92,
            "eps_latest_yearly": 0.92,
            "eps_growth_yearly": 366.67
        },
        "20103": {
            "year_quarter": 20103,
            "year": 2010,
            "quarter": 3,
            "eps": 0.46,
            "eps_growth_year": null,
            "eps_4q": 0.92,
            "eps_4q_growth_year": null,
            "roe": 3.95,
            "roe_4q": 8.1,
            "gross_profit": null,
            "gross_margin": null,
            "gross_margin_4q_avg": 0,
            "net_income": 1080368,
            "revenue": 2725264,
            "common_shares": 23518557,
            "book_valuer_per_share": 10.8,
            "book_valuer_per_share_4q_avg": 7.91,
            "equity": 27869451,
            "current_ratio": null,
            "debt_ratio": 89.05,
            "inventory_turnover_ratio": null,
            "account_receivable_turnover_ratio": null,
            "reinvestment_rate": null,
            "research_to_sale_ratio": null,
            "price_fair": 48.3,
            "eps_avg_yearly": 1.38,
            "eps_latest_yearly": 1.84,
            "eps_growth_yearly": 383.33
        },
        "20104": {
            "year_quarter": 20104,
            "year": 2010,
            "quarter": 4,
            "eps": 0.28,
            "eps_growth_year": null,
            "eps_4q": 1.2,
            "eps_4q_growth_year": null,
            "roe": 2.32,
            "roe_4q": 10.419999999999998,
            "gross_profit": null,
            "gross_margin": null,
            "gross_margin_4q_avg": 0,
            "net_income": 652368,
            "revenue": 2372110,
            "common_shares": 23518557,
            "book_valuer_per_share": 10.98,
            "book_valuer_per_share_4q_avg": 9.36,
            "equity": 28344746,
            "current_ratio": null,
            "debt_ratio": 88.59,
            "inventory_turnover_ratio": null,
            "account_receivable_turnover_ratio": null,
            "reinvestment_rate": null,
            "research_to_sale_ratio": null,
            "price_fair": 45.27,
            "eps_avg_yearly": 1.29,
            "eps_latest_yearly": 1.12,
            "eps_growth_yearly": 203.38
        },
        "20111": {
            "year_quarter": 20111,
            "year": 2011,
            "quarter": 1,
            "eps": 0.1,
            "eps_growth_year": -16.67,
            "eps_4q": 1.08,
            "eps_4q_growth_year": 793.16,
            "roe": 0.92,
            "roe_4q": 9.23,
            "gross_profit": null,
            "gross_margin": null,
            "gross_margin_4q_avg": 0,
            "net_income": 264993,
            "revenue": 2142457,
            "common_shares": 23518557,
            "book_valuer_per_share": 11.22,
            "book_valuer_per_share_4q_avg": 10.85,
            "equity": 28975421,
            "current_ratio": null,
            "debt_ratio": 88.22,
            "inventory_turnover_ratio": null,
            "account_receivable_turnover_ratio": null,
            "reinvestment_rate": null,
            "research_to_sale_ratio": null,
            "price_fair": 37.45,
            "eps_avg_yearly": 1.07,
            "eps_latest_yearly": 0.4,
            "eps_growth_yearly": 88.25
        },
        "20112": {
            "year_quarter": 20112,
            "year": 2011,
            "quarter": 2,
            "eps": 0.2,
            "eps_growth_year": -10.76,
            "eps_4q": 0.99,
            "eps_4q_growth_year": 114.25,
            "roe": 1.8,
            "roe_4q": 8.99,
            "gross_profit": null,
            "gross_margin": null,
            "gross_margin_4q_avg": 0,
            "net_income": 522401,
            "revenue": 2011325,
            "common_shares": 23518557,
            "book_valuer_per_share": 11.3,
            "book_valuer_per_share_4q_avg": 11.08,
            "equity": 29164163,
            "current_ratio": null,
            "debt_ratio": 87.9,
            "inventory_turnover_ratio": null,
            "account_receivable_turnover_ratio": null,
            "reinvestment_rate": null,
            "research_to_sale_ratio": null,
            "price_fair": 35.56,
            "eps_avg_yearly": 1.02,
            "eps_latest_yearly": 0.8,
            "eps_growth_yearly": 150.6
        },
        "20113": {
            "year_quarter": 20113,
            "year": 2011,
            "quarter": 3,
            "eps": 0.28,
            "eps_growth_year": -39.9,
            "eps_4q": 0.84,
            "eps_4q_growth_year": -8.88,
            "roe": 2.38,
            "roe_4q": 7.42,
            "gross_profit": null,
            "gross_margin": null,
            "gross_margin_4q_avg": 0,
            "net_income": 705234,
            "revenue": 2424847,
            "common_shares": 25530155,
            "book_valuer_per_share": 10.8,
            "book_valuer_per_share_4q_avg": 11.08,
            "equity": 29974192,
            "current_ratio": null,
            "debt_ratio": 87.77,
            "inventory_turnover_ratio": null,
            "account_receivable_turnover_ratio": null,
            "reinvestment_rate": null,
            "research_to_sale_ratio": null,
            "price_fair": 36.17,
            "eps_avg_yearly": 1.03,
            "eps_latest_yearly": 1.12,
            "eps_growth_yearly": 152.17
        },
        "20114": {
            "year_quarter": 20114,
            "year": 2011,
            "quarter": 4,
            "eps": 0.25,
            "eps_growth_year": -11.2,
            "eps_4q": 0.83,
            "eps_4q_growth_year": -30.73,
            "roe": 2.08,
            "roe_4q": 7.18,
            "gross_profit": null,
            "gross_margin": null,
            "gross_margin_4q_avg": 0,
            "net_income": 628844,
            "revenue": 2143631,
            "common_shares": 25530155,
            "book_valuer_per_share": 11.01,
            "book_valuer_per_share_4q_avg": 11.08,
            "equity": 30563840,
            "current_ratio": null,
            "debt_ratio": 87.69,
            "inventory_turnover_ratio": null,
            "account_receivable_turnover_ratio": null,
            "reinvestment_rate": null,
            "research_to_sale_ratio": null,
            "price_fair": 36,
            "eps_avg_yearly": 1.03,
            "eps_latest_yearly": 1,
            "eps_growth_yearly": 124.31
        },
        "20121": {
            "year_quarter": 20121,
            "year": 2012,
            "quarter": 1,
            "eps": 0.24,
            "eps_growth_year": 140,
            "eps_4q": 0.98,
            "eps_4q_growth_year": -9.45,
            "roe": 2.07,
            "roe_4q": 8.33,
            "gross_profit": null,
            "gross_margin": null,
            "gross_margin_4q_avg": 0,
            "net_income": 639296,
            "revenue": 1986892,
            "common_shares": 25530155,
            "book_valuer_per_share": 11.28,
            "book_valuer_per_share_4q_avg": 11.1,
            "equity": 31307173,
            "current_ratio": null,
            "debt_ratio": 87.22,
            "inventory_turnover_ratio": null,
            "account_receivable_turnover_ratio": null,
            "reinvestment_rate": null,
            "research_to_sale_ratio": null,
            "price_fair": 35.7,
            "eps_avg_yearly": 1.02,
            "eps_latest_yearly": 0.96,
            "eps_growth_yearly": 106.77
        },
        "20122": {
            "year_quarter": 20122,
            "year": 2012,
            "quarter": 2,
            "eps": 0.2,
            "eps_growth_year": -0.78,
            "eps_4q": 0.93,
            "eps_4q_growth_year": -6.27,
            "roe": 1.76,
            "roe_4q": 8.29,
            "gross_profit": null,
            "gross_margin": null,
            "gross_margin_4q_avg": 0,
            "net_income": 554463,
            "revenue": 1987689,
            "common_shares": 25530155,
            "book_valuer_per_share": 11.4,
            "book_valuer_per_share_4q_avg": 11.12,
            "equity": 31637501,
            "current_ratio": null,
            "debt_ratio": 86.89,
            "inventory_turnover_ratio": null,
            "account_receivable_turnover_ratio": null,
            "reinvestment_rate": null,
            "research_to_sale_ratio": null,
            "price_fair": 34.84,
            "eps_avg_yearly": 1,
            "eps_latest_yearly": 0.8,
            "eps_growth_yearly": 87.5
        },
        "20123": {
            "year_quarter": 20123,
            "year": 2012,
            "quarter": 3,
            "eps": 0.19,
            "eps_growth_year": -31.26,
            "eps_4q": 0.86,
            "eps_4q_growth_year": 2.28,
            "roe": 1.62,
            "roe_4q": 7.529999999999999,
            "gross_profit": null,
            "gross_margin": null,
            "gross_margin_4q_avg": 0,
            "net_income": 517023,
            "revenue": 1876414,
            "common_shares": 27233726,
            "book_valuer_per_share": 10.92,
            "book_valuer_per_share_4q_avg": 11.15,
            "equity": 32173119,
            "current_ratio": null,
            "debt_ratio": 86.56,
            "inventory_turnover_ratio": null,
            "account_receivable_turnover_ratio": null,
            "reinvestment_rate": null,
            "research_to_sale_ratio": null,
            "price_fair": 34.02,
            "eps_avg_yearly": 0.97,
            "eps_latest_yearly": 0.76,
            "eps_growth_yearly": 76.75
        },
        "20124": {
            "year_quarter": 20124,
            "year": 2012,
            "quarter": 4,
            "eps": 0.09,
            "eps_growth_year": -64.38,
            "eps_4q": 0.72,
            "eps_4q_growth_year": -13.83,
            "roe": 0.74,
            "roe_4q": 6.1899999999999995,
            "gross_profit": null,
            "gross_margin": null,
            "gross_margin_4q_avg": 0,
            "net_income": 239265,
            "revenue": 1910486,
            "common_shares": 27233726,
            "book_valuer_per_share": 11.01,
            "book_valuer_per_share_4q_avg": 11.15,
            "equity": 32420122,
            "current_ratio": null,
            "debt_ratio": 86.72,
            "inventory_turnover_ratio": null,
            "account_receivable_turnover_ratio": null,
            "reinvestment_rate": 447.3,
            "research_to_sale_ratio": null,
            "price_fair": 32.07,
            "eps_avg_yearly": 0.92,
            "eps_latest_yearly": 0.36,
            "eps_growth_yearly": 50.63
        },
        "20131": {
            "year_quarter": 20131,
            "year": 2013,
            "quarter": 1,
            "eps": 0.23,
            "eps_growth_year": -4.17,
            "eps_4q": 0.66,
            "eps_4q_growth_year": -32.79,
            "roe": 1.91,
            "roe_4q": 6.029999999999999,
            "gross_profit": null,
            "gross_margin": null,
            "gross_margin_4q_avg": 0,
            "net_income": 621316,
            "revenue": 1833405,
            "common_shares": 29404904,
            "book_valuer_per_share": 11.12,
            "book_valuer_per_share_4q_avg": 11.11,
            "equity": 32767797,
            "current_ratio": null,
            "debt_ratio": 86.75,
            "inventory_turnover_ratio": null,
            "account_receivable_turnover_ratio": null,
            "reinvestment_rate": 207.94,
            "research_to_sale_ratio": null,
            "price_fair": 32.08,
            "eps_avg_yearly": 0.92,
            "eps_latest_yearly": 0.92,
            "eps_growth_yearly": 98.26
        },
        "20132": {
            "year_quarter": 20132,
            "year": 2013,
            "quarter": 2,
            "eps": 0.14,
            "eps_growth_year": -31.14,
            "eps_4q": 0.58,
            "eps_4q_growth_year": -37.49,
            "roe": 1.28,
            "roe_4q": 5.55,
            "gross_profit": null,
            "gross_margin": null,
            "gross_margin_4q_avg": 0,
            "net_income": 420972,
            "revenue": 1735207,
            "common_shares": 29452195,
            "book_valuer_per_share": 11.13,
            "book_valuer_per_share_4q_avg": 11.05,
            "equity": 32795771,
            "current_ratio": null,
            "debt_ratio": 86.73,
            "inventory_turnover_ratio": null,
            "account_receivable_turnover_ratio": null,
            "reinvestment_rate": 65.29,
            "research_to_sale_ratio": null,
            "price_fair": 31.12,
            "eps_avg_yearly": 0.89,
            "eps_latest_yearly": 0.56,
            "eps_growth_yearly": 78.67
        },
        "20133": {
            "year_quarter": 20133,
            "year": 2013,
            "quarter": 3,
            "eps": 0.1,
            "eps_growth_year": -47.27,
            "eps_4q": 0.52,
            "eps_4q_growth_year": -39.67,
            "roe": 0.99,
            "roe_4q": 4.92,
            "gross_profit": null,
            "gross_margin": null,
            "gross_margin_4q_avg": 0,
            "net_income": 325202,
            "revenue": 1621990,
            "common_shares": 30991080,
            "book_valuer_per_share": 10.67,
            "book_valuer_per_share_4q_avg": 10.98,
            "equity": 33090696,
            "current_ratio": null,
            "debt_ratio": 86.28,
            "inventory_turnover_ratio": null,
            "account_receivable_turnover_ratio": null,
            "reinvestment_rate": 68.37,
            "research_to_sale_ratio": null,
            "price_fair": 29.9,
            "eps_avg_yearly": 0.85,
            "eps_latest_yearly": 0.4,
            "eps_growth_yearly": 64.88
        },
        "20134": {
            "year_quarter": 20134,
            "year": 2013,
            "quarter": 4,
            "eps": 0.23,
            "eps_growth_year": 163.37,
            "eps_4q": 0.67,
            "eps_4q_growth_year": -6.1,
            "roe": 2.15,
            "roe_4q": 6.33,
            "gross_profit": null,
            "gross_margin": null,
            "gross_margin_4q_avg": 0,
            "net_income": 716509,
            "revenue": 2172310,
            "common_shares": 30991080,
            "book_valuer_per_share": 10.85,
            "book_valuer_per_share_4q_avg": 10.94,
            "equity": 33664655,
            "current_ratio": null,
            "debt_ratio": 86.33,
            "inventory_turnover_ratio": null,
            "account_receivable_turnover_ratio": null,
            "reinvestment_rate": -7.16,
            "research_to_sale_ratio": null,
            "price_fair": 30.05,
            "eps_avg_yearly": 0.86,
            "eps_latest_yearly": 0.92,
            "eps_growth_yearly": 95.22
        },
        "20141": {
            "year_quarter": 20141,
            "year": 2014,
            "quarter": 1,
            "eps": 0.22,
            "eps_growth_year": -4.35,
            "eps_4q": 0.69,
            "eps_4q_growth_year": 5.14,
            "roe": 1.99,
            "roe_4q": 6.41,
            "gross_profit": null,
            "gross_margin": null,
            "gross_margin_4q_avg": 0,
            "net_income": 678357,
            "revenue": 1975009,
            "common_shares": 30991080,
            "book_valuer_per_share": 11.08,
            "book_valuer_per_share_4q_avg": 10.93,
            "equity": 34375131,
            "current_ratio": null,
            "debt_ratio": 86.25,
            "inventory_turnover_ratio": null,
            "account_receivable_turnover_ratio": null,
            "reinvestment_rate": -6.83,
            "research_to_sale_ratio": null,
            "price_fair": 30.1,
            "eps_avg_yearly": 0.86,
            "eps_latest_yearly": 0.88,
            "eps_growth_yearly": 88.19
        },
        "20142": {
            "year_quarter": 20142,
            "year": 2014,
            "quarter": 2,
            "eps": 0.27,
            "eps_growth_year": 92.86,
            "eps_4q": 0.81,
            "eps_4q_growth_year": 39.07,
            "roe": 2.52,
            "roe_4q": 7.65,
            "gross_profit": null,
            "gross_margin": null,
            "gross_margin_4q_avg": 0,
            "net_income": 874147,
            "revenue": 2262743,
            "common_shares": 30991080,
            "book_valuer_per_share": 11.26,
            "book_valuer_per_share_4q_avg": 10.97,
            "equity": 34914188,
            "current_ratio": null,
            "debt_ratio": 86.52,
            "inventory_turnover_ratio": null,
            "account_receivable_turnover_ratio": null,
            "reinvestment_rate": -6.11,
            "research_to_sale_ratio": null,
            "price_fair": 30.45,
            "eps_avg_yearly": 0.87,
            "eps_latest_yearly": 1.08,
            "eps_growth_yearly": 70.95
        },
        "20143": {
            "year_quarter": 20143,
            "year": 2014,
            "quarter": 3,
            "eps": 0.15,
            "eps_growth_year": 50,
            "eps_4q": 0.85,
            "eps_4q_growth_year": 65.08,
            "roe": 1.37,
            "roe_4q": 8.03,
            "gross_profit": null,
            "gross_margin": null,
            "gross_margin_4q_avg": 0,
            "net_income": 481335,
            "revenue": 1904242,
            "common_shares": 32151817,
            "book_valuer_per_share": 11.01,
            "book_valuer_per_share_4q_avg": 11.05,
            "equity": 35410742,
            "current_ratio": null,
            "debt_ratio": 86.34,
            "inventory_turnover_ratio": null,
            "account_receivable_turnover_ratio": null,
            "reinvestment_rate": -6.1,
            "research_to_sale_ratio": null,
            "price_fair": 27.74,
            "eps_avg_yearly": 0.79,
            "eps_latest_yearly": 0.6,
            "eps_growth_yearly": 34.84
        },
        "20144": {
            "year_quarter": 20144,
            "year": 2014,
            "quarter": 4,
            "eps": 0.13,
            "eps_growth_year": -44.66,
            "eps_4q": 0.76,
            "eps_4q_growth_year": 13.16,
            "roe": 1.15,
            "roe_4q": 7.03,
            "gross_profit": null,
            "gross_margin": null,
            "gross_margin_4q_avg": 0,
            "net_income": 411296,
            "revenue": 1883938,
            "common_shares": 32151817,
            "book_valuer_per_share": 11.15,
            "book_valuer_per_share_4q_avg": 11.13,
            "equity": 35882462,
            "current_ratio": null,
            "debt_ratio": 86.11,
            "inventory_turnover_ratio": null,
            "account_receivable_turnover_ratio": null,
            "reinvestment_rate": -6.75,
            "research_to_sale_ratio": null,
            "price_fair": 26.43,
            "eps_avg_yearly": 0.76,
            "eps_latest_yearly": 0.52,
            "eps_growth_yearly": 41.29
        },
        "20151": {
            "year_quarter": 20151,
            "year": 2015,
            "quarter": 1,
            "eps": 0.18,
            "eps_growth_year": -18.18,
            "eps_4q": 0.72,
            "eps_4q_growth_year": 5.06,
            "roe": 1.56,
            "roe_4q": 6.6,
            "gross_profit": null,
            "gross_margin": null,
            "gross_margin_4q_avg": 0,
            "net_income": 565728,
            "revenue": 1848117,
            "common_shares": 32151817,
            "book_valuer_per_share": 11.32,
            "book_valuer_per_share_4q_avg": 11.19,
            "equity": 36435265,
            "current_ratio": null,
            "debt_ratio": 86.48,
            "inventory_turnover_ratio": null,
            "account_receivable_turnover_ratio": null,
            "reinvestment_rate": -5.65,
            "research_to_sale_ratio": null,
            "price_fair": 27.13,
            "eps_avg_yearly": 0.78,
            "eps_latest_yearly": 0.72,
            "eps_growth_yearly": 66.98
        },
        "20152": {
            "year_quarter": 20152,
            "year": 2015,
            "quarter": 2,
            "eps": 0.13,
            "eps_growth_year": -51.85,
            "eps_4q": 0.56,
            "eps_4q_growth_year": -30.39,
            "roe": 1.23,
            "roe_4q": 5.3100000000000005,
            "gross_profit": null,
            "gross_margin": null,
            "gross_margin_4q_avg": 0,
            "net_income": 448846,
            "revenue": 1867127,
            "common_shares": 32151817,
            "book_valuer_per_share": 11.32,
            "book_valuer_per_share_4q_avg": 11.2,
            "equity": 36408240,
            "current_ratio": null,
            "debt_ratio": 86.47,
            "inventory_turnover_ratio": null,
            "account_receivable_turnover_ratio": null,
            "reinvestment_rate": -5.83,
            "research_to_sale_ratio": null,
            "price_fair": 26.51,
            "eps_avg_yearly": 0.76,
            "eps_latest_yearly": 0.52,
            "eps_growth_yearly": 35.03
        },
        "20153": {
            "year_quarter": 20153,
            "year": 2015,
            "quarter": 3,
            "eps": 0.16,
            "eps_growth_year": 6.67,
            "eps_4q": 0.58,
            "eps_4q_growth_year": -32.11,
            "roe": 1.49,
            "roe_4q": 5.43,
            "gross_profit": null,
            "gross_margin": null,
            "gross_margin_4q_avg": 0,
            "net_income": 546539,
            "revenue": 1943959,
            "common_shares": 33963028,
            "book_valuer_per_share": 10.9,
            "book_valuer_per_share_4q_avg": 11.17,
            "equity": 37051047,
            "current_ratio": null,
            "debt_ratio": 86.5,
            "inventory_turnover_ratio": null,
            "account_receivable_turnover_ratio": null,
            "reinvestment_rate": -5.74,
            "research_to_sale_ratio": null,
            "price_fair": 25.46,
            "eps_avg_yearly": 0.73,
            "eps_latest_yearly": 0.64,
            "eps_growth_yearly": 30.8
        },
        "20154": {
            "year_quarter": 20154,
            "year": 2015,
            "quarter": 4,
            "eps": 0.13,
            "eps_growth_year": -1.62,
            "eps_4q": 0.58,
            "eps_4q_growth_year": -23.02,
            "roe": 1.15,
            "roe_4q": 5.43,
            "gross_profit": null,
            "gross_margin": null,
            "gross_margin_4q_avg": 0,
            "net_income": 427218,
            "revenue": 1903395,
            "common_shares": 33963028,
            "book_valuer_per_share": 11.02,
            "book_valuer_per_share_4q_avg": 11.14,
            "equity": 37450129,
            "current_ratio": null,
            "debt_ratio": 86.05,
            "inventory_turnover_ratio": null,
            "account_receivable_turnover_ratio": null,
            "reinvestment_rate": -5.84,
            "research_to_sale_ratio": null,
            "price_fair": 24.41,
            "eps_avg_yearly": 0.7,
            "eps_latest_yearly": 0.52,
            "eps_growth_yearly": 28.79
        },
        "20161": {
            "year_quarter": 20161,
            "year": 2016,
            "quarter": 1,
            "eps": 0.1,
            "eps_growth_year": -44.44,
            "eps_4q": 0.51,
            "eps_4q_growth_year": -29.02,
            "roe": 0.87,
            "roe_4q": 4.74,
            "gross_profit": null,
            "gross_margin": null,
            "gross_margin_4q_avg": 0,
            "net_income": 326855,
            "revenue": 1895644,
            "common_shares": 33963028,
            "book_valuer_per_share": 11.15,
            "book_valuer_per_share_4q_avg": 11.1,
            "equity": 37885174,
            "current_ratio": null,
            "debt_ratio": 86.01,
            "inventory_turnover_ratio": null,
            "account_receivable_turnover_ratio": null,
            "reinvestment_rate": -6.04,
            "research_to_sale_ratio": null,
            "price_fair": 22.54,
            "eps_avg_yearly": 0.66,
            "eps_latest_yearly": 0.4,
            "eps_growth_yearly": 24.02
        },
        "20162": {
            "year_quarter": 20162,
            "year": 2016,
            "quarter": 2,
            "eps": 0.07,
            "eps_growth_year": -46.15,
            "eps_4q": 0.44,
            "eps_4q_growth_year": -21.62,
            "roe": 0.68,
            "roe_4q": 4.19,
            "gross_profit": null,
            "gross_margin": null,
            "gross_margin_4q_avg": 0,
            "net_income": 259205,
            "revenue": 1605125,
            "common_shares": 33963028,
            "book_valuer_per_share": 11.16,
            "book_valuer_per_share_4q_avg": 11.06,
            "equity": 37930701,
            "current_ratio": null,
            "debt_ratio": 86.26,
            "inventory_turnover_ratio": null,
            "account_receivable_turnover_ratio": null,
            "reinvestment_rate": -6.8,
            "research_to_sale_ratio": null,
            "price_fair": 19.33,
            "eps_avg_yearly": 0.63,
            "eps_latest_yearly": 0.28,
            "eps_growth_yearly": 20.69
        },
        "20163": {
            "year_quarter": 20163,
            "year": 2016,
            "quarter": 3,
            "eps": 0.14,
            "eps_growth_year": -12.5,
            "eps_4q": 0.43,
            "eps_4q_growth_year": -26.24,
            "roe": 1.33,
            "roe_4q": 4.03,
            "gross_profit": null,
            "gross_margin": null,
            "gross_margin_4q_avg": 0,
            "net_income": 504495,
            "revenue": 1950315,
            "common_shares": 35423607,
            "book_valuer_per_share": 10.78,
            "book_valuer_per_share_4q_avg": 11.03,
            "equity": 38210345,
            "current_ratio": null,
            "debt_ratio": 86.57,
            "inventory_turnover_ratio": null,
            "account_receivable_turnover_ratio": null,
            "reinvestment_rate": -4.7,
            "research_to_sale_ratio": null,
            "price_fair": 21.61,
            "eps_avg_yearly": 0.62,
            "eps_latest_yearly": 0.56,
            "eps_growth_yearly": 46.94
        },
        "20164": {
            "year_quarter": 20164,
            "year": 2016,
            "quarter": 4,
            "eps": 0.09,
            "eps_growth_year": -26.79,
            "eps_4q": 0.4,
            "eps_4q_growth_year": -31.7,
            "roe": 0.86,
            "roe_4q": 3.74,
            "gross_profit": null,
            "gross_margin": null,
            "gross_margin_4q_avg": 0,
            "net_income": 326282,
            "revenue": 1642893,
            "common_shares": 35423607,
            "book_valuer_per_share": 10.58,
            "book_valuer_per_share_4q_avg": 10.92,
            "equity": 37504289,
            "current_ratio": null,
            "debt_ratio": 86.84,
            "inventory_turnover_ratio": null,
            "account_receivable_turnover_ratio": null,
            "reinvestment_rate": -4.56,
            "research_to_sale_ratio": null,
            "price_fair": 21.61,
            "eps_avg_yearly": 0.62,
            "eps_latest_yearly": 0.36,
            "eps_growth_yearly": 51.17
        },
        "20171": {
            "year_quarter": 20171,
            "year": 2017,
            "quarter": 1,
            "eps": 0.12,
            "eps_growth_year": 20,
            "eps_4q": 0.43,
            "eps_4q_growth_year": -16.79,
            "roe": 1.09,
            "roe_4q": 3.9600000000000004,
            "gross_profit": null,
            "gross_margin": null,
            "gross_margin_4q_avg": 0,
            "net_income": 410674,
            "revenue": 1700147,
            "common_shares": 35423607,
            "book_valuer_per_share": 10.79,
            "book_valuer_per_share_4q_avg": 10.83,
            "equity": 37814779,
            "current_ratio": null,
            "debt_ratio": 86.79,
            "inventory_turnover_ratio": null,
            "account_receivable_turnover_ratio": null,
            "reinvestment_rate": -0.8,
            "research_to_sale_ratio": null,
            "price_fair": 18.06,
            "eps_avg_yearly": 0.59,
            "eps_latest_yearly": 0.48,
            "eps_growth_yearly": 20.61
        },
        "20172": {
            "year_quarter": 20172,
            "year": 2017,
            "quarter": 2,
            "eps": 0.16,
            "eps_growth_year": 128.57,
            "eps_4q": 0.52,
            "eps_4q_growth_year": 17.64,
            "roe": 1.48,
            "roe_4q": 4.76,
            "gross_profit": null,
            "gross_margin": null,
            "gross_margin_4q_avg": 0,
            "net_income": 561795,
            "revenue": 1903369,
            "common_shares": 35423607,
            "book_valuer_per_share": 11,
            "book_valuer_per_share_4q_avg": 10.79,
            "equity": 38339098,
            "current_ratio": null,
            "debt_ratio": 86.42,
            "inventory_turnover_ratio": null,
            "account_receivable_turnover_ratio": null,
            "reinvestment_rate": -0.23,
            "research_to_sale_ratio": null,
            "price_fair": 20.83,
            "eps_avg_yearly": 0.6,
            "eps_latest_yearly": 0.64,
            "eps_growth_yearly": 38.73
        },
        "20173": {
            "year_quarter": 20173,
            "year": 2017,
            "quarter": 3,
            "eps": 0.24,
            "eps_growth_year": 71.43,
            "eps_4q": 0.62,
            "eps_4q_growth_year": 44.95,
            "roe": 2.24,
            "roe_4q": 5.670000000000001,
            "gross_profit": null,
            "gross_margin": null,
            "gross_margin_4q_avg": 0,
            "net_income": 862391,
            "revenue": 2481646,
            "common_shares": 35423607,
            "book_valuer_per_share": 11.1,
            "book_valuer_per_share_4q_avg": 10.87,
            "equity": 38658139,
            "current_ratio": null,
            "debt_ratio": 86.89,
            "inventory_turnover_ratio": null,
            "account_receivable_turnover_ratio": null,
            "reinvestment_rate": -0.08,
            "research_to_sale_ratio": null,
            "price_fair": 22.05,
            "eps_avg_yearly": 0.63,
            "eps_latest_yearly": 0.96,
            "eps_growth_yearly": 58.37
        },
        "20174": {
            "year_quarter": 20174,
            "year": 2017,
            "quarter": 4,
            "eps": 0.15,
            "eps_growth_year": 58.68,
            "eps_4q": 0.68,
            "eps_4q_growth_year": 70.65,
            "roe": 1.29,
            "roe_4q": 6.1,
            "gross_profit": null,
            "gross_margin": null,
            "gross_margin_4q_avg": 0,
            "net_income": 499880,
            "revenue": 2081528,
            "common_shares": 35423607,
            "book_valuer_per_share": 11.41,
            "book_valuer_per_share_4q_avg": 11.08,
            "equity": 39090627,
            "current_ratio": null,
            "debt_ratio": 86.79,
            "inventory_turnover_ratio": null,
            "account_receivable_turnover_ratio": null,
            "reinvestment_rate": -4.85,
            "research_to_sale_ratio": null,
            "price_fair": 16.16,
            "eps_avg_yearly": 0.61,
            "eps_latest_yearly": 0.6,
            "eps_growth_yearly": 16.5
        },
        "20181": {
            "year_quarter": 20181,
            "year": 2018,
            "quarter": 1,
            "eps": 0.16,
            "eps_growth_year": 33.33,
            "eps_4q": 0.71,
            "eps_4q_growth_year": 65.91,
            "roe": 1.31,
            "roe_4q": 6.32,
            "gross_profit": null,
            "gross_margin": null,
            "gross_margin_4q_avg": 0,
            "net_income": 542258,
            "revenue": 2042566,
            "common_shares": 35423607,
            "book_valuer_per_share": 12.54,
            "book_valuer_per_share_4q_avg": 11.51,
            "equity": 43563016,
            "current_ratio": null,
            "debt_ratio": 85.52,
            "inventory_turnover_ratio": null,
            "account_receivable_turnover_ratio": null,
            "reinvestment_rate": -4.59,
            "research_to_sale_ratio": null,
            "price_fair": 17.4,
            "eps_avg_yearly": 0.6,
            "eps_latest_yearly": 0.64,
            "eps_growth_yearly": 19.25
        },
        "20182": {
            "year_quarter": 20182,
            "year": 2018,
            "quarter": 2,
            "eps": 0.24,
            "eps_growth_year": 50,
            "eps_4q": 0.77,
            "eps_4q_growth_year": 49.7,
            "roe": 1.94,
            "roe_4q": 6.78,
            "gross_profit": null,
            "gross_margin": null,
            "gross_margin_4q_avg": 0,
            "net_income": 843572,
            "revenue": 2428355,
            "common_shares": 35423607,
            "book_valuer_per_share": 12.47,
            "book_valuer_per_share_4q_avg": 11.88,
            "equity": 43304145,
            "current_ratio": null,
            "debt_ratio": 86.17,
            "inventory_turnover_ratio": null,
            "account_receivable_turnover_ratio": null,
            "reinvestment_rate": -4.54,
            "research_to_sale_ratio": null,
            "price_fair": 20.56,
            "eps_avg_yearly": 0.59,
            "eps_latest_yearly": 0.96,
            "eps_growth_yearly": 26.07
        },
        "20183": {
            "year_quarter": 20183,
            "year": 2018,
            "quarter": 3,
            "eps": 0.21,
            "eps_growth_year": -12.5,
            "eps_4q": 0.74,
            "eps_4q_growth_year": 19.7,
            "roe": 1.72,
            "roe_4q": 6.260000000000001,
            "gross_profit": null,
            "gross_margin": null,
            "gross_margin_4q_avg": 0,
            "net_income": 749011,
            "revenue": 2348676,
            "common_shares": 36190357,
            "book_valuer_per_share": 12.38,
            "book_valuer_per_share_4q_avg": 12.2,
            "equity": 43946671,
            "current_ratio": null,
            "debt_ratio": 86.41,
            "inventory_turnover_ratio": null,
            "account_receivable_turnover_ratio": null,
            "reinvestment_rate": -4.2,
            "research_to_sale_ratio": null,
            "price_fair": 21.09,
            "eps_avg_yearly": 0.6,
            "eps_latest_yearly": 0.84,
            "eps_growth_yearly": 34.05
        },
        "20184": {
            "year_quarter": 20184,
            "year": 2018,
            "quarter": 4,
            "eps": 0.11,
            "eps_growth_year": -27.47,
            "eps_4q": 0.71,
            "eps_4q_growth_year": 3.79,
            "roe": 0.85,
            "roe_4q": 5.82,
            "gross_profit": null,
            "gross_margin": null,
            "gross_margin_4q_avg": 0,
            "net_income": 375793,
            "revenue": 1763029,
            "common_shares": 36190357,
            "book_valuer_per_share": 12.46,
            "book_valuer_per_share_4q_avg": 12.46,
            "equity": 44232350,
            "current_ratio": null,
            "debt_ratio": 86.13,
            "inventory_turnover_ratio": null,
            "account_receivable_turnover_ratio": null,
            "reinvestment_rate": -3.15,
            "research_to_sale_ratio": null,
            "price_fair": 20.91,
            "eps_avg_yearly": 0.6,
            "eps_latest_yearly": 0.44,
            "eps_growth_yearly": 25.48
        },
        "20191": {
            "year_quarter": 20191,
            "year": 2019,
            "quarter": 1,
            "eps": 0.13,
            "eps_growth_year": -18.75,
            "eps_4q": 0.68,
            "eps_4q_growth_year": -4.68,
            "roe": 1.04,
            "roe_4q": 5.550000000000001,
            "gross_profit": null,
            "gross_margin": null,
            "gross_margin_4q_avg": 0,
            "net_income": 464587,
            "revenue": 1923510,
            "common_shares": 36190357,
            "book_valuer_per_share": 12.62,
            "book_valuer_per_share_4q_avg": 12.48,
            "equity": 45378370,
            "current_ratio": null,
            "debt_ratio": 86.1,
            "inventory_turnover_ratio": null,
            "account_receivable_turnover_ratio": null,
            "reinvestment_rate": -2.88,
            "research_to_sale_ratio": null,
            "price_fair": 17.79,
            "eps_avg_yearly": 0.59,
            "eps_latest_yearly": 0.52,
            "eps_growth_yearly": 20.41
        },
        "20192": {
            "year_quarter": 20192,
            "year": 2019,
            "quarter": 2,
            "eps": 0.15,
            "eps_growth_year": -37.5,
            "eps_4q": 0.58,
            "eps_4q_growth_year": -25.1,
            "roe": 1.22,
            "roe_4q": 4.83,
            "gross_profit": null,
            "gross_margin": null,
            "gross_margin_4q_avg": 0,
            "net_income": 548803,
            "revenue": 2053607,
            "common_shares": 36190357,
            "book_valuer_per_share": 12.4,
            "book_valuer_per_share_4q_avg": 12.47,
            "equity": 44575772,
            "current_ratio": null,
            "debt_ratio": 86.65,
            "inventory_turnover_ratio": null,
            "account_receivable_turnover_ratio": null,
            "reinvestment_rate": -2.73,
            "research_to_sale_ratio": null,
            "price_fair": 20.65,
            "eps_avg_yearly": 0.59,
            "eps_latest_yearly": 0.6,
            "eps_growth_yearly": 31.2
        },
        "20193": {
            "year_quarter": 20193,
            "year": 2019,
            "quarter": 3,
            "eps": 0.25,
            "eps_growth_year": 19.05,
            "eps_4q": 0.63,
            "eps_4q_growth_year": -15.59,
            "roe": 2.05,
            "roe_4q": 5.159999999999999,
            "gross_profit": null,
            "gross_margin": null,
            "gross_margin_4q_avg": 0,
            "net_income": 921046,
            "revenue": 2434255,
            "common_shares": 37118197,
            "book_valuer_per_share": 12.27,
            "book_valuer_per_share_4q_avg": 12.44,
            "equity": 45258392,
            "current_ratio": null,
            "debt_ratio": 86.65,
            "inventory_turnover_ratio": null,
            "account_receivable_turnover_ratio": null,
            "reinvestment_rate": -2.05,
            "research_to_sale_ratio": null,
            "price_fair": 21.44,
            "eps_avg_yearly": 0.61,
            "eps_latest_yearly": 1,
            "eps_growth_yearly": 42.1
        },
        "20194": {
            "year_quarter": 20194,
            "year": 2019,
            "quarter": 4,
            "eps": 0.09,
            "eps_growth_year": -13.57,
            "eps_4q": 0.61,
            "eps_4q_growth_year": -13.44,
            "roe": 0.75,
            "roe_4q": 5.06,
            "gross_profit": null,
            "gross_margin": null,
            "gross_margin_4q_avg": 0,
            "net_income": 339902,
            "revenue": 2020825,
            "common_shares": 37118197,
            "book_valuer_per_share": 12.29,
            "book_valuer_per_share_4q_avg": 12.4,
            "equity": 45639167,
            "current_ratio": null,
            "debt_ratio": 86.55,
            "inventory_turnover_ratio": null,
            "account_receivable_turnover_ratio": null,
            "reinvestment_rate": -1.53,
            "research_to_sale_ratio": null,
            "price_fair": 21.09,
            "eps_avg_yearly": 0.6,
            "eps_latest_yearly": 0.36,
            "eps_growth_yearly": 30.79
        },
        "20201": {
            "year_quarter": 20201,
            "year": 2020,
            "quarter": 1,
            "eps": 0.08,
            "eps_growth_year": -38.46,
            "eps_4q": 0.57,
            "eps_4q_growth_year": -16.01,
            "roe": 0.67,
            "roe_4q": 4.6899999999999995,
            "gross_profit": null,
            "gross_margin": null,
            "gross_margin_4q_avg": 0,
            "net_income": 302324,
            "revenue": 1866881,
            "common_shares": 37118197,
            "book_valuer_per_share": 12.03,
            "book_valuer_per_share_4q_avg": 12.25,
            "equity": 44681893,
            "current_ratio": null,
            "debt_ratio": 86.92,
            "inventory_turnover_ratio": null,
            "account_receivable_turnover_ratio": null,
            "reinvestment_rate": 0.29,
            "research_to_sale_ratio": null,
            "price_fair": 20.91,
            "eps_avg_yearly": 0.6,
            "eps_latest_yearly": 0.32,
            "eps_growth_yearly": 33.78
        },
        "20202": {
            "year_quarter": 20202,
            "year": 2020,
            "quarter": 2,
            "eps": 0.26,
            "eps_growth_year": 73.33,
            "eps_4q": 0.67,
            "eps_4q_growth_year": 15.24,
            "roe": 2.12,
            "roe_4q": 5.59,
            "gross_profit": null,
            "gross_margin": null,
            "gross_margin_4q_avg": 0,
            "net_income": 959781,
            "revenue": 2586477,
            "common_shares": 37118197,
            "book_valuer_per_share": 12.38,
            "book_valuer_per_share_4q_avg": 12.24,
            "equity": 46001404,
            "current_ratio": null,
            "debt_ratio": 86.77,
            "inventory_turnover_ratio": null,
            "account_receivable_turnover_ratio": null,
            "reinvestment_rate": 0.64,
            "research_to_sale_ratio": null,
            "price_fair": 22.58,
            "eps_avg_yearly": 0.65,
            "eps_latest_yearly": 1.04,
            "eps_growth_yearly": 97.53
        },
        "20203": {
            "year_quarter": 20203,
            "year": 2020,
            "quarter": 3,
            "eps": 0.27,
            "eps_growth_year": 8,
            "eps_4q": 0.69,
            "eps_4q_growth_year": 10.23,
            "roe": 2.17,
            "roe_4q": 5.71,
            "gross_profit": null,
            "gross_margin": null,
            "gross_margin_4q_avg": 0,
            "net_income": 1006003,
            "revenue": 2763106,
            "common_shares": 37724523,
            "book_valuer_per_share": 12.39,
            "book_valuer_per_share_4q_avg": 12.27,
            "equity": 46765667,
            "current_ratio": null,
            "debt_ratio": 86.59,
            "inventory_turnover_ratio": null,
            "account_receivable_turnover_ratio": null,
            "reinvestment_rate": 1.3,
            "research_to_sale_ratio": null,
            "price_fair": 23.71,
            "eps_avg_yearly": 0.68,
            "eps_latest_yearly": 1.08,
            "eps_growth_yearly": 73.49
        },
        "20204": {
            "year_quarter": 20204,
            "year": 2020,
            "quarter": 4,
            "eps": 0.17,
            "eps_growth_year": 86.18,
            "eps_4q": 0.77,
            "eps_4q_growth_year": 25.93,
            "roe": 1.35,
            "roe_4q": 6.3100000000000005,
            "gross_profit": null,
            "gross_margin": null,
            "gross_margin_4q_avg": 0,
            "net_income": 643030,
            "revenue": 2407156,
            "common_shares": 37724523,
            "book_valuer_per_share": 12.82,
            "book_valuer_per_share_4q_avg": 12.41,
            "equity": 48404218,
            "current_ratio": null,
            "debt_ratio": 86.48,
            "inventory_turnover_ratio": null,
            "account_receivable_turnover_ratio": null,
            "reinvestment_rate": 1.82,
            "research_to_sale_ratio": null,
            "price_fair": 24.41,
            "eps_avg_yearly": 0.7,
            "eps_latest_yearly": 0.68,
            "eps_growth_yearly": 73.16
        },
        "20211": {
            "year_quarter": 20211,
            "year": 2021,
            "quarter": 1,
            "eps": 0.23,
            "eps_growth_year": 187.5,
            "eps_4q": 0.92,
            "eps_4q_growth_year": 61.31,
            "roe": 1.74,
            "roe_4q": 7.38,
            "gross_profit": null,
            "gross_margin": null,
            "gross_margin_4q_avg": 0,
            "net_income": 853320,
            "revenue": 2799313,
            "common_shares": 37724523,
            "book_valuer_per_share": 13.18,
            "book_valuer_per_share_4q_avg": 12.69,
            "equity": 49755016,
            "current_ratio": null,
            "debt_ratio": 86.39,
            "inventory_turnover_ratio": null,
            "account_receivable_turnover_ratio": null,
            "reinvestment_rate": 1.38,
            "research_to_sale_ratio": null,
            "price_fair": 25.38,
            "eps_avg_yearly": 0.73,
            "eps_latest_yearly": 0.92,
            "eps_growth_yearly": 73.65
        },
        "20212": {
            "year_quarter": 20212,
            "year": 2021,
            "quarter": 2,
            "eps": 0.3,
            "eps_growth_year": 15.38,
            "eps_4q": 0.96,
            "eps_4q_growth_year": 43.64,
            "roe": 2.2,
            "roe_4q": 7.460000000000001,
            "gross_profit": null,
            "gross_margin": null,
            "gross_margin_4q_avg": 0,
            "net_income": 1120969,
            "revenue": 3204117,
            "common_shares": 37724523,
            "book_valuer_per_share": 13.78,
            "book_valuer_per_share_4q_avg": 13.04,
            "equity": 52029619,
            "current_ratio": null,
            "debt_ratio": 86.36,
            "inventory_turnover_ratio": null,
            "account_receivable_turnover_ratio": null,
            "reinvestment_rate": 0.71,
            "research_to_sale_ratio": null,
            "price_fair": 26.6,
            "eps_avg_yearly": 0.76,
            "eps_latest_yearly": 1.2,
            "eps_growth_yearly": 72.93
        },
        "20213": {
            "year_quarter": 20213,
            "year": 2021,
            "quarter": 3,
            "eps": 0.37,
            "eps_growth_year": 37.04,
            "eps_4q": 1.05,
            "eps_4q_growth_year": 51.48,
            "roe": 2.69,
            "roe_4q": 7.98,
            "gross_profit": null,
            "gross_margin": null,
            "gross_margin_4q_avg": 0,
            "net_income": 1397543,
            "revenue": 3528007,
            "common_shares": 37724523,
            "book_valuer_per_share": 13.77,
            "book_valuer_per_share_4q_avg": 13.39,
            "equity": 52005978,
            "current_ratio": null,
            "debt_ratio": 85.87,
            "inventory_turnover_ratio": null,
            "account_receivable_turnover_ratio": null,
            "reinvestment_rate": 1.99,
            "research_to_sale_ratio": null,
            "price_fair": 27.74,
            "eps_avg_yearly": 0.79,
            "eps_latest_yearly": 1.48,
            "eps_growth_yearly": 66.26
        },
        "20214": {
            "year_quarter": 20214,
            "year": 2021,
            "quarter": 4,
            "eps": 0.18,
            "eps_growth_year": 7.88,
            "eps_4q": 1.06,
            "eps_4q_growth_year": 37.87,
            "roe": 1.34,
            "roe_4q": 7.970000000000001,
            "gross_profit": null,
            "gross_margin": null,
            "gross_margin_4q_avg": 0,
            "net_income": 704717,
            "revenue": 2724763,
            "common_shares": 38347145,
            "book_valuer_per_share": 13.89,
            "book_valuer_per_share_4q_avg": 13.66,
            "equity": 53287395,
            "current_ratio": null,
            "debt_ratio": 85.5,
            "inventory_turnover_ratio": null,
            "account_receivable_turnover_ratio": null,
            "reinvestment_rate": 0.73,
            "research_to_sale_ratio": null,
            "price_fair": 28,
            "eps_avg_yearly": 0.8,
            "eps_latest_yearly": 0.72,
            "eps_growth_yearly": 62.8
        },
        "20221": {
            "year_quarter": 20221,
            "year": 2022,
            "quarter": 1,
            "eps": 0.2,
            "eps_growth_year": -13.04,
            "eps_4q": 1.04,
            "eps_4q_growth_year": 13.19,
            "roe": 1.4,
            "roe_4q": 7.63,
            "gross_profit": null,
            "gross_margin": null,
            "gross_margin_4q_avg": 0,
            "net_income": 757136,
            "revenue": 2383668,
            "common_shares": 38347145,
            "book_valuer_per_share": 14.36,
            "book_valuer_per_share_4q_avg": 13.95,
            "equity": 55073106,
            "current_ratio": null,
            "debt_ratio": 83.93,
            "inventory_turnover_ratio": null,
            "account_receivable_turnover_ratio": null,
            "reinvestment_rate": 0.47,
            "research_to_sale_ratio": null,
            "price_fair": 28.35,
            "eps_avg_yearly": 0.81,
            "eps_latest_yearly": 0.8,
            "eps_growth_yearly": 63.91
        },
        "20222": {
            "year_quarter": 20222,
            "year": 2022,
            "quarter": 2,
            "eps": 0.22,
            "eps_growth_year": -26.67,
            "eps_4q": 0.96,
            "eps_4q_growth_year": 0.48,
            "roe": 1.57,
            "roe_4q": 7,
            "gross_profit": null,
            "gross_margin": null,
            "gross_margin_4q_avg": 0,
            "net_income": 839353,
            "revenue": 2503786,
            "common_shares": 38347145,
            "book_valuer_per_share": 13.56,
            "book_valuer_per_share_4q_avg": 13.9,
            "equity": 52014768,
            "current_ratio": null,
            "debt_ratio": 84.71,
            "inventory_turnover_ratio": null,
            "account_receivable_turnover_ratio": null,
            "reinvestment_rate": 0.15,
            "research_to_sale_ratio": null,
            "price_fair": 28.18,
            "eps_avg_yearly": 0.81,
            "eps_latest_yearly": 0.88,
            "eps_growth_yearly": 53.91
        }
    },
    "months": {
        "2002-02": {
            "month": "2002-02",
            "price": "9.68",
            "revenue": 202266
        },
        "2002-03": {
            "month": "2002-03",
            "price": "9.43",
            "revenue": 288060
        },
        "2002-04": {
            "month": "2002-04",
            "price": "10.64",
            "revenue": 381734
        },
        "2002-05": {
            "month": "2002-05",
            "price": "10.41",
            "revenue": 265685
        },
        "2002-06": {
            "month": "2002-06",
            "price": "10.12",
            "revenue": -163835
        },
        "2002-07": {
            "month": "2002-07",
            "price": "9.28",
            "revenue": 143574
        },
        "2002-08": {
            "month": "2002-08",
            "price": "8.58",
            "revenue": 482609
        },
        "2002-09": {
            "month": "2002-09",
            "price": "7.48",
            "revenue": -1596204
        },
        "2002-10": {
            "month": "2002-10",
            "price": "6.30",
            "revenue": 99713
        },
        "2002-11": {
            "month": "2002-11",
            "price": "6.91",
            "revenue": 118166
        },
        "2002-12": {
            "month": "2002-12",
            "price": "7.15",
            "revenue": 456
        },
        "2003-01": {
            "month": "2003-01",
            "price": "8.61",
            "revenue": 147497
        },
        "2003-02": {
            "month": "2003-02",
            "price": "8.09",
            "revenue": -110635
        },
        "2003-03": {
            "month": "2003-03",
            "price": "7.03",
            "revenue": -25119
        },
        "2003-04": {
            "month": "2003-04",
            "price": "6.81",
            "revenue": 51554
        },
        "2003-05": {
            "month": "2003-05",
            "price": "6.10",
            "revenue": 109575
        },
        "2003-06": {
            "month": "2003-06",
            "price": "6.92",
            "revenue": 140594
        },
        "2003-07": {
            "month": "2003-07",
            "price": "7.06",
            "revenue": 208129
        },
        "2003-08": {
            "month": "2003-08",
            "price": "6.97",
            "revenue": -27127
        },
        "2003-09": {
            "month": "2003-09",
            "price": "7.05",
            "revenue": -1013785
        },
        "2003-10": {
            "month": "2003-10",
            "price": "7.10",
            "revenue": -449616
        },
        "2003-11": {
            "month": "2003-11",
            "price": "7.06",
            "revenue": 76532
        },
        "2003-12": {
            "month": "2003-12",
            "price": "7.98",
            "revenue": 467072
        },
        "2004-01": {
            "month": "2004-01",
            "price": "9.40",
            "revenue": 179199
        },
        "2004-02": {
            "month": "2004-02",
            "price": "11.44",
            "revenue": 336963
        },
        "2004-03": {
            "month": "2004-03",
            "price": "12.81",
            "revenue": -349982
        },
        "2004-04": {
            "month": "2004-04",
            "price": "11.85",
            "revenue": 484377
        },
        "2004-05": {
            "month": "2004-05",
            "price": "9.85",
            "revenue": 232006
        },
        "2004-06": {
            "month": "2004-06",
            "price": "9.95",
            "revenue": 101396
        },
        "2004-07": {
            "month": "2004-07",
            "price": "10.01",
            "revenue": -159583
        },
        "2004-08": {
            "month": "2004-08",
            "price": "9.59",
            "revenue": 133949
        },
        "2004-09": {
            "month": "2004-09",
            "price": "9.70",
            "revenue": 270009
        },
        "2004-10": {
            "month": "2004-10",
            "price": "10.42",
            "revenue": 73115
        },
        "2004-11": {
            "month": "2004-11",
            "price": "10.78",
            "revenue": 187228
        },
        "2004-12": {
            "month": "2004-12",
            "price": "10.66",
            "revenue": -251994
        },
        "2005-01": {
            "month": "2005-01",
            "price": "10.71",
            "revenue": 34539
        },
        "2005-02": {
            "month": "2005-02",
            "price": "10.38",
            "revenue": 32581
        },
        "2005-03": {
            "month": "2005-03",
            "price": "9.94",
            "revenue": 299799
        },
        "2005-04": {
            "month": "2005-04",
            "price": "8.56",
            "revenue": -138922
        },
        "2005-05": {
            "month": "2005-05",
            "price": "7.97",
            "revenue": 110843
        },
        "2005-06": {
            "month": "2005-06",
            "price": "8.28",
            "revenue": 206425
        },
        "2005-07": {
            "month": "2005-07",
            "price": "8.78",
            "revenue": 260095
        },
        "2005-08": {
            "month": "2005-08",
            "price": "8.48",
            "revenue": 172446
        },
        "2005-09": {
            "month": "2005-09",
            "price": "7.95",
            "revenue": -577450
        },
        "2005-10": {
            "month": "2005-10",
            "price": "7.51",
            "revenue": -714439
        },
        "2005-11": {
            "month": "2005-11",
            "price": "6.83",
            "revenue": -323287
        },
        "2005-12": {
            "month": "2005-12",
            "price": "7.03",
            "revenue": -3530259
        },
        "2006-01": {
            "month": "2006-01",
            "price": "7.36",
            "revenue": 549115
        },
        "2006-02": {
            "month": "2006-02",
            "price": "7.37",
            "revenue": -98422
        },
        "2006-03": {
            "month": "2006-03",
            "price": "6.99",
            "revenue": -86603
        },
        "2006-04": {
            "month": "2006-04",
            "price": "7.37",
            "revenue": -445707
        },
        "2006-05": {
            "month": "2006-05",
            "price": "8.16",
            "revenue": -55294
        },
        "2006-06": {
            "month": "2006-06",
            "price": "7.36",
            "revenue": 38435
        },
        "2006-07": {
            "month": "2006-07",
            "price": "7.34",
            "revenue": -10499672
        },
        "2006-08": {
            "month": "2006-08",
            "price": "7.15",
            "revenue": 162038
        },
        "2006-09": {
            "month": "2006-09",
            "price": "6.98",
            "revenue": -279350
        },
        "2006-10": {
            "month": "2006-10",
            "price": "7.76",
            "revenue": 76308
        },
        "2006-11": {
            "month": "2006-11",
            "price": "7.60",
            "revenue": 132289
        },
        "2006-12": {
            "month": "2006-12",
            "price": "7.73",
            "revenue": -1900195
        },
        "2007-01": {
            "month": "2007-01",
            "price": "7.82",
            "revenue": 183417
        },
        "2007-02": {
            "month": "2007-02",
            "price": "7.24",
            "revenue": -115658
        },
        "2007-03": {
            "month": "2007-03",
            "price": "6.85",
            "revenue": 57054
        },
        "2007-04": {
            "month": "2007-04",
            "price": "6.81",
            "revenue": -49144
        },
        "2007-05": {
            "month": "2007-05",
            "price": "5.96",
            "revenue": 39389
        },
        "2007-06": {
            "month": "2007-06",
            "price": "6.03",
            "revenue": 292048
        },
        "2007-07": {
            "month": "2007-07",
            "price": "8.06",
            "revenue": 772228
        },
        "2007-08": {
            "month": "2007-08",
            "price": "7.41",
            "revenue": -203139
        },
        "2007-09": {
            "month": "2007-09",
            "price": "9.31",
            "revenue": 293749
        },
        "2007-10": {
            "month": "2007-10",
            "price": "9.71",
            "revenue": 135213
        },
        "2007-11": {
            "month": "2007-11",
            "price": "9.30",
            "revenue": -864921
        },
        "2007-12": {
            "month": "2007-12",
            "price": "9.22",
            "revenue": -298854
        },
        "2008-01": {
            "month": "2008-01",
            "price": "8.82",
            "revenue": -495454
        },
        "2008-02": {
            "month": "2008-02",
            "price": "7.91",
            "revenue": -454490
        },
        "2008-03": {
            "month": "2008-03",
            "price": "7.75",
            "revenue": -951427
        },
        "2008-04": {
            "month": "2008-04",
            "price": "8.01",
            "revenue": 500974
        },
        "2008-05": {
            "month": "2008-05",
            "price": "7.75",
            "revenue": -79660
        },
        "2008-06": {
            "month": "2008-06",
            "price": "7.12",
            "revenue": -480307
        },
        "2008-07": {
            "month": "2008-07",
            "price": "7.44",
            "revenue": -180133
        },
        "2008-08": {
            "month": "2008-08",
            "price": "6.41",
            "revenue": -168519
        },
        "2008-09": {
            "month": "2008-09",
            "price": "4.50",
            "revenue": -271318
        },
        "2008-10": {
            "month": "2008-10",
            "price": "3.03",
            "revenue": -344584
        },
        "2008-11": {
            "month": "2008-11",
            "price": "2.77",
            "revenue": -98803
        },
        "2008-12": {
            "month": "2008-12",
            "price": "2.95",
            "revenue": -455819
        },
        "2009-01": {
            "month": "2009-01",
            "price": "2.84",
            "revenue": -288690
        },
        "2009-02": {
            "month": "2009-02",
            "price": "2.80",
            "revenue": -318521
        },
        "2009-03": {
            "month": "2009-03",
            "price": "2.82",
            "revenue": 20418
        },
        "2009-04": {
            "month": "2009-04",
            "price": "4.41",
            "revenue": -1957981
        },
        "2009-05": {
            "month": "2009-05",
            "price": "5.25",
            "revenue": -2900163
        },
        "2009-06": {
            "month": "2009-06",
            "price": "5.59",
            "revenue": -290012
        },
        "2009-07": {
            "month": "2009-07",
            "price": "5.40",
            "revenue": 342706
        },
        "2009-08": {
            "month": "2009-08",
            "price": "5.07",
            "revenue": -125472
        },
        "2009-09": {
            "month": "2009-09",
            "price": "4.87",
            "revenue": 503201
        },
        "2009-10": {
            "month": "2009-10",
            "price": "5.24",
            "revenue": 143201
        },
        "2009-11": {
            "month": "2009-11",
            "price": "5.04",
            "revenue": 152401
        },
        "2009-12": {
            "month": "2009-12",
            "price": "4.75",
            "revenue": -605271
        },
        "2010-01": {
            "month": "2010-01",
            "price": "4.74",
            "revenue": 103861
        },
        "2010-02": {
            "month": "2010-02",
            "price": "4.02",
            "revenue": 190277
        },
        "2010-03": {
            "month": "2010-03",
            "price": "4.05",
            "revenue": 367903
        },
        "2010-04": {
            "month": "2010-04",
            "price": "4.16",
            "revenue": 222468
        },
        "2010-05": {
            "month": "2010-05",
            "price": "3.79",
            "revenue": 193239
        },
        "2010-06": {
            "month": "2010-06",
            "price": "3.79",
            "revenue": 166952
        },
        "2010-07": {
            "month": "2010-07",
            "price": "4.72",
            "revenue": 252508
        },
        "2010-08": {
            "month": "2010-08",
            "price": "6.06",
            "revenue": 333450
        },
        "2010-09": {
            "month": "2010-09",
            "price": "10.17",
            "revenue": 524253
        },
        "2010-10": {
            "month": "2010-10",
            "price": "10.22",
            "revenue": 211795
        },
        "2010-11": {
            "month": "2010-11",
            "price": "10.15",
            "revenue": 220656
        },
        "2010-12": {
            "month": "2010-12",
            "price": "11.97",
            "revenue": 284997
        },
        "2011-01": {
            "month": "2011-01",
            "price": "13.76",
            "revenue": 151206
        },
        "2011-02": {
            "month": "2011-02",
            "price": "13.89",
            "revenue": 91857
        },
        "2011-03": {
            "month": "2011-03",
            "price": "13.75",
            "revenue": 59148
        },
        "2011-04": {
            "month": "2011-04",
            "price": "14.06",
            "revenue": 222655
        },
        "2011-05": {
            "month": "2011-05",
            "price": "13.94",
            "revenue": 223672
        },
        "2011-06": {
            "month": "2011-06",
            "price": "13.23",
            "revenue": 131369
        },
        "2011-07": {
            "month": "2011-07",
            "price": "13.39",
            "revenue": 294706
        },
        "2011-08": {
            "month": "2011-08",
            "price": "11.08",
            "revenue": -98653
        },
        "2011-09": {
            "month": "2011-09",
            "price": "9.18",
            "revenue": 556891
        },
        "2011-10": {
            "month": "2011-10",
            "price": "8.95",
            "revenue": 99901
        },
        "2011-11": {
            "month": "2011-11",
            "price": "9.24",
            "revenue": 405766
        },
        "2011-12": {
            "month": "2011-12",
            "price": "7.99",
            "revenue": 150898
        },
        "2012-01": {
            "month": "2012-01",
            "price": "7.88",
            "revenue": 188063
        },
        "2012-02": {
            "month": "2012-02",
            "price": "9.29",
            "revenue": 231316
        },
        "2012-03": {
            "month": "2012-03",
            "price": "9.73",
            "revenue": 260672
        },
        "2012-04": {
            "month": "2012-04",
            "price": "8.93",
            "revenue": 135641
        },
        "2012-05": {
            "month": "2012-05",
            "price": "8.51",
            "revenue": 187863
        },
        "2012-06": {
            "month": "2012-06",
            "price": "8.32",
            "revenue": 293770
        },
        "2012-07": {
            "month": "2012-07",
            "price": "8.49",
            "revenue": 213209
        },
        "2012-08": {
            "month": "2012-08",
            "price": "8.60",
            "revenue": 206726
        },
        "2012-09": {
            "month": "2012-09",
            "price": "8.33",
            "revenue": 132668
        },
        "2012-10": {
            "month": "2012-10",
            "price": "8.01",
            "revenue": 96338
        },
        "2012-11": {
            "month": "2012-11",
            "price": "7.75",
            "revenue": 136508
        },
        "2012-12": {
            "month": "2012-12",
            "price": "8.13",
            "revenue": 45364
        },
        "2013-01": {
            "month": "2013-01",
            "price": "8.42",
            "revenue": 637058
        },
        "2013-02": {
            "month": "2013-02",
            "price": "9.05",
            "revenue": 559469
        },
        "2013-03": {
            "month": "2013-03",
            "price": "9.08",
            "revenue": 635533
        },
        "2013-04": {
            "month": "2013-04",
            "price": "8.91",
            "revenue": 604414
        },
        "2013-05": {
            "month": "2013-05",
            "price": "9.30",
            "revenue": 616344
        },
        "2013-06": {
            "month": "2013-06",
            "price": "9.42",
            "revenue": 516190
        },
        "2013-07": {
            "month": "2013-07",
            "price": "9.36",
            "revenue": 519303
        },
        "2013-08": {
            "month": "2013-08",
            "price": "8.60",
            "revenue": 538027
        },
        "2013-09": {
            "month": "2013-09",
            "price": "8.50",
            "revenue": 563475
        },
        "2013-10": {
            "month": "2013-10",
            "price": "8.47",
            "revenue": 586549
        },
        "2013-11": {
            "month": "2013-11",
            "price": "8.24",
            "revenue": 603947
        },
        "2013-12": {
            "month": "2013-12",
            "price": "8.40",
            "revenue": 982216
        },
        "2014-01": {
            "month": "2014-01",
            "price": "8.88",
            "revenue": 668070
        },
        "2014-02": {
            "month": "2014-02",
            "price": "8.73",
            "revenue": 608830
        },
        "2014-03": {
            "month": "2014-03",
            "price": "8.54",
            "revenue": 698589
        },
        "2014-04": {
            "month": "2014-04",
            "price": "8.46",
            "revenue": 643335
        },
        "2014-05": {
            "month": "2014-05",
            "price": "8.23",
            "revenue": 796433
        },
        "2014-06": {
            "month": "2014-06",
            "price": "8.46",
            "revenue": 721459
        },
        "2014-07": {
            "month": "2014-07",
            "price": "8.88",
            "revenue": 692806
        },
        "2014-08": {
            "month": "2014-08",
            "price": "8.47",
            "revenue": 637056
        },
        "2014-09": {
            "month": "2014-09",
            "price": "8.31",
            "revenue": 576923
        },
        "2014-10": {
            "month": "2014-10",
            "price": "8.05",
            "revenue": 586205
        },
        "2014-11": {
            "month": "2014-11",
            "price": "8.12",
            "revenue": 601146
        },
        "2014-12": {
            "month": "2014-12",
            "price": "8.25",
            "revenue": 696471
        },
        "2015-01": {
            "month": "2015-01",
            "price": "8.30",
            "revenue": 577770
        },
        "2015-02": {
            "month": "2015-02",
            "price": "8.39",
            "revenue": 486928
        },
        "2015-03": {
            "month": "2015-03",
            "price": "8.39",
            "revenue": 792764
        },
        "2015-04": {
            "month": "2015-04",
            "price": "8.55",
            "revenue": 678355
        },
        "2015-05": {
            "month": "2015-05",
            "price": "9.06",
            "revenue": 632556
        },
        "2015-06": {
            "month": "2015-06",
            "price": "8.58",
            "revenue": 553304
        },
        "2015-07": {
            "month": "2015-07",
            "price": "8.26",
            "revenue": 611233
        },
        "2015-08": {
            "month": "2015-08",
            "price": "7.68",
            "revenue": 652761
        },
        "2015-09": {
            "month": "2015-09",
            "price": "7.36",
            "revenue": 681354
        },
        "2015-10": {
            "month": "2015-10",
            "price": "7.39",
            "revenue": 646329
        },
        "2015-11": {
            "month": "2015-11",
            "price": "7.39",
            "revenue": 639932
        },
        "2015-12": {
            "month": "2015-12",
            "price": "7.18",
            "revenue": 616189
        },
        "2016-01": {
            "month": "2016-01",
            "price": "6.74",
            "revenue": 824578
        },
        "2016-02": {
            "month": "2016-02",
            "price": "7.20",
            "revenue": 443950
        },
        "2016-03": {
            "month": "2016-03",
            "price": "7.23",
            "revenue": 641757
        },
        "2016-04": {
            "month": "2016-04",
            "price": "7.08",
            "revenue": 527405
        },
        "2016-05": {
            "month": "2016-05",
            "price": "6.83",
            "revenue": 576677
        },
        "2016-06": {
            "month": "2016-06",
            "price": "6.84",
            "revenue": 506433
        },
        "2016-07": {
            "month": "2016-07",
            "price": "6.95",
            "revenue": 757156
        },
        "2016-08": {
            "month": "2016-08",
            "price": "7.07",
            "revenue": 727142
        },
        "2016-09": {
            "month": "2016-09",
            "price": "6.84",
            "revenue": 478340
        },
        "2016-10": {
            "month": "2016-10",
            "price": "6.55",
            "revenue": 472070
        },
        "2016-11": {
            "month": "2016-11",
            "price": "6.52",
            "revenue": 493773
        },
        "2016-12": {
            "month": "2016-12",
            "price": "6.75",
            "revenue": 675952
        },
        "2017-01": {
            "month": "2017-01",
            "price": "6.80",
            "revenue": 571316
        },
        "2017-02": {
            "month": "2017-02",
            "price": "6.95",
            "revenue": 521933
        },
        "2017-03": {
            "month": "2017-03",
            "price": "7.37",
            "revenue": 605383
        },
        "2017-04": {
            "month": "2017-04",
            "price": "7.16",
            "revenue": 507952
        },
        "2017-05": {
            "month": "2017-05",
            "price": "6.89",
            "revenue": 665070
        },
        "2017-06": {
            "month": "2017-06",
            "price": "6.79",
            "revenue": 731829
        },
        "2017-07": {
            "month": "2017-07",
            "price": "6.97",
            "revenue": 968014
        },
        "2017-08": {
            "month": "2017-08",
            "price": "7.09",
            "revenue": 824319
        },
        "2017-09": {
            "month": "2017-09",
            "price": "7.34",
            "revenue": 689682
        },
        "2017-10": {
            "month": "2017-10",
            "price": "7.81",
            "revenue": 646125
        },
        "2017-11": {
            "month": "2017-11",
            "price": "8.46",
            "revenue": 765588
        },
        "2017-12": {
            "month": "2017-12",
            "price": "8.46",
            "revenue": 668621
        },
        "2018-01": {
            "month": "2018-01",
            "price": "8.44",
            "revenue": 787748
        },
        "2018-02": {
            "month": "2018-02",
            "price": "8.17",
            "revenue": 497009
        },
        "2018-03": {
            "month": "2018-03",
            "price": "8.80",
            "revenue": 710683
        },
        "2018-04": {
            "month": "2018-04",
            "price": "8.45",
            "revenue": 706879
        },
        "2018-05": {
            "month": "2018-05",
            "price": "9.05",
            "revenue": 704754
        },
        "2018-06": {
            "month": "2018-06",
            "price": "9.21",
            "revenue": 1003179
        },
        "2018-07": {
            "month": "2018-07",
            "price": "9.18",
            "revenue": 1063613
        },
        "2018-08": {
            "month": "2018-08",
            "price": "9.60",
            "revenue": 680243
        },
        "2018-09": {
            "month": "2018-09",
            "price": "9.53",
            "revenue": 618451
        },
        "2018-10": {
            "month": "2018-10",
            "price": "9.24",
            "revenue": 638009
        },
        "2018-11": {
            "month": "2018-11",
            "price": "9.05",
            "revenue": 559340
        },
        "2018-12": {
            "month": "2018-12",
            "price": "8.88",
            "revenue": 571941
        },
        "2019-01": {
            "month": "2019-01",
            "price": "8.89",
            "revenue": 689637
        },
        "2019-02": {
            "month": "2019-02",
            "price": "9.38",
            "revenue": 592149
        },
        "2019-03": {
            "month": "2019-03",
            "price": "9.47",
            "revenue": 642162
        },
        "2019-04": {
            "month": "2019-04",
            "price": "9.33",
            "revenue": 657164
        },
        "2019-05": {
            "month": "2019-05",
            "price": "10.34",
            "revenue": 652282
        },
        "2019-06": {
            "month": "2019-06",
            "price": "10.72",
            "revenue": 738091
        },
        "2019-07": {
            "month": "2019-07",
            "price": "10.69",
            "revenue": 1039224
        },
        "2019-08": {
            "month": "2019-08",
            "price": "9.71",
            "revenue": 766605
        },
        "2019-09": {
            "month": "2019-09",
            "price": "9.68",
            "revenue": 635376
        },
        "2019-10": {
            "month": "2019-10",
            "price": "9.64",
            "revenue": 696286
        },
        "2019-11": {
            "month": "2019-11",
            "price": "9.72",
            "revenue": 694918
        },
        "2019-12": {
            "month": "2019-12",
            "price": "9.72",
            "revenue": 630165
        },
        "2020-01": {
            "month": "2020-01",
            "price": "9.96",
            "revenue": 649636
        },
        "2020-02": {
            "month": "2020-02",
            "price": "10.01",
            "revenue": 642160
        },
        "2020-03": {
            "month": "2020-03",
            "price": "9.07",
            "revenue": 575344
        },
        "2020-04": {
            "month": "2020-04",
            "price": "9.27",
            "revenue": 810310
        },
        "2020-05": {
            "month": "2020-05",
            "price": "9.29",
            "revenue": 754516
        },
        "2020-06": {
            "month": "2020-06",
            "price": "9.61",
            "revenue": 1024831
        },
        "2020-07": {
            "month": "2020-07",
            "price": "10.26",
            "revenue": 1195160
        },
        "2020-08": {
            "month": "2020-08",
            "price": "10.34",
            "revenue": 817942
        },
        "2020-09": {
            "month": "2020-09",
            "price": "10.80",
            "revenue": 751670
        },
        "2020-10": {
            "month": "2020-10",
            "price": "10.76",
            "revenue": 670461
        },
        "2020-11": {
            "month": "2020-11",
            "price": "10.41",
            "revenue": 792118
        },
        "2020-12": {
            "month": "2020-12",
            "price": "11.27",
            "revenue": 943485
        },
        "2021-01": {
            "month": "2021-01",
            "price": "12.35",
            "revenue": 1022634
        },
        "2021-02": {
            "month": "2021-02",
            "price": "12.19",
            "revenue": 756525
        },
        "2021-03": {
            "month": "2021-03",
            "price": "12.52",
            "revenue": 1020380
        },
        "2021-04": {
            "month": "2021-04",
            "price": "12.80",
            "revenue": 1059846
        },
        "2021-05": {
            "month": "2021-05",
            "price": "12.87",
            "revenue": 1024064
        },
        "2021-06": {
            "month": "2021-06",
            "price": "12.90",
            "revenue": 1120465
        },
        "2021-07": {
            "month": "2021-07",
            "price": "12.92",
            "revenue": 1511594
        },
        "2021-08": {
            "month": "2021-08",
            "price": "12.92",
            "revenue": 1168916
        },
        "2021-09": {
            "month": "2021-09",
            "price": "12.90",
            "revenue": 848666
        },
        "2021-10": {
            "month": "2021-10",
            "price": "12.92",
            "revenue": 805177
        },
        "2021-11": {
            "month": "2021-11",
            "price": "12.46",
            "revenue": 1041257
        },
        "2021-12": {
            "month": "2021-12",
            "price": "12.36",
            "revenue": 880022
        },
        "2022-01": {
            "month": "2022-01",
            "price": "12.37",
            "revenue": 782506
        },
        "2022-02": {
            "month": "2022-02",
            "price": "12.38",
            "revenue": 680547
        },
        "2022-03": {
            "month": "2022-03",
            "price": "12.38",
            "revenue": 921582
        },
        "2022-04": {
            "month": "2022-04",
            "price": "12.38",
            "revenue": 703239
        },
        "2022-05": {
            "month": "2022-05",
            "price": "12.36",
            "revenue": 715086
        },
        "2022-06": {
            "month": "2022-06",
            "price": "12.21",
            "revenue": 1085929
        },
        "2022-07": {
            "month": "2022-07",
            "price": "11.52",
            "revenue": 1079292
        },
        "2022-08": {
            "month": "2022-08",
            "price": "11.48",
            "revenue": 861381
        },
        "2022-09": {
            "month": "2022-09",
            "price": "11.50",
            "revenue": 705576
        },
        "2022-10": {
            "month": "2022-10",
            "price": "11.65",
            "revenue": 709762
        }
    }
}
