{
    "summary": {
        "stock_name": "致和證",
        "stock_id": "5864",
        "category": "金融",
        "main_business": "經紀<br>自營<br>承銷",
        "website_url": "http://www.wintan.com.tw",
        "ceo": "潘嬅蓁",
        "pe_ratio": 53,
        "report_year_from": 2008,
        "report_year_to": 2023,
        "age": 15,
        "eps_negative_percentage": 14,
        "eps_growth_avg": {
            "last_all": 14.18,
            "last_2y": 13.9,
            "last_4y": 14.18,
            "last_8y": null,
            "last_12y": null,
            "last_16y": null,
            "last_20y": null,
            "at_2006_last_3y": null,
            "at_2007_last_3y": null,
            "at_2008_last_3y": null,
            "at_2009_last_3y": null,
            "at_2010_last_3y": null,
            "at_2011_last_3y": null,
            "at_2012_last_3y": null,
            "at_2013_last_3y": null,
            "at_2014_last_3y": null,
            "at_2015_last_3y": null,
            "at_2016_last_3y": null,
            "at_2017_last_3y": null,
            "at_2018_last_3y": null,
            "at_2019_last_3y": null,
            "at_2020_last_3y": null,
            "at_2021_last_3y": 42.73,
            "at_2022_last_3y": -7.27,
            "at_2023_last_3y": -7.27,
            "at_2006_last_all": null,
            "at_2007_last_all": null,
            "at_2008_last_all": null,
            "at_2009_last_all": null,
            "at_2010_last_all": null,
            "at_2011_last_all": null,
            "at_2012_last_all": null,
            "at_2013_last_all": null,
            "at_2014_last_all": null,
            "at_2015_last_all": null,
            "at_2016_last_all": null,
            "at_2017_last_all": null,
            "at_2018_last_all": null,
            "at_2019_last_all": 14.6,
            "at_2020_last_all": 43.07,
            "at_2021_last_all": 42.73,
            "at_2022_last_all": 14.18,
            "at_2023_last_all": 14.18
        },
        "latest_eps": 0.48,
        "latest_price": 25.2,
        "latest_roe": 2.65,
        "latest_gross_margin": null,
        "latest_equity": 4820920,
        "latest_revenue": 477047,
        "latest_gross_profit": null,
        "latest_net_income": 414295,
        "latest_debt_ratio": 27.4,
        "latest_current_ratio": 274.27,
        "latest_account_receivable_turnover_ratio": 0.63,
        "latest_inventory_turnover_ratio": null,
        "latest_reinvestment_rate": -5.02,
        "latest_research_to_sale_ratio": null
    },
    "eps_dividends": {
        "2001": {
            "cash": 0,
            "stock": 0,
            "eps": 0
        },
        "2002": {
            "cash": 0,
            "stock": 0,
            "eps": 0
        },
        "2003": {
            "cash": 0,
            "stock": 0,
            "eps": 0
        },
        "2004": {
            "cash": 0.6,
            "stock": 0,
            "eps": 0
        },
        "2005": {
            "cash": 0.5,
            "stock": 0,
            "eps": 0
        },
        "2006": {
            "cash": 0,
            "stock": 0,
            "eps": 0
        },
        "2007": {
            "cash": 0,
            "stock": 0,
            "eps": 0
        },
        "2008": {
            "cash": 0.2,
            "stock": 0.2,
            "eps": 0
        },
        "2009": {
            "cash": 0,
            "stock": 0,
            "eps": 0
        },
        "2010": {
            "cash": 0.3,
            "stock": 0.5,
            "eps": 0
        },
        "2011": {
            "cash": 0.3,
            "stock": 0.3,
            "eps": 0
        },
        "2012": {
            "cash": 0,
            "stock": 0,
            "eps": 0
        },
        "2013": {
            "cash": 0.23,
            "stock": 0.1,
            "eps": 0
        },
        "2014": {
            "cash": 0,
            "stock": 0,
            "eps": 0
        },
        "2015": {
            "cash": 0,
            "stock": 0,
            "eps": 0
        },
        "2016": {
            "cash": 0,
            "stock": 0,
            "eps": 0
        },
        "2017": {
            "cash": 0.62,
            "stock": 0,
            "eps": 0.12
        },
        "2018": {
            "cash": 0.5,
            "stock": 0,
            "eps": 2.02
        },
        "2019": {
            "cash": 0.6,
            "stock": 0.6,
            "eps": 0.59
        },
        "2020": {
            "cash": 0.55,
            "stock": 0,
            "eps": 1.99
        },
        "2021": {
            "cash": 0.6,
            "stock": 0.6,
            "eps": 2.82
        },
        "2022": {
            "cash": 0.6,
            "stock": 0.6,
            "eps": -0.83
        },
        "2023": {
            "cash": 0.2,
            "stock": 0.2,
            "eps": 1.55
        }
    },
    "dividends": {
        "2004-03-29": {
            "cash": 0.6,
            "stock": 0
        },
        "2005-06-02": {
            "cash": 0.5,
            "stock": 0
        },
        "2008-05-07": {
            "cash": 0.2,
            "stock": 0.2
        },
        "2010-05-07": {
            "cash": 0.3,
            "stock": 0.5
        },
        "2011-05-04": {
            "cash": 0.3,
            "stock": 0.3
        },
        "2013-05-09": {
            "cash": 0.23,
            "stock": 0.1
        },
        "2017-06-09": {
            "cash": 0.62,
            "stock": 0
        },
        "2018-06-08": {
            "cash": 0.5,
            "stock": 0
        },
        "2019-07-15": {
            "cash": 0.6,
            "stock": 0.6
        },
        "2020-06-12": {
            "cash": 0.55,
            "stock": 0
        },
        "2021-07-09": {
            "cash": 0.6,
            "stock": 0.6
        },
        "2022-07-15": {
            "cash": 0.6,
            "stock": 0.6
        },
        "2023-07-20": {
            "cash": 0.2,
            "stock": 0.2
        }
    },
    "prices": {
        "200101": "無",
        "200102": "無",
        "200103": "無",
        "200104": "無",
        "200105": "無",
        "200106": "無",
        "200107": "無",
        "200108": "無",
        "200109": "無",
        "200110": "無",
        "200111": "無",
        "200112": "無",
        "200201": "無",
        "200202": "無",
        "200203": "無",
        "200204": "無",
        "200205": "無",
        "200206": "無",
        "200207": "無",
        "200208": "無",
        "200209": "無",
        "200210": "無",
        "200211": "無",
        "200212": "無",
        "200301": "無",
        "200302": "無",
        "200303": "無",
        "200304": "無",
        "200305": "無",
        "200306": "無",
        "200307": "無",
        "200308": "無",
        "200309": "無",
        "200310": "無",
        "200311": "無",
        "200312": "無",
        "200401": "無",
        "200402": "無",
        "200403": "無",
        "200404": "無",
        "200405": "無",
        "200406": "無",
        "200407": "無",
        "200408": "無",
        "200409": "無",
        "200410": "無",
        "200411": "無",
        "200412": "無",
        "200501": "無",
        "200502": "無",
        "200503": "無",
        "200504": "無",
        "200505": "無",
        "200506": "無",
        "200507": "無",
        "200508": "無",
        "200509": "無",
        "200510": "無",
        "200511": "無",
        "200512": "無",
        "200601": "無",
        "200602": "無",
        "200603": "無",
        "200604": "無",
        "200605": "無",
        "200606": "無",
        "200607": "無",
        "200608": "無",
        "200609": "無",
        "200610": "無",
        "200611": "無",
        "200612": "無",
        "200701": "無",
        "200702": "無",
        "200703": "無",
        "200704": "無",
        "200705": "無",
        "200706": "無",
        "200707": "無",
        "200708": "無",
        "200709": "無",
        "200710": "無",
        "200711": "無",
        "200712": "無",
        "200801": "無",
        "200802": "無",
        "200803": "無",
        "200804": "無",
        "200805": "無",
        "200806": "無",
        "200807": "無",
        "200808": "無",
        "200809": "無",
        "200810": "無",
        "200811": "無",
        "200812": "無",
        "200901": "無",
        "200902": "無",
        "200903": "無",
        "200904": "6.79",
        "200905": "7.63",
        "200906": "8.16",
        "200907": "7.46",
        "200908": "7.46",
        "200909": "7.84",
        "200910": "7.93",
        "200911": "7.80",
        "200912": "7.60",
        "201001": "9.57",
        "201002": "9.17",
        "201003": "9.70",
        "201004": "9.91",
        "201005": "9.61",
        "201006": "9.71",
        "201007": "9.19",
        "201008": "8.66",
        "201009": "8.55",
        "201010": "8.86",
        "201011": "8.90",
        "201012": "8.88",
        "201101": "9.52",
        "201102": "9.40",
        "201103": "9.16",
        "201104": "9.02",
        "201105": "9.00",
        "201106": "9.16",
        "201107": "9.41",
        "201108": "8.73",
        "201109": "8.29",
        "201110": "7.37",
        "201111": "6.82",
        "201112": "6.02",
        "201201": "5.94",
        "201202": "7.29",
        "201203": "8.19",
        "201204": "7.82",
        "201205": "6.85",
        "201206": "6.50",
        "201207": "6.34",
        "201208": "6.45",
        "201209": "7.03",
        "201210": "6.49",
        "201211": "6.14",
        "201212": "6.18",
        "201301": "6.62",
        "201302": "6.81",
        "201303": "6.81",
        "201304": "6.67",
        "201305": "6.80",
        "201306": "7.21",
        "201307": "8.02",
        "201308": "7.94",
        "201309": "7.94",
        "201310": "8.08",
        "201311": "8.18",
        "201312": "7.73",
        "201401": "7.22",
        "201402": "7.21",
        "201403": "7.17",
        "201404": "7.24",
        "201405": "7.24",
        "201406": "7.22",
        "201407": "7.26",
        "201408": "7.25",
        "201409": "7.25",
        "201410": "7.28",
        "201411": "7.38",
        "201412": "7.48",
        "201501": "7.54",
        "201502": "7.61",
        "201503": "7.55",
        "201504": "7.23",
        "201505": "6.78",
        "201506": "6.66",
        "201507": "6.52",
        "201508": "6.46",
        "201509": "6.31",
        "201510": "6.03",
        "201511": "5.94",
        "201512": "5.79",
        "201601": "5.97",
        "201602": "6.16",
        "201603": "6.47",
        "201604": "6.64",
        "201605": "6.55",
        "201606": "6.57",
        "201607": "6.59",
        "201608": "6.54",
        "201609": "6.56",
        "201610": "6.78",
        "201611": "6.96",
        "201612": "7.12",
        "201701": "7.08",
        "201702": "7.20",
        "201703": "8.28",
        "201704": "8.45",
        "201705": "8.09",
        "201706": "7.35",
        "201707": "7.60",
        "201708": "7.77",
        "201709": "8.40",
        "201710": "8.70",
        "201711": "8.94",
        "201712": "9.19",
        "201801": "9.79",
        "201802": "9.95",
        "201803": "10.01",
        "201804": "11.07",
        "201805": "10.99",
        "201806": "12.16",
        "201807": "11.23",
        "201808": "10.93",
        "201809": "10.83",
        "201810": "10.24",
        "201811": "9.70",
        "201812": "9.92",
        "201901": "10.04",
        "201902": "10.64",
        "201903": "11.13",
        "201904": "11.41",
        "201905": "11.59",
        "201906": "10.65",
        "201907": "9.48",
        "201908": "8.90",
        "201909": "9.33",
        "201910": "9.32",
        "201911": "9.52",
        "201912": "9.27",
        "202001": "9.24",
        "202002": "8.96",
        "202003": "7.88",
        "202004": "7.72",
        "202005": "8.34",
        "202006": "8.23",
        "202007": "9.26",
        "202008": "9.34",
        "202009": "9.67",
        "202010": "9.20",
        "202011": "9.44",
        "202012": "11.87",
        "202101": "15.20",
        "202102": "13.43",
        "202103": "14.28",
        "202104": "19.92",
        "202105": "24.51",
        "202106": "21.12",
        "202107": "20.22",
        "202108": "16.27",
        "202109": "15.96",
        "202110": "14.44",
        "202111": "15.20",
        "202112": "15.75",
        "202201": "18.12",
        "202202": "17.03",
        "202203": "16.64",
        "202204": "16.44",
        "202205": "14.46",
        "202206": "13.09",
        "202207": "10.20",
        "202208": "11.31",
        "202209": "10.79",
        "202210": "9.86",
        "202211": "10.10",
        "202212": "10.42",
        "202301": "10.27",
        "202302": "11.39",
        "202303": "13.58",
        "202304": "14.97",
        "202305": "18.49",
        "202306": "24.88"
    },
    "quarters": {
        "20011": {
            "year_quarter": 20011,
            "year": 2001,
            "quarter": 1,
            "eps": null,
            "eps_growth_year": null,
            "eps_4q": null,
            "eps_4q_growth_year": null,
            "roe": null,
            "roe_4q": 0,
            "gross_profit": null,
            "gross_margin": null,
            "gross_margin_4q_avg": 0,
            "net_income": null,
            "revenue": null,
            "common_shares": null,
            "book_valuer_per_share": null,
            "book_valuer_per_share_4q_avg": 0,
            "equity": null,
            "current_ratio": null,
            "debt_ratio": null,
            "inventory_turnover_ratio": null,
            "account_receivable_turnover_ratio": null,
            "reinvestment_rate": null,
            "research_to_sale_ratio": null,
            "price_fair": 0,
            "eps_avg_yearly": 0,
            "eps_latest_yearly": 0,
            "eps_growth_yearly": 0
        },
        "20012": {
            "year_quarter": 20012,
            "year": 2001,
            "quarter": 2,
            "eps": null,
            "eps_growth_year": null,
            "eps_4q": null,
            "eps_4q_growth_year": null,
            "roe": null,
            "roe_4q": 0,
            "gross_profit": null,
            "gross_margin": null,
            "gross_margin_4q_avg": 0,
            "net_income": null,
            "revenue": null,
            "common_shares": null,
            "book_valuer_per_share": null,
            "book_valuer_per_share_4q_avg": 0,
            "equity": null,
            "current_ratio": null,
            "debt_ratio": null,
            "inventory_turnover_ratio": null,
            "account_receivable_turnover_ratio": null,
            "reinvestment_rate": null,
            "research_to_sale_ratio": null,
            "price_fair": 0,
            "eps_avg_yearly": 0,
            "eps_latest_yearly": 0,
            "eps_growth_yearly": 0
        },
        "20013": {
            "year_quarter": 20013,
            "year": 2001,
            "quarter": 3,
            "eps": null,
            "eps_growth_year": null,
            "eps_4q": null,
            "eps_4q_growth_year": null,
            "roe": null,
            "roe_4q": 0,
            "gross_profit": null,
            "gross_margin": null,
            "gross_margin_4q_avg": 0,
            "net_income": null,
            "revenue": null,
            "common_shares": null,
            "book_valuer_per_share": null,
            "book_valuer_per_share_4q_avg": 0,
            "equity": null,
            "current_ratio": null,
            "debt_ratio": null,
            "inventory_turnover_ratio": null,
            "account_receivable_turnover_ratio": null,
            "reinvestment_rate": null,
            "research_to_sale_ratio": null,
            "price_fair": 0,
            "eps_avg_yearly": 0,
            "eps_latest_yearly": 0,
            "eps_growth_yearly": 0
        },
        "20014": {
            "year_quarter": 20014,
            "year": 2001,
            "quarter": 4,
            "eps": null,
            "eps_growth_year": null,
            "eps_4q": null,
            "eps_4q_growth_year": null,
            "roe": null,
            "roe_4q": 0,
            "gross_profit": null,
            "gross_margin": null,
            "gross_margin_4q_avg": 0,
            "net_income": null,
            "revenue": null,
            "common_shares": null,
            "book_valuer_per_share": null,
            "book_valuer_per_share_4q_avg": 0,
            "equity": null,
            "current_ratio": null,
            "debt_ratio": null,
            "inventory_turnover_ratio": null,
            "account_receivable_turnover_ratio": null,
            "reinvestment_rate": null,
            "research_to_sale_ratio": null,
            "price_fair": 0,
            "eps_avg_yearly": 0,
            "eps_latest_yearly": 0,
            "eps_growth_yearly": 0
        },
        "20021": {
            "year_quarter": 20021,
            "year": 2002,
            "quarter": 1,
            "eps": null,
            "eps_growth_year": null,
            "eps_4q": null,
            "eps_4q_growth_year": null,
            "roe": null,
            "roe_4q": 0,
            "gross_profit": null,
            "gross_margin": null,
            "gross_margin_4q_avg": 0,
            "net_income": null,
            "revenue": null,
            "common_shares": null,
            "book_valuer_per_share": null,
            "book_valuer_per_share_4q_avg": 0,
            "equity": null,
            "current_ratio": null,
            "debt_ratio": null,
            "inventory_turnover_ratio": null,
            "account_receivable_turnover_ratio": null,
            "reinvestment_rate": null,
            "research_to_sale_ratio": null,
            "price_fair": 0,
            "eps_avg_yearly": 0,
            "eps_latest_yearly": 0,
            "eps_growth_yearly": 0
        },
        "20022": {
            "year_quarter": 20022,
            "year": 2002,
            "quarter": 2,
            "eps": null,
            "eps_growth_year": null,
            "eps_4q": null,
            "eps_4q_growth_year": null,
            "roe": null,
            "roe_4q": 0,
            "gross_profit": null,
            "gross_margin": null,
            "gross_margin_4q_avg": 0,
            "net_income": null,
            "revenue": null,
            "common_shares": null,
            "book_valuer_per_share": null,
            "book_valuer_per_share_4q_avg": 0,
            "equity": null,
            "current_ratio": null,
            "debt_ratio": null,
            "inventory_turnover_ratio": null,
            "account_receivable_turnover_ratio": null,
            "reinvestment_rate": null,
            "research_to_sale_ratio": null,
            "price_fair": 0,
            "eps_avg_yearly": 0,
            "eps_latest_yearly": 0,
            "eps_growth_yearly": 0
        },
        "20023": {
            "year_quarter": 20023,
            "year": 2002,
            "quarter": 3,
            "eps": null,
            "eps_growth_year": null,
            "eps_4q": null,
            "eps_4q_growth_year": null,
            "roe": null,
            "roe_4q": 0,
            "gross_profit": null,
            "gross_margin": null,
            "gross_margin_4q_avg": 0,
            "net_income": null,
            "revenue": null,
            "common_shares": null,
            "book_valuer_per_share": null,
            "book_valuer_per_share_4q_avg": 0,
            "equity": null,
            "current_ratio": null,
            "debt_ratio": null,
            "inventory_turnover_ratio": null,
            "account_receivable_turnover_ratio": null,
            "reinvestment_rate": null,
            "research_to_sale_ratio": null,
            "price_fair": 0,
            "eps_avg_yearly": 0,
            "eps_latest_yearly": 0,
            "eps_growth_yearly": 0
        },
        "20024": {
            "year_quarter": 20024,
            "year": 2002,
            "quarter": 4,
            "eps": null,
            "eps_growth_year": null,
            "eps_4q": null,
            "eps_4q_growth_year": null,
            "roe": null,
            "roe_4q": 0,
            "gross_profit": null,
            "gross_margin": null,
            "gross_margin_4q_avg": 0,
            "net_income": null,
            "revenue": null,
            "common_shares": null,
            "book_valuer_per_share": null,
            "book_valuer_per_share_4q_avg": 0,
            "equity": null,
            "current_ratio": null,
            "debt_ratio": null,
            "inventory_turnover_ratio": null,
            "account_receivable_turnover_ratio": null,
            "reinvestment_rate": null,
            "research_to_sale_ratio": null,
            "price_fair": 0,
            "eps_avg_yearly": 0,
            "eps_latest_yearly": 0,
            "eps_growth_yearly": 0
        },
        "20031": {
            "year_quarter": 20031,
            "year": 2003,
            "quarter": 1,
            "eps": null,
            "eps_growth_year": null,
            "eps_4q": null,
            "eps_4q_growth_year": null,
            "roe": null,
            "roe_4q": 0,
            "gross_profit": null,
            "gross_margin": null,
            "gross_margin_4q_avg": 0,
            "net_income": null,
            "revenue": null,
            "common_shares": null,
            "book_valuer_per_share": null,
            "book_valuer_per_share_4q_avg": 0,
            "equity": null,
            "current_ratio": null,
            "debt_ratio": null,
            "inventory_turnover_ratio": null,
            "account_receivable_turnover_ratio": null,
            "reinvestment_rate": null,
            "research_to_sale_ratio": null,
            "price_fair": 0,
            "eps_avg_yearly": 0,
            "eps_latest_yearly": 0,
            "eps_growth_yearly": 0
        },
        "20032": {
            "year_quarter": 20032,
            "year": 2003,
            "quarter": 2,
            "eps": null,
            "eps_growth_year": null,
            "eps_4q": null,
            "eps_4q_growth_year": null,
            "roe": null,
            "roe_4q": 0,
            "gross_profit": null,
            "gross_margin": null,
            "gross_margin_4q_avg": 0,
            "net_income": null,
            "revenue": null,
            "common_shares": null,
            "book_valuer_per_share": null,
            "book_valuer_per_share_4q_avg": 0,
            "equity": null,
            "current_ratio": null,
            "debt_ratio": null,
            "inventory_turnover_ratio": null,
            "account_receivable_turnover_ratio": null,
            "reinvestment_rate": null,
            "research_to_sale_ratio": null,
            "price_fair": 0,
            "eps_avg_yearly": 0,
            "eps_latest_yearly": 0,
            "eps_growth_yearly": 0
        },
        "20033": {
            "year_quarter": 20033,
            "year": 2003,
            "quarter": 3,
            "eps": null,
            "eps_growth_year": null,
            "eps_4q": null,
            "eps_4q_growth_year": null,
            "roe": null,
            "roe_4q": 0,
            "gross_profit": null,
            "gross_margin": null,
            "gross_margin_4q_avg": 0,
            "net_income": null,
            "revenue": null,
            "common_shares": null,
            "book_valuer_per_share": null,
            "book_valuer_per_share_4q_avg": 0,
            "equity": null,
            "current_ratio": null,
            "debt_ratio": null,
            "inventory_turnover_ratio": null,
            "account_receivable_turnover_ratio": null,
            "reinvestment_rate": null,
            "research_to_sale_ratio": null,
            "price_fair": 0,
            "eps_avg_yearly": 0,
            "eps_latest_yearly": 0,
            "eps_growth_yearly": 0
        },
        "20034": {
            "year_quarter": 20034,
            "year": 2003,
            "quarter": 4,
            "eps": null,
            "eps_growth_year": null,
            "eps_4q": null,
            "eps_4q_growth_year": null,
            "roe": null,
            "roe_4q": 0,
            "gross_profit": null,
            "gross_margin": null,
            "gross_margin_4q_avg": 0,
            "net_income": null,
            "revenue": null,
            "common_shares": null,
            "book_valuer_per_share": null,
            "book_valuer_per_share_4q_avg": 0,
            "equity": null,
            "current_ratio": null,
            "debt_ratio": null,
            "inventory_turnover_ratio": null,
            "account_receivable_turnover_ratio": null,
            "reinvestment_rate": null,
            "research_to_sale_ratio": null,
            "price_fair": 0,
            "eps_avg_yearly": 0,
            "eps_latest_yearly": 0,
            "eps_growth_yearly": 0
        },
        "20041": {
            "year_quarter": 20041,
            "year": 2004,
            "quarter": 1,
            "eps": null,
            "eps_growth_year": null,
            "eps_4q": null,
            "eps_4q_growth_year": null,
            "roe": null,
            "roe_4q": 0,
            "gross_profit": null,
            "gross_margin": null,
            "gross_margin_4q_avg": 0,
            "net_income": null,
            "revenue": null,
            "common_shares": null,
            "book_valuer_per_share": null,
            "book_valuer_per_share_4q_avg": 0,
            "equity": null,
            "current_ratio": null,
            "debt_ratio": null,
            "inventory_turnover_ratio": null,
            "account_receivable_turnover_ratio": null,
            "reinvestment_rate": null,
            "research_to_sale_ratio": null,
            "price_fair": 0,
            "eps_avg_yearly": 0,
            "eps_latest_yearly": 0,
            "eps_growth_yearly": 0
        },
        "20042": {
            "year_quarter": 20042,
            "year": 2004,
            "quarter": 2,
            "eps": null,
            "eps_growth_year": null,
            "eps_4q": null,
            "eps_4q_growth_year": null,
            "roe": null,
            "roe_4q": 0,
            "gross_profit": null,
            "gross_margin": null,
            "gross_margin_4q_avg": 0,
            "net_income": null,
            "revenue": null,
            "common_shares": null,
            "book_valuer_per_share": null,
            "book_valuer_per_share_4q_avg": 0,
            "equity": null,
            "current_ratio": null,
            "debt_ratio": null,
            "inventory_turnover_ratio": null,
            "account_receivable_turnover_ratio": null,
            "reinvestment_rate": null,
            "research_to_sale_ratio": null,
            "price_fair": 0,
            "eps_avg_yearly": 0,
            "eps_latest_yearly": 0,
            "eps_growth_yearly": 0
        },
        "20043": {
            "year_quarter": 20043,
            "year": 2004,
            "quarter": 3,
            "eps": null,
            "eps_growth_year": null,
            "eps_4q": null,
            "eps_4q_growth_year": null,
            "roe": null,
            "roe_4q": 0,
            "gross_profit": null,
            "gross_margin": null,
            "gross_margin_4q_avg": 0,
            "net_income": null,
            "revenue": null,
            "common_shares": null,
            "book_valuer_per_share": null,
            "book_valuer_per_share_4q_avg": 0,
            "equity": null,
            "current_ratio": null,
            "debt_ratio": null,
            "inventory_turnover_ratio": null,
            "account_receivable_turnover_ratio": null,
            "reinvestment_rate": null,
            "research_to_sale_ratio": null,
            "price_fair": 0,
            "eps_avg_yearly": 0,
            "eps_latest_yearly": 0,
            "eps_growth_yearly": 0
        },
        "20044": {
            "year_quarter": 20044,
            "year": 2004,
            "quarter": 4,
            "eps": null,
            "eps_growth_year": null,
            "eps_4q": null,
            "eps_4q_growth_year": null,
            "roe": null,
            "roe_4q": 0,
            "gross_profit": null,
            "gross_margin": null,
            "gross_margin_4q_avg": 0,
            "net_income": null,
            "revenue": null,
            "common_shares": null,
            "book_valuer_per_share": null,
            "book_valuer_per_share_4q_avg": 0,
            "equity": null,
            "current_ratio": null,
            "debt_ratio": null,
            "inventory_turnover_ratio": null,
            "account_receivable_turnover_ratio": null,
            "reinvestment_rate": null,
            "research_to_sale_ratio": null,
            "price_fair": 0,
            "eps_avg_yearly": 0,
            "eps_latest_yearly": 0,
            "eps_growth_yearly": 0
        },
        "20051": {
            "year_quarter": 20051,
            "year": 2005,
            "quarter": 1,
            "eps": null,
            "eps_growth_year": null,
            "eps_4q": null,
            "eps_4q_growth_year": null,
            "roe": null,
            "roe_4q": 0,
            "gross_profit": null,
            "gross_margin": null,
            "gross_margin_4q_avg": 0,
            "net_income": null,
            "revenue": null,
            "common_shares": null,
            "book_valuer_per_share": null,
            "book_valuer_per_share_4q_avg": 0,
            "equity": null,
            "current_ratio": null,
            "debt_ratio": null,
            "inventory_turnover_ratio": null,
            "account_receivable_turnover_ratio": null,
            "reinvestment_rate": null,
            "research_to_sale_ratio": null,
            "price_fair": 0,
            "eps_avg_yearly": 0,
            "eps_latest_yearly": 0,
            "eps_growth_yearly": 0
        },
        "20052": {
            "year_quarter": 20052,
            "year": 2005,
            "quarter": 2,
            "eps": null,
            "eps_growth_year": null,
            "eps_4q": null,
            "eps_4q_growth_year": null,
            "roe": null,
            "roe_4q": 0,
            "gross_profit": null,
            "gross_margin": null,
            "gross_margin_4q_avg": 0,
            "net_income": null,
            "revenue": null,
            "common_shares": null,
            "book_valuer_per_share": null,
            "book_valuer_per_share_4q_avg": 0,
            "equity": null,
            "current_ratio": null,
            "debt_ratio": null,
            "inventory_turnover_ratio": null,
            "account_receivable_turnover_ratio": null,
            "reinvestment_rate": null,
            "research_to_sale_ratio": null,
            "price_fair": 0,
            "eps_avg_yearly": 0,
            "eps_latest_yearly": 0,
            "eps_growth_yearly": 0
        },
        "20053": {
            "year_quarter": 20053,
            "year": 2005,
            "quarter": 3,
            "eps": null,
            "eps_growth_year": null,
            "eps_4q": null,
            "eps_4q_growth_year": null,
            "roe": null,
            "roe_4q": 0,
            "gross_profit": null,
            "gross_margin": null,
            "gross_margin_4q_avg": 0,
            "net_income": null,
            "revenue": null,
            "common_shares": null,
            "book_valuer_per_share": null,
            "book_valuer_per_share_4q_avg": 0,
            "equity": null,
            "current_ratio": null,
            "debt_ratio": null,
            "inventory_turnover_ratio": null,
            "account_receivable_turnover_ratio": null,
            "reinvestment_rate": null,
            "research_to_sale_ratio": null,
            "price_fair": 0,
            "eps_avg_yearly": 0,
            "eps_latest_yearly": 0,
            "eps_growth_yearly": 0
        },
        "20054": {
            "year_quarter": 20054,
            "year": 2005,
            "quarter": 4,
            "eps": null,
            "eps_growth_year": null,
            "eps_4q": null,
            "eps_4q_growth_year": null,
            "roe": null,
            "roe_4q": 0,
            "gross_profit": null,
            "gross_margin": null,
            "gross_margin_4q_avg": 0,
            "net_income": null,
            "revenue": null,
            "common_shares": null,
            "book_valuer_per_share": null,
            "book_valuer_per_share_4q_avg": 0,
            "equity": null,
            "current_ratio": null,
            "debt_ratio": null,
            "inventory_turnover_ratio": null,
            "account_receivable_turnover_ratio": null,
            "reinvestment_rate": null,
            "research_to_sale_ratio": null,
            "price_fair": 0,
            "eps_avg_yearly": 0,
            "eps_latest_yearly": 0,
            "eps_growth_yearly": 0
        },
        "20061": {
            "year_quarter": 20061,
            "year": 2006,
            "quarter": 1,
            "eps": null,
            "eps_growth_year": null,
            "eps_4q": null,
            "eps_4q_growth_year": null,
            "roe": null,
            "roe_4q": 0,
            "gross_profit": null,
            "gross_margin": null,
            "gross_margin_4q_avg": 0,
            "net_income": null,
            "revenue": null,
            "common_shares": null,
            "book_valuer_per_share": null,
            "book_valuer_per_share_4q_avg": 0,
            "equity": null,
            "current_ratio": null,
            "debt_ratio": null,
            "inventory_turnover_ratio": null,
            "account_receivable_turnover_ratio": null,
            "reinvestment_rate": null,
            "research_to_sale_ratio": null,
            "price_fair": 0,
            "eps_avg_yearly": 0,
            "eps_latest_yearly": 0,
            "eps_growth_yearly": 0
        },
        "20062": {
            "year_quarter": 20062,
            "year": 2006,
            "quarter": 2,
            "eps": null,
            "eps_growth_year": null,
            "eps_4q": null,
            "eps_4q_growth_year": null,
            "roe": null,
            "roe_4q": 0,
            "gross_profit": null,
            "gross_margin": null,
            "gross_margin_4q_avg": 0,
            "net_income": null,
            "revenue": null,
            "common_shares": null,
            "book_valuer_per_share": null,
            "book_valuer_per_share_4q_avg": 0,
            "equity": null,
            "current_ratio": null,
            "debt_ratio": null,
            "inventory_turnover_ratio": null,
            "account_receivable_turnover_ratio": null,
            "reinvestment_rate": null,
            "research_to_sale_ratio": null,
            "price_fair": 0,
            "eps_avg_yearly": 0,
            "eps_latest_yearly": 0,
            "eps_growth_yearly": 0
        },
        "20063": {
            "year_quarter": 20063,
            "year": 2006,
            "quarter": 3,
            "eps": null,
            "eps_growth_year": null,
            "eps_4q": null,
            "eps_4q_growth_year": null,
            "roe": null,
            "roe_4q": 0,
            "gross_profit": null,
            "gross_margin": null,
            "gross_margin_4q_avg": 0,
            "net_income": null,
            "revenue": null,
            "common_shares": null,
            "book_valuer_per_share": null,
            "book_valuer_per_share_4q_avg": 0,
            "equity": null,
            "current_ratio": null,
            "debt_ratio": null,
            "inventory_turnover_ratio": null,
            "account_receivable_turnover_ratio": null,
            "reinvestment_rate": null,
            "research_to_sale_ratio": null,
            "price_fair": 0,
            "eps_avg_yearly": 0,
            "eps_latest_yearly": 0,
            "eps_growth_yearly": 0
        },
        "20064": {
            "year_quarter": 20064,
            "year": 2006,
            "quarter": 4,
            "eps": null,
            "eps_growth_year": null,
            "eps_4q": null,
            "eps_4q_growth_year": null,
            "roe": null,
            "roe_4q": 0,
            "gross_profit": null,
            "gross_margin": null,
            "gross_margin_4q_avg": 0,
            "net_income": null,
            "revenue": null,
            "common_shares": null,
            "book_valuer_per_share": null,
            "book_valuer_per_share_4q_avg": 0,
            "equity": null,
            "current_ratio": null,
            "debt_ratio": null,
            "inventory_turnover_ratio": null,
            "account_receivable_turnover_ratio": null,
            "reinvestment_rate": null,
            "research_to_sale_ratio": null,
            "price_fair": 0,
            "eps_avg_yearly": 0,
            "eps_latest_yearly": 0,
            "eps_growth_yearly": 0
        },
        "20071": {
            "year_quarter": 20071,
            "year": 2007,
            "quarter": 1,
            "eps": null,
            "eps_growth_year": null,
            "eps_4q": null,
            "eps_4q_growth_year": null,
            "roe": null,
            "roe_4q": 0,
            "gross_profit": null,
            "gross_margin": null,
            "gross_margin_4q_avg": 0,
            "net_income": null,
            "revenue": null,
            "common_shares": null,
            "book_valuer_per_share": null,
            "book_valuer_per_share_4q_avg": 0,
            "equity": null,
            "current_ratio": null,
            "debt_ratio": null,
            "inventory_turnover_ratio": null,
            "account_receivable_turnover_ratio": null,
            "reinvestment_rate": null,
            "research_to_sale_ratio": null,
            "price_fair": 0,
            "eps_avg_yearly": 0,
            "eps_latest_yearly": 0,
            "eps_growth_yearly": 0
        },
        "20072": {
            "year_quarter": 20072,
            "year": 2007,
            "quarter": 2,
            "eps": null,
            "eps_growth_year": null,
            "eps_4q": null,
            "eps_4q_growth_year": null,
            "roe": null,
            "roe_4q": 0,
            "gross_profit": null,
            "gross_margin": null,
            "gross_margin_4q_avg": 0,
            "net_income": null,
            "revenue": null,
            "common_shares": null,
            "book_valuer_per_share": null,
            "book_valuer_per_share_4q_avg": 0,
            "equity": null,
            "current_ratio": null,
            "debt_ratio": null,
            "inventory_turnover_ratio": null,
            "account_receivable_turnover_ratio": null,
            "reinvestment_rate": null,
            "research_to_sale_ratio": null,
            "price_fair": 0,
            "eps_avg_yearly": 0,
            "eps_latest_yearly": 0,
            "eps_growth_yearly": 0
        },
        "20073": {
            "year_quarter": 20073,
            "year": 2007,
            "quarter": 3,
            "eps": null,
            "eps_growth_year": null,
            "eps_4q": null,
            "eps_4q_growth_year": null,
            "roe": null,
            "roe_4q": 0,
            "gross_profit": null,
            "gross_margin": null,
            "gross_margin_4q_avg": 0,
            "net_income": null,
            "revenue": null,
            "common_shares": null,
            "book_valuer_per_share": null,
            "book_valuer_per_share_4q_avg": 0,
            "equity": null,
            "current_ratio": null,
            "debt_ratio": null,
            "inventory_turnover_ratio": null,
            "account_receivable_turnover_ratio": null,
            "reinvestment_rate": null,
            "research_to_sale_ratio": null,
            "price_fair": 0,
            "eps_avg_yearly": 0,
            "eps_latest_yearly": 0,
            "eps_growth_yearly": 0
        },
        "20074": {
            "year_quarter": 20074,
            "year": 2007,
            "quarter": 4,
            "eps": null,
            "eps_growth_year": null,
            "eps_4q": null,
            "eps_4q_growth_year": null,
            "roe": null,
            "roe_4q": 0,
            "gross_profit": null,
            "gross_margin": null,
            "gross_margin_4q_avg": 0,
            "net_income": null,
            "revenue": null,
            "common_shares": null,
            "book_valuer_per_share": null,
            "book_valuer_per_share_4q_avg": 0,
            "equity": null,
            "current_ratio": null,
            "debt_ratio": null,
            "inventory_turnover_ratio": null,
            "account_receivable_turnover_ratio": null,
            "reinvestment_rate": null,
            "research_to_sale_ratio": null,
            "price_fair": 0,
            "eps_avg_yearly": 0,
            "eps_latest_yearly": 0,
            "eps_growth_yearly": 0
        },
        "20081": {
            "year_quarter": 20081,
            "year": 2008,
            "quarter": 1,
            "eps": null,
            "eps_growth_year": null,
            "eps_4q": null,
            "eps_4q_growth_year": null,
            "roe": null,
            "roe_4q": 0,
            "gross_profit": null,
            "gross_margin": null,
            "gross_margin_4q_avg": 0,
            "net_income": null,
            "revenue": null,
            "common_shares": null,
            "book_valuer_per_share": null,
            "book_valuer_per_share_4q_avg": 0,
            "equity": null,
            "current_ratio": null,
            "debt_ratio": null,
            "inventory_turnover_ratio": null,
            "account_receivable_turnover_ratio": null,
            "reinvestment_rate": null,
            "research_to_sale_ratio": null,
            "price_fair": 0,
            "eps_avg_yearly": 0,
            "eps_latest_yearly": 0,
            "eps_growth_yearly": 0
        },
        "20082": {
            "year_quarter": 20082,
            "year": 2008,
            "quarter": 2,
            "eps": null,
            "eps_growth_year": null,
            "eps_4q": null,
            "eps_4q_growth_year": null,
            "roe": null,
            "roe_4q": 0,
            "gross_profit": null,
            "gross_margin": null,
            "gross_margin_4q_avg": 0,
            "net_income": null,
            "revenue": null,
            "common_shares": null,
            "book_valuer_per_share": null,
            "book_valuer_per_share_4q_avg": 0,
            "equity": null,
            "current_ratio": null,
            "debt_ratio": null,
            "inventory_turnover_ratio": null,
            "account_receivable_turnover_ratio": null,
            "reinvestment_rate": null,
            "research_to_sale_ratio": null,
            "price_fair": 0,
            "eps_avg_yearly": 0,
            "eps_latest_yearly": 0,
            "eps_growth_yearly": 0
        },
        "20083": {
            "year_quarter": 20083,
            "year": 2008,
            "quarter": 3,
            "eps": null,
            "eps_growth_year": null,
            "eps_4q": null,
            "eps_4q_growth_year": null,
            "roe": null,
            "roe_4q": 0,
            "gross_profit": null,
            "gross_margin": null,
            "gross_margin_4q_avg": 0,
            "net_income": null,
            "revenue": null,
            "common_shares": null,
            "book_valuer_per_share": null,
            "book_valuer_per_share_4q_avg": 0,
            "equity": null,
            "current_ratio": null,
            "debt_ratio": null,
            "inventory_turnover_ratio": null,
            "account_receivable_turnover_ratio": null,
            "reinvestment_rate": null,
            "research_to_sale_ratio": null,
            "price_fair": 0,
            "eps_avg_yearly": 0,
            "eps_latest_yearly": 0,
            "eps_growth_yearly": 0
        },
        "20084": {
            "year_quarter": 20084,
            "year": 2008,
            "quarter": 4,
            "eps": null,
            "eps_growth_year": null,
            "eps_4q": null,
            "eps_4q_growth_year": null,
            "roe": null,
            "roe_4q": 0,
            "gross_profit": null,
            "gross_margin": null,
            "gross_margin_4q_avg": 0,
            "net_income": null,
            "revenue": null,
            "common_shares": 1943428,
            "book_valuer_per_share": null,
            "book_valuer_per_share_4q_avg": 0,
            "equity": 2285126,
            "current_ratio": null,
            "debt_ratio": null,
            "inventory_turnover_ratio": null,
            "account_receivable_turnover_ratio": null,
            "reinvestment_rate": null,
            "research_to_sale_ratio": null,
            "price_fair": 0,
            "eps_avg_yearly": 0,
            "eps_latest_yearly": 0,
            "eps_growth_yearly": 0
        },
        "20091": {
            "year_quarter": 20091,
            "year": 2009,
            "quarter": 1,
            "eps": null,
            "eps_growth_year": null,
            "eps_4q": null,
            "eps_4q_growth_year": null,
            "roe": null,
            "roe_4q": 0,
            "gross_profit": null,
            "gross_margin": null,
            "gross_margin_4q_avg": 0,
            "net_income": null,
            "revenue": null,
            "common_shares": null,
            "book_valuer_per_share": null,
            "book_valuer_per_share_4q_avg": 0,
            "equity": null,
            "current_ratio": null,
            "debt_ratio": null,
            "inventory_turnover_ratio": null,
            "account_receivable_turnover_ratio": null,
            "reinvestment_rate": null,
            "research_to_sale_ratio": null,
            "price_fair": 0,
            "eps_avg_yearly": 0,
            "eps_latest_yearly": 0,
            "eps_growth_yearly": 0
        },
        "20092": {
            "year_quarter": 20092,
            "year": 2009,
            "quarter": 2,
            "eps": null,
            "eps_growth_year": null,
            "eps_4q": null,
            "eps_4q_growth_year": null,
            "roe": null,
            "roe_4q": 0,
            "gross_profit": null,
            "gross_margin": null,
            "gross_margin_4q_avg": 0,
            "net_income": null,
            "revenue": null,
            "common_shares": 1943428,
            "book_valuer_per_share": null,
            "book_valuer_per_share_4q_avg": 0,
            "equity": 2483419,
            "current_ratio": null,
            "debt_ratio": null,
            "inventory_turnover_ratio": null,
            "account_receivable_turnover_ratio": null,
            "reinvestment_rate": null,
            "research_to_sale_ratio": null,
            "price_fair": 0,
            "eps_avg_yearly": 0,
            "eps_latest_yearly": 0,
            "eps_growth_yearly": 0
        },
        "20093": {
            "year_quarter": 20093,
            "year": 2009,
            "quarter": 3,
            "eps": null,
            "eps_growth_year": null,
            "eps_4q": null,
            "eps_4q_growth_year": null,
            "roe": null,
            "roe_4q": 0,
            "gross_profit": null,
            "gross_margin": null,
            "gross_margin_4q_avg": 0,
            "net_income": null,
            "revenue": null,
            "common_shares": null,
            "book_valuer_per_share": null,
            "book_valuer_per_share_4q_avg": 0,
            "equity": null,
            "current_ratio": null,
            "debt_ratio": null,
            "inventory_turnover_ratio": null,
            "account_receivable_turnover_ratio": null,
            "reinvestment_rate": null,
            "research_to_sale_ratio": null,
            "price_fair": 0,
            "eps_avg_yearly": 0,
            "eps_latest_yearly": 0,
            "eps_growth_yearly": 0
        },
        "20094": {
            "year_quarter": 20094,
            "year": 2009,
            "quarter": 4,
            "eps": null,
            "eps_growth_year": null,
            "eps_4q": null,
            "eps_4q_growth_year": null,
            "roe": null,
            "roe_4q": 0,
            "gross_profit": null,
            "gross_margin": null,
            "gross_margin_4q_avg": 0,
            "net_income": null,
            "revenue": null,
            "common_shares": 1943428,
            "book_valuer_per_share": 14.01,
            "book_valuer_per_share_4q_avg": 3.5,
            "equity": 2723609,
            "current_ratio": 449.17,
            "debt_ratio": 16.94,
            "inventory_turnover_ratio": null,
            "account_receivable_turnover_ratio": null,
            "reinvestment_rate": null,
            "research_to_sale_ratio": null,
            "price_fair": 0,
            "eps_avg_yearly": 0,
            "eps_latest_yearly": 0,
            "eps_growth_yearly": 0
        },
        "20101": {
            "year_quarter": 20101,
            "year": 2010,
            "quarter": 1,
            "eps": null,
            "eps_growth_year": null,
            "eps_4q": null,
            "eps_4q_growth_year": null,
            "roe": null,
            "roe_4q": 0,
            "gross_profit": null,
            "gross_margin": null,
            "gross_margin_4q_avg": 0,
            "net_income": null,
            "revenue": null,
            "common_shares": null,
            "book_valuer_per_share": null,
            "book_valuer_per_share_4q_avg": 3.5,
            "equity": null,
            "current_ratio": null,
            "debt_ratio": null,
            "inventory_turnover_ratio": null,
            "account_receivable_turnover_ratio": null,
            "reinvestment_rate": null,
            "research_to_sale_ratio": null,
            "price_fair": 0,
            "eps_avg_yearly": 0,
            "eps_latest_yearly": 0,
            "eps_growth_yearly": 0
        },
        "20102": {
            "year_quarter": 20102,
            "year": 2010,
            "quarter": 2,
            "eps": null,
            "eps_growth_year": null,
            "eps_4q": null,
            "eps_4q_growth_year": null,
            "roe": null,
            "roe_4q": 0,
            "gross_profit": null,
            "gross_margin": null,
            "gross_margin_4q_avg": 0,
            "net_income": null,
            "revenue": null,
            "common_shares": 2040599,
            "book_valuer_per_share": 12.82,
            "book_valuer_per_share_4q_avg": 6.71,
            "equity": 2615496,
            "current_ratio": 349.27,
            "debt_ratio": 20.01,
            "inventory_turnover_ratio": null,
            "account_receivable_turnover_ratio": null,
            "reinvestment_rate": null,
            "research_to_sale_ratio": null,
            "price_fair": 0,
            "eps_avg_yearly": 0,
            "eps_latest_yearly": 0,
            "eps_growth_yearly": 0
        },
        "20103": {
            "year_quarter": 20103,
            "year": 2010,
            "quarter": 3,
            "eps": null,
            "eps_growth_year": null,
            "eps_4q": null,
            "eps_4q_growth_year": null,
            "roe": null,
            "roe_4q": 0,
            "gross_profit": null,
            "gross_margin": null,
            "gross_margin_4q_avg": 0,
            "net_income": null,
            "revenue": null,
            "common_shares": null,
            "book_valuer_per_share": null,
            "book_valuer_per_share_4q_avg": 6.71,
            "equity": null,
            "current_ratio": null,
            "debt_ratio": null,
            "inventory_turnover_ratio": null,
            "account_receivable_turnover_ratio": null,
            "reinvestment_rate": null,
            "research_to_sale_ratio": null,
            "price_fair": 0,
            "eps_avg_yearly": 0,
            "eps_latest_yearly": 0,
            "eps_growth_yearly": 0
        },
        "20104": {
            "year_quarter": 20104,
            "year": 2010,
            "quarter": 4,
            "eps": null,
            "eps_growth_year": null,
            "eps_4q": null,
            "eps_4q_growth_year": null,
            "roe": null,
            "roe_4q": 0,
            "gross_profit": null,
            "gross_margin": null,
            "gross_margin_4q_avg": 0,
            "net_income": null,
            "revenue": null,
            "common_shares": 2040599,
            "book_valuer_per_share": 14.49,
            "book_valuer_per_share_4q_avg": 6.83,
            "equity": 2956627,
            "current_ratio": 771.16,
            "debt_ratio": 13.93,
            "inventory_turnover_ratio": null,
            "account_receivable_turnover_ratio": null,
            "reinvestment_rate": null,
            "research_to_sale_ratio": null,
            "price_fair": 0,
            "eps_avg_yearly": 0,
            "eps_latest_yearly": 0,
            "eps_growth_yearly": 0
        },
        "20111": {
            "year_quarter": 20111,
            "year": 2011,
            "quarter": 1,
            "eps": null,
            "eps_growth_year": null,
            "eps_4q": null,
            "eps_4q_growth_year": null,
            "roe": null,
            "roe_4q": 0,
            "gross_profit": null,
            "gross_margin": null,
            "gross_margin_4q_avg": 0,
            "net_income": null,
            "revenue": null,
            "common_shares": null,
            "book_valuer_per_share": null,
            "book_valuer_per_share_4q_avg": 6.83,
            "equity": null,
            "current_ratio": null,
            "debt_ratio": null,
            "inventory_turnover_ratio": null,
            "account_receivable_turnover_ratio": null,
            "reinvestment_rate": null,
            "research_to_sale_ratio": null,
            "price_fair": 0,
            "eps_avg_yearly": 0,
            "eps_latest_yearly": 0,
            "eps_growth_yearly": 0
        },
        "20112": {
            "year_quarter": 20112,
            "year": 2011,
            "quarter": 2,
            "eps": null,
            "eps_growth_year": null,
            "eps_4q": null,
            "eps_4q_growth_year": null,
            "roe": null,
            "roe_4q": 0,
            "gross_profit": null,
            "gross_margin": null,
            "gross_margin_4q_avg": 0,
            "net_income": null,
            "revenue": null,
            "common_shares": 2040599,
            "book_valuer_per_share": 15.02,
            "book_valuer_per_share_4q_avg": 7.38,
            "equity": 3064434,
            "current_ratio": 491.34,
            "debt_ratio": 10.04,
            "inventory_turnover_ratio": null,
            "account_receivable_turnover_ratio": null,
            "reinvestment_rate": null,
            "research_to_sale_ratio": null,
            "price_fair": 0,
            "eps_avg_yearly": 0,
            "eps_latest_yearly": 0,
            "eps_growth_yearly": 0
        },
        "20113": {
            "year_quarter": 20113,
            "year": 2011,
            "quarter": 3,
            "eps": null,
            "eps_growth_year": null,
            "eps_4q": null,
            "eps_4q_growth_year": null,
            "roe": null,
            "roe_4q": 0,
            "gross_profit": null,
            "gross_margin": null,
            "gross_margin_4q_avg": 0,
            "net_income": null,
            "revenue": null,
            "common_shares": null,
            "book_valuer_per_share": null,
            "book_valuer_per_share_4q_avg": 7.38,
            "equity": null,
            "current_ratio": null,
            "debt_ratio": null,
            "inventory_turnover_ratio": null,
            "account_receivable_turnover_ratio": null,
            "reinvestment_rate": null,
            "research_to_sale_ratio": null,
            "price_fair": 0,
            "eps_avg_yearly": 0,
            "eps_latest_yearly": 0,
            "eps_growth_yearly": 0
        },
        "20114": {
            "year_quarter": 20114,
            "year": 2011,
            "quarter": 4,
            "eps": null,
            "eps_growth_year": null,
            "eps_4q": null,
            "eps_4q_growth_year": null,
            "roe": null,
            "roe_4q": 0,
            "gross_profit": null,
            "gross_margin": null,
            "gross_margin_4q_avg": 0,
            "net_income": null,
            "revenue": null,
            "common_shares": 2101817,
            "book_valuer_per_share": 13.28,
            "book_valuer_per_share_4q_avg": 7.08,
            "equity": 2790915,
            "current_ratio": 761.84,
            "debt_ratio": 6.57,
            "inventory_turnover_ratio": null,
            "account_receivable_turnover_ratio": null,
            "reinvestment_rate": null,
            "research_to_sale_ratio": null,
            "price_fair": 0,
            "eps_avg_yearly": 0,
            "eps_latest_yearly": 0,
            "eps_growth_yearly": 0
        },
        "20121": {
            "year_quarter": 20121,
            "year": 2012,
            "quarter": 1,
            "eps": null,
            "eps_growth_year": null,
            "eps_4q": null,
            "eps_4q_growth_year": null,
            "roe": null,
            "roe_4q": 0,
            "gross_profit": null,
            "gross_margin": null,
            "gross_margin_4q_avg": 0,
            "net_income": null,
            "revenue": null,
            "common_shares": null,
            "book_valuer_per_share": null,
            "book_valuer_per_share_4q_avg": 7.08,
            "equity": null,
            "current_ratio": null,
            "debt_ratio": null,
            "inventory_turnover_ratio": null,
            "account_receivable_turnover_ratio": null,
            "reinvestment_rate": null,
            "research_to_sale_ratio": null,
            "price_fair": 0,
            "eps_avg_yearly": 0,
            "eps_latest_yearly": 0,
            "eps_growth_yearly": 0
        },
        "20122": {
            "year_quarter": 20122,
            "year": 2012,
            "quarter": 2,
            "eps": null,
            "eps_growth_year": null,
            "eps_4q": null,
            "eps_4q_growth_year": null,
            "roe": null,
            "roe_4q": 0,
            "gross_profit": null,
            "gross_margin": null,
            "gross_margin_4q_avg": 0,
            "net_income": null,
            "revenue": null,
            "common_shares": 2101817,
            "book_valuer_per_share": 14.18,
            "book_valuer_per_share_4q_avg": 6.87,
            "equity": 2980544,
            "current_ratio": 993.68,
            "debt_ratio": 5.76,
            "inventory_turnover_ratio": null,
            "account_receivable_turnover_ratio": null,
            "reinvestment_rate": null,
            "research_to_sale_ratio": null,
            "price_fair": 0,
            "eps_avg_yearly": 0,
            "eps_latest_yearly": 0,
            "eps_growth_yearly": 0
        },
        "20123": {
            "year_quarter": 20123,
            "year": 2012,
            "quarter": 3,
            "eps": null,
            "eps_growth_year": null,
            "eps_4q": null,
            "eps_4q_growth_year": null,
            "roe": null,
            "roe_4q": 0,
            "gross_profit": null,
            "gross_margin": null,
            "gross_margin_4q_avg": 0,
            "net_income": null,
            "revenue": null,
            "common_shares": null,
            "book_valuer_per_share": null,
            "book_valuer_per_share_4q_avg": 6.87,
            "equity": null,
            "current_ratio": null,
            "debt_ratio": null,
            "inventory_turnover_ratio": null,
            "account_receivable_turnover_ratio": null,
            "reinvestment_rate": null,
            "research_to_sale_ratio": null,
            "price_fair": 0,
            "eps_avg_yearly": 0,
            "eps_latest_yearly": 0,
            "eps_growth_yearly": 0
        },
        "20124": {
            "year_quarter": 20124,
            "year": 2012,
            "quarter": 4,
            "eps": null,
            "eps_growth_year": null,
            "eps_4q": null,
            "eps_4q_growth_year": null,
            "roe": null,
            "roe_4q": 0,
            "gross_profit": null,
            "gross_margin": null,
            "gross_margin_4q_avg": 0,
            "net_income": null,
            "revenue": null,
            "common_shares": 2101817,
            "book_valuer_per_share": 14.84,
            "book_valuer_per_share_4q_avg": 7.26,
            "equity": 3118955,
            "current_ratio": 439.87,
            "debt_ratio": 12.69,
            "inventory_turnover_ratio": null,
            "account_receivable_turnover_ratio": null,
            "reinvestment_rate": null,
            "research_to_sale_ratio": null,
            "price_fair": 0,
            "eps_avg_yearly": 0,
            "eps_latest_yearly": 0,
            "eps_growth_yearly": 0
        },
        "20131": {
            "year_quarter": 20131,
            "year": 2013,
            "quarter": 1,
            "eps": null,
            "eps_growth_year": null,
            "eps_4q": null,
            "eps_4q_growth_year": null,
            "roe": null,
            "roe_4q": 0,
            "gross_profit": null,
            "gross_margin": null,
            "gross_margin_4q_avg": 0,
            "net_income": null,
            "revenue": null,
            "common_shares": null,
            "book_valuer_per_share": null,
            "book_valuer_per_share_4q_avg": 7.26,
            "equity": null,
            "current_ratio": null,
            "debt_ratio": null,
            "inventory_turnover_ratio": null,
            "account_receivable_turnover_ratio": null,
            "reinvestment_rate": null,
            "research_to_sale_ratio": null,
            "price_fair": 0,
            "eps_avg_yearly": 0,
            "eps_latest_yearly": 0,
            "eps_growth_yearly": 0
        },
        "20132": {
            "year_quarter": 20132,
            "year": 2013,
            "quarter": 2,
            "eps": null,
            "eps_growth_year": null,
            "eps_4q": null,
            "eps_4q_growth_year": null,
            "roe": null,
            "roe_4q": 0,
            "gross_profit": null,
            "gross_margin": null,
            "gross_margin_4q_avg": 0,
            "net_income": null,
            "revenue": null,
            "common_shares": 2101817,
            "book_valuer_per_share": 14.26,
            "book_valuer_per_share_4q_avg": 7.28,
            "equity": 2997255,
            "current_ratio": 286.68,
            "debt_ratio": 19.99,
            "inventory_turnover_ratio": null,
            "account_receivable_turnover_ratio": null,
            "reinvestment_rate": null,
            "research_to_sale_ratio": null,
            "price_fair": 0,
            "eps_avg_yearly": 0,
            "eps_latest_yearly": 0,
            "eps_growth_yearly": 0
        },
        "20133": {
            "year_quarter": 20133,
            "year": 2013,
            "quarter": 3,
            "eps": null,
            "eps_growth_year": null,
            "eps_4q": null,
            "eps_4q_growth_year": null,
            "roe": null,
            "roe_4q": 0,
            "gross_profit": null,
            "gross_margin": null,
            "gross_margin_4q_avg": 0,
            "net_income": null,
            "revenue": null,
            "common_shares": null,
            "book_valuer_per_share": null,
            "book_valuer_per_share_4q_avg": 7.28,
            "equity": null,
            "current_ratio": null,
            "debt_ratio": null,
            "inventory_turnover_ratio": null,
            "account_receivable_turnover_ratio": null,
            "reinvestment_rate": null,
            "research_to_sale_ratio": null,
            "price_fair": 0,
            "eps_avg_yearly": 0,
            "eps_latest_yearly": 0,
            "eps_growth_yearly": 0
        },
        "20134": {
            "year_quarter": 20134,
            "year": 2013,
            "quarter": 4,
            "eps": null,
            "eps_growth_year": null,
            "eps_4q": null,
            "eps_4q_growth_year": null,
            "roe": null,
            "roe_4q": 0,
            "gross_profit": null,
            "gross_margin": null,
            "gross_margin_4q_avg": 0,
            "net_income": null,
            "revenue": null,
            "common_shares": 2122835,
            "book_valuer_per_share": 13.63,
            "book_valuer_per_share_4q_avg": 6.97,
            "equity": 2894185,
            "current_ratio": 205.89,
            "debt_ratio": 29.19,
            "inventory_turnover_ratio": null,
            "account_receivable_turnover_ratio": null,
            "reinvestment_rate": null,
            "research_to_sale_ratio": null,
            "price_fair": 0,
            "eps_avg_yearly": 0,
            "eps_latest_yearly": 0,
            "eps_growth_yearly": 0
        },
        "20141": {
            "year_quarter": 20141,
            "year": 2014,
            "quarter": 1,
            "eps": null,
            "eps_growth_year": null,
            "eps_4q": null,
            "eps_4q_growth_year": null,
            "roe": null,
            "roe_4q": 0,
            "gross_profit": null,
            "gross_margin": null,
            "gross_margin_4q_avg": 0,
            "net_income": null,
            "revenue": null,
            "common_shares": null,
            "book_valuer_per_share": null,
            "book_valuer_per_share_4q_avg": 6.97,
            "equity": null,
            "current_ratio": null,
            "debt_ratio": null,
            "inventory_turnover_ratio": null,
            "account_receivable_turnover_ratio": null,
            "reinvestment_rate": null,
            "research_to_sale_ratio": null,
            "price_fair": 0,
            "eps_avg_yearly": 0,
            "eps_latest_yearly": 0,
            "eps_growth_yearly": 0
        },
        "20142": {
            "year_quarter": 20142,
            "year": 2014,
            "quarter": 2,
            "eps": null,
            "eps_growth_year": null,
            "eps_4q": null,
            "eps_4q_growth_year": null,
            "roe": null,
            "roe_4q": 0,
            "gross_profit": null,
            "gross_margin": null,
            "gross_margin_4q_avg": 0,
            "net_income": null,
            "revenue": null,
            "common_shares": 2122835,
            "book_valuer_per_share": 13.41,
            "book_valuer_per_share_4q_avg": 6.76,
            "equity": 2846404,
            "current_ratio": 210.29,
            "debt_ratio": 28.81,
            "inventory_turnover_ratio": null,
            "account_receivable_turnover_ratio": null,
            "reinvestment_rate": null,
            "research_to_sale_ratio": null,
            "price_fair": 0,
            "eps_avg_yearly": 0,
            "eps_latest_yearly": 0,
            "eps_growth_yearly": 0
        },
        "20143": {
            "year_quarter": 20143,
            "year": 2014,
            "quarter": 3,
            "eps": null,
            "eps_growth_year": null,
            "eps_4q": null,
            "eps_4q_growth_year": null,
            "roe": null,
            "roe_4q": 0,
            "gross_profit": null,
            "gross_margin": null,
            "gross_margin_4q_avg": 0,
            "net_income": null,
            "revenue": null,
            "common_shares": null,
            "book_valuer_per_share": null,
            "book_valuer_per_share_4q_avg": 6.76,
            "equity": null,
            "current_ratio": null,
            "debt_ratio": null,
            "inventory_turnover_ratio": null,
            "account_receivable_turnover_ratio": null,
            "reinvestment_rate": null,
            "research_to_sale_ratio": null,
            "price_fair": 0,
            "eps_avg_yearly": 0,
            "eps_latest_yearly": 0,
            "eps_growth_yearly": 0
        },
        "20144": {
            "year_quarter": 20144,
            "year": 2014,
            "quarter": 4,
            "eps": null,
            "eps_growth_year": null,
            "eps_4q": null,
            "eps_4q_growth_year": null,
            "roe": null,
            "roe_4q": 0,
            "gross_profit": null,
            "gross_margin": null,
            "gross_margin_4q_avg": 0,
            "net_income": null,
            "revenue": null,
            "common_shares": 2122835,
            "book_valuer_per_share": 13.38,
            "book_valuer_per_share_4q_avg": 6.7,
            "equity": 2840179,
            "current_ratio": 244.16,
            "debt_ratio": 23.61,
            "inventory_turnover_ratio": null,
            "account_receivable_turnover_ratio": null,
            "reinvestment_rate": null,
            "research_to_sale_ratio": null,
            "price_fair": 0,
            "eps_avg_yearly": 0,
            "eps_latest_yearly": 0,
            "eps_growth_yearly": 0
        },
        "20151": {
            "year_quarter": 20151,
            "year": 2015,
            "quarter": 1,
            "eps": null,
            "eps_growth_year": null,
            "eps_4q": null,
            "eps_4q_growth_year": null,
            "roe": null,
            "roe_4q": 0,
            "gross_profit": null,
            "gross_margin": null,
            "gross_margin_4q_avg": 0,
            "net_income": null,
            "revenue": null,
            "common_shares": null,
            "book_valuer_per_share": null,
            "book_valuer_per_share_4q_avg": 6.7,
            "equity": null,
            "current_ratio": null,
            "debt_ratio": null,
            "inventory_turnover_ratio": null,
            "account_receivable_turnover_ratio": null,
            "reinvestment_rate": null,
            "research_to_sale_ratio": null,
            "price_fair": 0,
            "eps_avg_yearly": 0,
            "eps_latest_yearly": 0,
            "eps_growth_yearly": 0
        },
        "20152": {
            "year_quarter": 20152,
            "year": 2015,
            "quarter": 2,
            "eps": null,
            "eps_growth_year": null,
            "eps_4q": null,
            "eps_4q_growth_year": null,
            "roe": null,
            "roe_4q": 0,
            "gross_profit": null,
            "gross_margin": null,
            "gross_margin_4q_avg": 0,
            "net_income": null,
            "revenue": null,
            "common_shares": 2122835,
            "book_valuer_per_share": 13.13,
            "book_valuer_per_share_4q_avg": 6.63,
            "equity": 2788290,
            "current_ratio": 186.61,
            "debt_ratio": 33.77,
            "inventory_turnover_ratio": null,
            "account_receivable_turnover_ratio": null,
            "reinvestment_rate": null,
            "research_to_sale_ratio": null,
            "price_fair": 0,
            "eps_avg_yearly": 0,
            "eps_latest_yearly": 0,
            "eps_growth_yearly": 0
        },
        "20153": {
            "year_quarter": 20153,
            "year": 2015,
            "quarter": 3,
            "eps": null,
            "eps_growth_year": null,
            "eps_4q": null,
            "eps_4q_growth_year": null,
            "roe": null,
            "roe_4q": 0,
            "gross_profit": null,
            "gross_margin": null,
            "gross_margin_4q_avg": 0,
            "net_income": null,
            "revenue": null,
            "common_shares": null,
            "book_valuer_per_share": null,
            "book_valuer_per_share_4q_avg": 6.63,
            "equity": null,
            "current_ratio": null,
            "debt_ratio": null,
            "inventory_turnover_ratio": null,
            "account_receivable_turnover_ratio": null,
            "reinvestment_rate": null,
            "research_to_sale_ratio": null,
            "price_fair": 0,
            "eps_avg_yearly": 0,
            "eps_latest_yearly": 0,
            "eps_growth_yearly": 0
        },
        "20154": {
            "year_quarter": 20154,
            "year": 2015,
            "quarter": 4,
            "eps": null,
            "eps_growth_year": null,
            "eps_4q": null,
            "eps_4q_growth_year": null,
            "roe": null,
            "roe_4q": 0,
            "gross_profit": null,
            "gross_margin": null,
            "gross_margin_4q_avg": 0,
            "net_income": null,
            "revenue": null,
            "common_shares": 2122835,
            "book_valuer_per_share": 13.37,
            "book_valuer_per_share_4q_avg": 6.63,
            "equity": 2837347,
            "current_ratio": 214.21,
            "debt_ratio": 30.75,
            "inventory_turnover_ratio": null,
            "account_receivable_turnover_ratio": null,
            "reinvestment_rate": null,
            "research_to_sale_ratio": null,
            "price_fair": 0,
            "eps_avg_yearly": 0,
            "eps_latest_yearly": 0,
            "eps_growth_yearly": 0
        },
        "20161": {
            "year_quarter": 20161,
            "year": 2016,
            "quarter": 1,
            "eps": null,
            "eps_growth_year": null,
            "eps_4q": null,
            "eps_4q_growth_year": null,
            "roe": null,
            "roe_4q": 0,
            "gross_profit": null,
            "gross_margin": null,
            "gross_margin_4q_avg": 0,
            "net_income": null,
            "revenue": null,
            "common_shares": null,
            "book_valuer_per_share": null,
            "book_valuer_per_share_4q_avg": 6.63,
            "equity": null,
            "current_ratio": null,
            "debt_ratio": null,
            "inventory_turnover_ratio": null,
            "account_receivable_turnover_ratio": null,
            "reinvestment_rate": null,
            "research_to_sale_ratio": null,
            "price_fair": 0,
            "eps_avg_yearly": 0,
            "eps_latest_yearly": 0,
            "eps_growth_yearly": 0
        },
        "20162": {
            "year_quarter": 20162,
            "year": 2016,
            "quarter": 2,
            "eps": null,
            "eps_growth_year": null,
            "eps_4q": null,
            "eps_4q_growth_year": null,
            "roe": null,
            "roe_4q": 0,
            "gross_profit": null,
            "gross_margin": null,
            "gross_margin_4q_avg": 0,
            "net_income": null,
            "revenue": null,
            "common_shares": 2122835,
            "book_valuer_per_share": 13.51,
            "book_valuer_per_share_4q_avg": 6.72,
            "equity": 2868871,
            "current_ratio": 208.52,
            "debt_ratio": 31.86,
            "inventory_turnover_ratio": null,
            "account_receivable_turnover_ratio": null,
            "reinvestment_rate": null,
            "research_to_sale_ratio": null,
            "price_fair": 0,
            "eps_avg_yearly": 0,
            "eps_latest_yearly": 0,
            "eps_growth_yearly": 0
        },
        "20163": {
            "year_quarter": 20163,
            "year": 2016,
            "quarter": 3,
            "eps": null,
            "eps_growth_year": null,
            "eps_4q": null,
            "eps_4q_growth_year": null,
            "roe": null,
            "roe_4q": 0,
            "gross_profit": null,
            "gross_margin": null,
            "gross_margin_4q_avg": 0,
            "net_income": null,
            "revenue": null,
            "common_shares": null,
            "book_valuer_per_share": null,
            "book_valuer_per_share_4q_avg": 6.72,
            "equity": null,
            "current_ratio": null,
            "debt_ratio": null,
            "inventory_turnover_ratio": null,
            "account_receivable_turnover_ratio": null,
            "reinvestment_rate": null,
            "research_to_sale_ratio": null,
            "price_fair": 0,
            "eps_avg_yearly": 0,
            "eps_latest_yearly": 0,
            "eps_growth_yearly": 0
        },
        "20164": {
            "year_quarter": 20164,
            "year": 2016,
            "quarter": 4,
            "eps": null,
            "eps_growth_year": null,
            "eps_4q": null,
            "eps_4q_growth_year": null,
            "roe": null,
            "roe_4q": 0,
            "gross_profit": null,
            "gross_margin": null,
            "gross_margin_4q_avg": 0,
            "net_income": null,
            "revenue": null,
            "common_shares": 2122835,
            "book_valuer_per_share": 14.52,
            "book_valuer_per_share_4q_avg": 7.01,
            "equity": 3081858,
            "current_ratio": 227.55,
            "debt_ratio": 29.59,
            "inventory_turnover_ratio": null,
            "account_receivable_turnover_ratio": null,
            "reinvestment_rate": null,
            "research_to_sale_ratio": null,
            "price_fair": 0,
            "eps_avg_yearly": 0,
            "eps_latest_yearly": 0,
            "eps_growth_yearly": 0
        },
        "20171": {
            "year_quarter": 20171,
            "year": 2017,
            "quarter": 1,
            "eps": null,
            "eps_growth_year": null,
            "eps_4q": null,
            "eps_4q_growth_year": null,
            "roe": null,
            "roe_4q": 0,
            "gross_profit": null,
            "gross_margin": null,
            "gross_margin_4q_avg": 0,
            "net_income": null,
            "revenue": null,
            "common_shares": null,
            "book_valuer_per_share": null,
            "book_valuer_per_share_4q_avg": 7.01,
            "equity": null,
            "current_ratio": null,
            "debt_ratio": null,
            "inventory_turnover_ratio": null,
            "account_receivable_turnover_ratio": null,
            "reinvestment_rate": null,
            "research_to_sale_ratio": null,
            "price_fair": 0,
            "eps_avg_yearly": 0,
            "eps_latest_yearly": 0,
            "eps_growth_yearly": 0
        },
        "20172": {
            "year_quarter": 20172,
            "year": 2017,
            "quarter": 2,
            "eps": null,
            "eps_growth_year": null,
            "eps_4q": null,
            "eps_4q_growth_year": null,
            "roe": null,
            "roe_4q": 0,
            "gross_profit": null,
            "gross_margin": null,
            "gross_margin_4q_avg": 0,
            "net_income": null,
            "revenue": null,
            "common_shares": 2122835,
            "book_valuer_per_share": 14.41,
            "book_valuer_per_share_4q_avg": 7.23,
            "equity": 3058404,
            "current_ratio": 183.5,
            "debt_ratio": 38.83,
            "inventory_turnover_ratio": null,
            "account_receivable_turnover_ratio": null,
            "reinvestment_rate": null,
            "research_to_sale_ratio": null,
            "price_fair": 0,
            "eps_avg_yearly": 0,
            "eps_latest_yearly": 0,
            "eps_growth_yearly": 0
        },
        "20173": {
            "year_quarter": 20173,
            "year": 2017,
            "quarter": 3,
            "eps": 0.16,
            "eps_growth_year": null,
            "eps_4q": null,
            "eps_4q_growth_year": null,
            "roe": 1.1,
            "roe_4q": 1.1,
            "gross_profit": null,
            "gross_margin": null,
            "gross_margin_4q_avg": 0,
            "net_income": 33740,
            "revenue": 95486,
            "common_shares": 2122835,
            "book_valuer_per_share": 14.56,
            "book_valuer_per_share_4q_avg": 10.87,
            "equity": 3091902,
            "current_ratio": 187.02,
            "debt_ratio": 37.45,
            "inventory_turnover_ratio": null,
            "account_receivable_turnover_ratio": 0.21,
            "reinvestment_rate": null,
            "research_to_sale_ratio": null,
            "price_fair": 0,
            "eps_avg_yearly": 0,
            "eps_latest_yearly": 0,
            "eps_growth_yearly": 0
        },
        "20174": {
            "year_quarter": 20174,
            "year": 2017,
            "quarter": 4,
            "eps": -0.04,
            "eps_growth_year": null,
            "eps_4q": null,
            "eps_4q_growth_year": null,
            "roe": -0.27,
            "roe_4q": 0.8300000000000001,
            "gross_profit": null,
            "gross_margin": null,
            "gross_margin_4q_avg": 0,
            "net_income": -8253,
            "revenue": 50050,
            "common_shares": 2122835,
            "book_valuer_per_share": 14.59,
            "book_valuer_per_share_4q_avg": 10.89,
            "equity": 3097510,
            "current_ratio": 180.39,
            "debt_ratio": 39.67,
            "inventory_turnover_ratio": null,
            "account_receivable_turnover_ratio": 0.1,
            "reinvestment_rate": null,
            "research_to_sale_ratio": null,
            "price_fair": 0,
            "eps_avg_yearly": 0,
            "eps_latest_yearly": 0,
            "eps_growth_yearly": 0
        },
        "20181": {
            "year_quarter": 20181,
            "year": 2018,
            "quarter": 1,
            "eps": 1.68,
            "eps_growth_year": null,
            "eps_4q": null,
            "eps_4q_growth_year": null,
            "roe": 10.97,
            "roe_4q": 11.8,
            "gross_profit": null,
            "gross_margin": null,
            "gross_margin_4q_avg": 0,
            "net_income": 370619,
            "revenue": 116883,
            "common_shares": 2240475,
            "book_valuer_per_share": 16.34,
            "book_valuer_per_share_4q_avg": 14.98,
            "equity": 3660510,
            "current_ratio": 238.7,
            "debt_ratio": 31.42,
            "inventory_turnover_ratio": null,
            "account_receivable_turnover_ratio": 0.19,
            "reinvestment_rate": null,
            "research_to_sale_ratio": null,
            "price_fair": 0,
            "eps_avg_yearly": 0,
            "eps_latest_yearly": 0,
            "eps_growth_yearly": 0
        },
        "20182": {
            "year_quarter": 20182,
            "year": 2018,
            "quarter": 2,
            "eps": 0.33,
            "eps_growth_year": null,
            "eps_4q": 2.1,
            "eps_4q_growth_year": null,
            "roe": 2.04,
            "roe_4q": 13.840000000000002,
            "gross_profit": null,
            "gross_margin": null,
            "gross_margin_4q_avg": 0,
            "net_income": 73943,
            "revenue": 147204,
            "common_shares": 2240475,
            "book_valuer_per_share": 16.03,
            "book_valuer_per_share_4q_avg": 15.38,
            "equity": 3592160,
            "current_ratio": 210.02,
            "debt_ratio": 36.51,
            "inventory_turnover_ratio": null,
            "account_receivable_turnover_ratio": 0.23,
            "reinvestment_rate": null,
            "research_to_sale_ratio": null,
            "price_fair": 3.96,
            "eps_avg_yearly": 1.32,
            "eps_latest_yearly": 1.32,
            "eps_growth_yearly": -321.43
        },
        "20183": {
            "year_quarter": 20183,
            "year": 2018,
            "quarter": 3,
            "eps": 0.1,
            "eps_growth_year": -37.5,
            "eps_4q": 2.04,
            "eps_4q_growth_year": null,
            "roe": 0.59,
            "roe_4q": 13.330000000000002,
            "gross_profit": null,
            "gross_margin": null,
            "gross_margin_4q_avg": 0,
            "net_income": 21269,
            "revenue": 73722,
            "common_shares": 2240475,
            "book_valuer_per_share": 16.18,
            "book_valuer_per_share_4q_avg": 15.79,
            "equity": 3625678,
            "current_ratio": 259.82,
            "debt_ratio": 28.62,
            "inventory_turnover_ratio": null,
            "account_receivable_turnover_ratio": 0.12,
            "reinvestment_rate": null,
            "research_to_sale_ratio": null,
            "price_fair": 2.58,
            "eps_avg_yearly": 0.86,
            "eps_latest_yearly": 0.4,
            "eps_growth_yearly": -300.11
        },
        "20184": {
            "year_quarter": 20184,
            "year": 2018,
            "quarter": 4,
            "eps": -0.09,
            "eps_growth_year": null,
            "eps_4q": 1.99,
            "eps_4q_growth_year": null,
            "roe": -0.58,
            "roe_4q": 13.02,
            "gross_profit": null,
            "gross_margin": null,
            "gross_margin_4q_avg": 0,
            "net_income": -20843,
            "revenue": 40890,
            "common_shares": 2240475,
            "book_valuer_per_share": 15.96,
            "book_valuer_per_share_4q_avg": 16.13,
            "equity": 3575487,
            "current_ratio": 316.95,
            "debt_ratio": 23.17,
            "inventory_turnover_ratio": null,
            "account_receivable_turnover_ratio": 0.08,
            "reinvestment_rate": null,
            "research_to_sale_ratio": null,
            "price_fair": 2.58,
            "eps_avg_yearly": 0.86,
            "eps_latest_yearly": 0.4,
            "eps_growth_yearly": -300.11
        },
        "20191": {
            "year_quarter": 20191,
            "year": 2019,
            "quarter": 1,
            "eps": 0.35,
            "eps_growth_year": -79.17,
            "eps_4q": 0.68,
            "eps_4q_growth_year": null,
            "roe": 2.16,
            "roe_4q": 4.21,
            "gross_profit": null,
            "gross_margin": null,
            "gross_margin_4q_avg": 0,
            "net_income": 78180,
            "revenue": 127920,
            "common_shares": 2240475,
            "book_valuer_per_share": 16.29,
            "book_valuer_per_share_4q_avg": 16.12,
            "equity": 3650525,
            "current_ratio": 316.31,
            "debt_ratio": 23.75,
            "inventory_turnover_ratio": null,
            "account_receivable_turnover_ratio": 0.25,
            "reinvestment_rate": null,
            "research_to_sale_ratio": null,
            "price_fair": 2.58,
            "eps_avg_yearly": 0.86,
            "eps_latest_yearly": 0.4,
            "eps_growth_yearly": -300.11
        },
        "20192": {
            "year_quarter": 20192,
            "year": 2019,
            "quarter": 2,
            "eps": 0.14,
            "eps_growth_year": -57.58,
            "eps_4q": 0.47,
            "eps_4q_growth_year": -77.47,
            "roe": 0.94,
            "roe_4q": 3.11,
            "gross_profit": null,
            "gross_margin": null,
            "gross_margin_4q_avg": 0,
            "net_income": 33658,
            "revenue": 82865,
            "common_shares": 2374904,
            "book_valuer_per_share": 14.93,
            "book_valuer_per_share_4q_avg": 15.84,
            "equity": 3546464,
            "current_ratio": 318.48,
            "debt_ratio": 23.39,
            "inventory_turnover_ratio": null,
            "account_receivable_turnover_ratio": 0.16,
            "reinvestment_rate": null,
            "research_to_sale_ratio": null,
            "price_fair": 2.28,
            "eps_avg_yearly": 0.76,
            "eps_latest_yearly": 0.56,
            "eps_growth_yearly": -280.07
        },
        "20193": {
            "year_quarter": 20193,
            "year": 2019,
            "quarter": 3,
            "eps": 0.22,
            "eps_growth_year": 120,
            "eps_4q": 0.6,
            "eps_4q_growth_year": -70.52,
            "roe": 1.46,
            "roe_4q": 3.9800000000000004,
            "gross_profit": null,
            "gross_margin": null,
            "gross_margin_4q_avg": 0,
            "net_income": 52015,
            "revenue": 104748,
            "common_shares": 2374904,
            "book_valuer_per_share": 15.02,
            "book_valuer_per_share_4q_avg": 15.55,
            "equity": 3566605,
            "current_ratio": 290.04,
            "debt_ratio": 26.14,
            "inventory_turnover_ratio": null,
            "account_receivable_turnover_ratio": 0.2,
            "reinvestment_rate": null,
            "research_to_sale_ratio": null,
            "price_fair": 2.37,
            "eps_avg_yearly": 0.79,
            "eps_latest_yearly": 0.88,
            "eps_growth_yearly": -152.91
        },
        "20194": {
            "year_quarter": 20194,
            "year": 2019,
            "quarter": 4,
            "eps": -0.12,
            "eps_growth_year": null,
            "eps_4q": 0.57,
            "eps_4q_growth_year": -71.24,
            "roe": -0.79,
            "roe_4q": 3.77,
            "gross_profit": null,
            "gross_margin": null,
            "gross_margin_4q_avg": 0,
            "net_income": -28201,
            "revenue": 18059,
            "common_shares": 2374904,
            "book_valuer_per_share": 14.89,
            "book_valuer_per_share_4q_avg": 15.28,
            "equity": 3536722,
            "current_ratio": 263.49,
            "debt_ratio": 29.02,
            "inventory_turnover_ratio": null,
            "account_receivable_turnover_ratio": 0.03,
            "reinvestment_rate": null,
            "research_to_sale_ratio": null,
            "price_fair": 2.37,
            "eps_avg_yearly": 0.79,
            "eps_latest_yearly": 0.88,
            "eps_growth_yearly": -152.91
        },
        "20201": {
            "year_quarter": 20201,
            "year": 2020,
            "quarter": 1,
            "eps": -1.06,
            "eps_growth_year": -402.86,
            "eps_4q": -0.82,
            "eps_4q_growth_year": -220.83,
            "roe": -7.45,
            "roe_4q": -5.84,
            "gross_profit": null,
            "gross_margin": null,
            "gross_margin_4q_avg": 0,
            "net_income": -252854,
            "revenue": -197944,
            "common_shares": 2374904,
            "book_valuer_per_share": 13.69,
            "book_valuer_per_share_4q_avg": 14.63,
            "equity": 3251338,
            "current_ratio": 303.68,
            "debt_ratio": 24.06,
            "inventory_turnover_ratio": null,
            "account_receivable_turnover_ratio": -0.33,
            "reinvestment_rate": null,
            "research_to_sale_ratio": null,
            "price_fair": 2.37,
            "eps_avg_yearly": 0.79,
            "eps_latest_yearly": 0.88,
            "eps_growth_yearly": -152.91
        },
        "20202": {
            "year_quarter": 20202,
            "year": 2020,
            "quarter": 2,
            "eps": 1.62,
            "eps_growth_year": 1057.14,
            "eps_4q": 0.65,
            "eps_4q_growth_year": 37.7,
            "roe": 11.27,
            "roe_4q": 4.489999999999999,
            "gross_profit": null,
            "gross_margin": null,
            "gross_margin_4q_avg": 0,
            "net_income": 383628,
            "revenue": 450785,
            "common_shares": 2374904,
            "book_valuer_per_share": 14.97,
            "book_valuer_per_share_4q_avg": 14.64,
            "equity": 3555956,
            "current_ratio": 247.22,
            "debt_ratio": 30.67,
            "inventory_turnover_ratio": null,
            "account_receivable_turnover_ratio": 0.63,
            "reinvestment_rate": null,
            "research_to_sale_ratio": null,
            "price_fair": 2.37,
            "eps_avg_yearly": 0.79,
            "eps_latest_yearly": 0.88,
            "eps_growth_yearly": -152.91
        },
        "20203": {
            "year_quarter": 20203,
            "year": 2020,
            "quarter": 3,
            "eps": 0.42,
            "eps_growth_year": 90.91,
            "eps_4q": 0.85,
            "eps_4q_growth_year": 41.37,
            "roe": 2.77,
            "roe_4q": 5.799999999999999,
            "gross_profit": null,
            "gross_margin": null,
            "gross_margin_4q_avg": 0,
            "net_income": 99598,
            "revenue": 169142,
            "common_shares": 2374904,
            "book_valuer_per_share": 15.35,
            "book_valuer_per_share_4q_avg": 14.73,
            "equity": 3645654,
            "current_ratio": 223.78,
            "debt_ratio": 34.59,
            "inventory_turnover_ratio": null,
            "account_receivable_turnover_ratio": 0.23,
            "reinvestment_rate": null,
            "research_to_sale_ratio": null,
            "price_fair": 2.9,
            "eps_avg_yearly": 0.97,
            "eps_latest_yearly": 1.68,
            "eps_growth_yearly": -181.59
        },
        "20204": {
            "year_quarter": 20204,
            "year": 2020,
            "quarter": 4,
            "eps": 1.01,
            "eps_growth_year": null,
            "eps_4q": 1.98,
            "eps_4q_growth_year": 245.79,
            "roe": 6.27,
            "roe_4q": 12.86,
            "gross_profit": null,
            "gross_margin": null,
            "gross_margin_4q_avg": 0,
            "net_income": 238705,
            "revenue": 307833,
            "common_shares": 2374904,
            "book_valuer_per_share": 16.73,
            "book_valuer_per_share_4q_avg": 15.19,
            "equity": 3973730,
            "current_ratio": 205.71,
            "debt_ratio": 38.53,
            "inventory_turnover_ratio": null,
            "account_receivable_turnover_ratio": 0.33,
            "reinvestment_rate": null,
            "research_to_sale_ratio": null,
            "price_fair": 4.44,
            "eps_avg_yearly": 1.48,
            "eps_latest_yearly": 4.04,
            "eps_growth_yearly": -57.67
        },
        "20211": {
            "year_quarter": 20211,
            "year": 2021,
            "quarter": 1,
            "eps": 0.55,
            "eps_growth_year": null,
            "eps_4q": 3.59,
            "eps_4q_growth_year": null,
            "roe": 3.21,
            "roe_4q": 23.52,
            "gross_profit": null,
            "gross_margin": null,
            "gross_margin_4q_avg": 0,
            "net_income": 129536,
            "revenue": 212511,
            "common_shares": 2374904,
            "book_valuer_per_share": 17.26,
            "book_valuer_per_share_4q_avg": 16.08,
            "equity": 4100132,
            "current_ratio": 199.15,
            "debt_ratio": 40.08,
            "inventory_turnover_ratio": null,
            "account_receivable_turnover_ratio": 0.16,
            "reinvestment_rate": null,
            "research_to_sale_ratio": null,
            "price_fair": 4.75,
            "eps_avg_yearly": 1.58,
            "eps_latest_yearly": 2.2,
            "eps_growth_yearly": -75.46
        },
        "20212": {
            "year_quarter": 20212,
            "year": 2021,
            "quarter": 2,
            "eps": 1.63,
            "eps_growth_year": 0.62,
            "eps_4q": 3.49,
            "eps_4q_growth_year": 436.43,
            "roe": 9.13,
            "roe_4q": 21.38,
            "gross_profit": null,
            "gross_margin": null,
            "gross_margin_4q_avg": 0,
            "net_income": 411179,
            "revenue": 510358,
            "common_shares": 2517398,
            "book_valuer_per_share": 19.49,
            "book_valuer_per_share_4q_avg": 17.21,
            "equity": 4907537,
            "current_ratio": 171.44,
            "debt_ratio": 45.87,
            "inventory_turnover_ratio": null,
            "account_receivable_turnover_ratio": 0.27,
            "reinvestment_rate": 52.87,
            "research_to_sale_ratio": null,
            "price_fair": 77,
            "eps_avg_yearly": 2.2,
            "eps_latest_yearly": 6.52,
            "eps_growth_yearly": 32.15
        },
        "20213": {
            "year_quarter": 20213,
            "year": 2021,
            "quarter": 3,
            "eps": -0.12,
            "eps_growth_year": -128.57,
            "eps_4q": 2.98,
            "eps_4q_growth_year": 249.76,
            "roe": -0.63,
            "roe_4q": 17.98,
            "gross_profit": null,
            "gross_margin": null,
            "gross_margin_4q_avg": 0,
            "net_income": -29887,
            "revenue": 60127,
            "common_shares": 2517398,
            "book_valuer_per_share": 18.42,
            "book_valuer_per_share_4q_avg": 17.98,
            "equity": 4636822,
            "current_ratio": 194.93,
            "debt_ratio": 40.19,
            "inventory_turnover_ratio": null,
            "account_receivable_turnover_ratio": 0.03,
            "reinvestment_rate": -3.15,
            "research_to_sale_ratio": null,
            "price_fair": 77,
            "eps_avg_yearly": 2.2,
            "eps_latest_yearly": 6.52,
            "eps_growth_yearly": 32.15
        },
        "20214": {
            "year_quarter": 20214,
            "year": 2021,
            "quarter": 4,
            "eps": 0.76,
            "eps_growth_year": -24.04,
            "eps_4q": 2.79,
            "eps_4q_growth_year": 41.39,
            "roe": 4.11,
            "roe_4q": 15.82,
            "gross_profit": null,
            "gross_margin": null,
            "gross_margin_4q_avg": 0,
            "net_income": 192192,
            "revenue": 274683,
            "common_shares": 2517398,
            "book_valuer_per_share": 18.77,
            "book_valuer_per_share_4q_avg": 18.49,
            "equity": 4725168,
            "current_ratio": 184.73,
            "debt_ratio": 43.73,
            "inventory_turnover_ratio": null,
            "account_receivable_turnover_ratio": 0.22,
            "reinvestment_rate": -3.32,
            "research_to_sale_ratio": null,
            "price_fair": 77,
            "eps_avg_yearly": 2.2,
            "eps_latest_yearly": 6.52,
            "eps_growth_yearly": 32.15
        },
        "20221": {
            "year_quarter": 20221,
            "year": 2022,
            "quarter": 1,
            "eps": 0.25,
            "eps_growth_year": -54.55,
            "eps_4q": 2.53,
            "eps_4q_growth_year": -29.54,
            "roe": 1.31,
            "roe_4q": 13.920000000000002,
            "gross_profit": null,
            "gross_margin": null,
            "gross_margin_4q_avg": 0,
            "net_income": 62478,
            "revenue": 137666,
            "common_shares": 2517398,
            "book_valuer_per_share": 18.98,
            "book_valuer_per_share_4q_avg": 18.92,
            "equity": 4778836,
            "current_ratio": 221.04,
            "debt_ratio": 35.58,
            "inventory_turnover_ratio": null,
            "account_receivable_turnover_ratio": 0.13,
            "reinvestment_rate": 12.11,
            "research_to_sale_ratio": null,
            "price_fair": 6.2,
            "eps_avg_yearly": 2.07,
            "eps_latest_yearly": 1,
            "eps_growth_yearly": -1.24
        },
        "20222": {
            "year_quarter": 20222,
            "year": 2022,
            "quarter": 2,
            "eps": -1.52,
            "eps_growth_year": -193.25,
            "eps_4q": -0.68,
            "eps_4q_growth_year": -119.34,
            "roe": -9.13,
            "roe_4q": -4.34,
            "gross_profit": null,
            "gross_margin": null,
            "gross_margin_4q_avg": 0,
            "net_income": -405009,
            "revenue": -320167,
            "common_shares": 2668442,
            "book_valuer_per_share": 15.36,
            "book_valuer_per_share_4q_avg": 17.88,
            "equity": 4097772,
            "current_ratio": 222.86,
            "debt_ratio": 34.31,
            "inventory_turnover_ratio": null,
            "account_receivable_turnover_ratio": -0.31,
            "reinvestment_rate": 68.5,
            "research_to_sale_ratio": null,
            "price_fair": 75.6,
            "eps_avg_yearly": 2.16,
            "eps_latest_yearly": 1,
            "eps_growth_yearly": 38.78
        },
        "20223": {
            "year_quarter": 20223,
            "year": 2022,
            "quarter": 3,
            "eps": 0.25,
            "eps_growth_year": null,
            "eps_4q": -0.31,
            "eps_4q_growth_year": -110.43,
            "roe": 1.64,
            "roe_4q": -2.070000000000001,
            "gross_profit": null,
            "gross_margin": null,
            "gross_margin_4q_avg": 0,
            "net_income": 67502,
            "revenue": 125660,
            "common_shares": 2668442,
            "book_valuer_per_share": 15.58,
            "book_valuer_per_share_4q_avg": 17.17,
            "equity": 4156687,
            "current_ratio": 281.01,
            "debt_ratio": 26.61,
            "inventory_turnover_ratio": null,
            "account_receivable_turnover_ratio": 0.14,
            "reinvestment_rate": -5.94,
            "research_to_sale_ratio": null,
            "price_fair": 84.4,
            "eps_avg_yearly": 2.41,
            "eps_latest_yearly": 1,
            "eps_growth_yearly": 84.15
        },
        "20224": {
            "year_quarter": 20224,
            "year": 2022,
            "quarter": 4,
            "eps": 0.19,
            "eps_growth_year": -75.28,
            "eps_4q": -0.84,
            "eps_4q_growth_year": -130.15,
            "roe": 1.19,
            "roe_4q": -4.99,
            "gross_profit": null,
            "gross_margin": null,
            "gross_margin_4q_avg": 0,
            "net_income": 50368,
            "revenue": 98185,
            "common_shares": 2668442,
            "book_valuer_per_share": 16.09,
            "book_valuer_per_share_4q_avg": 16.5,
            "equity": 4292217,
            "current_ratio": 322.85,
            "debt_ratio": 22.43,
            "inventory_turnover_ratio": null,
            "account_receivable_turnover_ratio": 0.15,
            "reinvestment_rate": -6.12,
            "research_to_sale_ratio": null,
            "price_fair": 77.18,
            "eps_avg_yearly": 2.21,
            "eps_latest_yearly": 0.76,
            "eps_growth_yearly": 61.63
        },
        "20231": {
            "year_quarter": 20231,
            "year": 2023,
            "quarter": 1,
            "eps": 1.55,
            "eps_growth_year": 520,
            "eps_4q": 0.48,
            "eps_4q_growth_year": -81.14,
            "roe": 9.09,
            "roe_4q": 2.789999999999999,
            "gross_profit": null,
            "gross_margin": null,
            "gross_margin_4q_avg": 0,
            "net_income": 414295,
            "revenue": 477047,
            "common_shares": 2668442,
            "book_valuer_per_share": 18.07,
            "book_valuer_per_share_4q_avg": 16.28,
            "equity": 4820920,
            "current_ratio": 274.27,
            "debt_ratio": 27.4,
            "inventory_turnover_ratio": null,
            "account_receivable_turnover_ratio": 0.63,
            "reinvestment_rate": -5.02,
            "research_to_sale_ratio": null,
            "price_fair": 92.71,
            "eps_avg_yearly": 2.65,
            "eps_latest_yearly": 6.2,
            "eps_growth_yearly": 372.91
        }
    },
    "months": {
        "2009-04": {
            "month": "2009-04",
            "price": "6.79",
            "revenue": 112668
        },
        "2009-05": {
            "month": "2009-05",
            "price": "7.63",
            "revenue": 139262
        },
        "2009-06": {
            "month": "2009-06",
            "price": "8.16",
            "revenue": 40667
        },
        "2009-07": {
            "month": "2009-07",
            "price": "7.46",
            "revenue": 53291
        },
        "2009-08": {
            "month": "2009-08",
            "price": "7.46",
            "revenue": 44893
        },
        "2009-09": {
            "month": "2009-09",
            "price": "7.84",
            "revenue": 83683
        },
        "2009-10": {
            "month": "2009-10",
            "price": "7.93",
            "revenue": 39810
        },
        "2009-11": {
            "month": "2009-11",
            "price": "7.80",
            "revenue": 48525
        },
        "2009-12": {
            "month": "2009-12",
            "price": "7.60",
            "revenue": 94255
        },
        "2010-01": {
            "month": "2010-01",
            "price": "9.57",
            "revenue": 46709
        },
        "2010-02": {
            "month": "2010-02",
            "price": "9.17",
            "revenue": 16711
        },
        "2010-03": {
            "month": "2010-03",
            "price": "9.70",
            "revenue": 46091
        },
        "2010-04": {
            "month": "2010-04",
            "price": "9.91",
            "revenue": 33574
        },
        "2010-05": {
            "month": "2010-05",
            "price": "9.61",
            "revenue": 23539
        },
        "2010-06": {
            "month": "2010-06",
            "price": "9.71",
            "revenue": 29012
        },
        "2010-07": {
            "month": "2010-07",
            "price": "9.19",
            "revenue": 73537
        },
        "2010-08": {
            "month": "2010-08",
            "price": "8.66",
            "revenue": 61242
        },
        "2010-09": {
            "month": "2010-09",
            "price": "8.55",
            "revenue": 75502
        },
        "2010-10": {
            "month": "2010-10",
            "price": "8.86",
            "revenue": 43720
        },
        "2010-11": {
            "month": "2010-11",
            "price": "8.90",
            "revenue": 27136
        },
        "2010-12": {
            "month": "2010-12",
            "price": "8.88",
            "revenue": 127745
        },
        "2011-01": {
            "month": "2011-01",
            "price": "9.52",
            "revenue": 35324
        },
        "2011-02": {
            "month": "2011-02",
            "price": "9.40",
            "revenue": 18189
        },
        "2011-03": {
            "month": "2011-03",
            "price": "9.16",
            "revenue": 30710
        },
        "2011-04": {
            "month": "2011-04",
            "price": "9.02",
            "revenue": 67984
        },
        "2011-05": {
            "month": "2011-05",
            "price": "9.00",
            "revenue": 20821
        },
        "2011-06": {
            "month": "2011-06",
            "price": "9.16",
            "revenue": 25760
        },
        "2011-07": {
            "month": "2011-07",
            "price": "9.41",
            "revenue": 36796
        },
        "2011-08": {
            "month": "2011-08",
            "price": "8.73",
            "revenue": 66829
        },
        "2011-09": {
            "month": "2011-09",
            "price": "8.29",
            "revenue": 22710
        },
        "2011-10": {
            "month": "2011-10",
            "price": "7.37",
            "revenue": 48042
        },
        "2011-11": {
            "month": "2011-11",
            "price": "6.82",
            "revenue": 17394
        },
        "2011-12": {
            "month": "2011-12",
            "price": "6.02",
            "revenue": 14418
        },
        "2012-01": {
            "month": "2012-01",
            "price": "5.94",
            "revenue": 43790
        },
        "2012-02": {
            "month": "2012-02",
            "price": "7.29",
            "revenue": 168654
        },
        "2012-03": {
            "month": "2012-03",
            "price": "8.19",
            "revenue": 168821
        },
        "2012-04": {
            "month": "2012-04",
            "price": "7.82",
            "revenue": 13713
        },
        "2012-05": {
            "month": "2012-05",
            "price": "6.85",
            "revenue": 13449
        },
        "2012-06": {
            "month": "2012-06",
            "price": "6.50",
            "revenue": 27658
        },
        "2012-07": {
            "month": "2012-07",
            "price": "6.34",
            "revenue": 37592
        },
        "2012-08": {
            "month": "2012-08",
            "price": "6.45",
            "revenue": 55231
        },
        "2012-09": {
            "month": "2012-09",
            "price": "7.03",
            "revenue": 45869
        },
        "2012-10": {
            "month": "2012-10",
            "price": "6.49",
            "revenue": 12403
        },
        "2012-11": {
            "month": "2012-11",
            "price": "6.14",
            "revenue": 47384
        },
        "2012-12": {
            "month": "2012-12",
            "price": "6.18",
            "revenue": 67623
        },
        "2013-01": {
            "month": "2013-01",
            "price": "6.62",
            "revenue": 19459
        },
        "2013-02": {
            "month": "2013-02",
            "price": "6.81",
            "revenue": 2107
        },
        "2013-03": {
            "month": "2013-03",
            "price": "6.81",
            "revenue": 51158
        },
        "2013-04": {
            "month": "2013-04",
            "price": "6.67",
            "revenue": -7599
        },
        "2013-05": {
            "month": "2013-05",
            "price": "6.80",
            "revenue": 17557
        },
        "2013-06": {
            "month": "2013-06",
            "price": "7.21",
            "revenue": -47748
        },
        "2013-07": {
            "month": "2013-07",
            "price": "8.02",
            "revenue": 67844
        },
        "2013-08": {
            "month": "2013-08",
            "price": "7.94",
            "revenue": -9481
        },
        "2013-09": {
            "month": "2013-09",
            "price": "7.94",
            "revenue": 62821
        },
        "2013-10": {
            "month": "2013-10",
            "price": "8.08",
            "revenue": -7055
        },
        "2013-11": {
            "month": "2013-11",
            "price": "8.18",
            "revenue": -355
        },
        "2013-12": {
            "month": "2013-12",
            "price": "7.73",
            "revenue": 45931
        },
        "2014-01": {
            "month": "2014-01",
            "price": "7.22",
            "revenue": -7679
        },
        "2014-02": {
            "month": "2014-02",
            "price": "7.21",
            "revenue": 6019
        },
        "2014-03": {
            "month": "2014-03",
            "price": "7.17",
            "revenue": 20000
        },
        "2014-04": {
            "month": "2014-04",
            "price": "7.24",
            "revenue": -20369
        },
        "2014-05": {
            "month": "2014-05",
            "price": "7.24",
            "revenue": 6887
        },
        "2014-06": {
            "month": "2014-06",
            "price": "7.22",
            "revenue": 51395
        },
        "2014-07": {
            "month": "2014-07",
            "price": "7.26",
            "revenue": 30462
        },
        "2014-08": {
            "month": "2014-08",
            "price": "7.25",
            "revenue": 17598
        },
        "2014-09": {
            "month": "2014-09",
            "price": "7.25",
            "revenue": 6808
        },
        "2014-10": {
            "month": "2014-10",
            "price": "7.28",
            "revenue": -9652
        },
        "2014-11": {
            "month": "2014-11",
            "price": "7.38",
            "revenue": -648
        },
        "2014-12": {
            "month": "2014-12",
            "price": "7.48",
            "revenue": 41438
        },
        "2015-01": {
            "month": "2015-01",
            "price": "7.54",
            "revenue": 8463
        },
        "2015-02": {
            "month": "2015-02",
            "price": "7.61",
            "revenue": 5102
        },
        "2015-03": {
            "month": "2015-03",
            "price": "7.55",
            "revenue": 32882
        },
        "2015-04": {
            "month": "2015-04",
            "price": "7.23",
            "revenue": 14336
        },
        "2015-05": {
            "month": "2015-05",
            "price": "6.78",
            "revenue": 30
        },
        "2015-06": {
            "month": "2015-06",
            "price": "6.66",
            "revenue": 19350
        },
        "2015-07": {
            "month": "2015-07",
            "price": "6.52",
            "revenue": 5797
        },
        "2015-08": {
            "month": "2015-08",
            "price": "6.46",
            "revenue": -36163
        },
        "2015-09": {
            "month": "2015-09",
            "price": "6.31",
            "revenue": 23707
        },
        "2015-10": {
            "month": "2015-10",
            "price": "6.03",
            "revenue": 48678
        },
        "2015-11": {
            "month": "2015-11",
            "price": "5.94",
            "revenue": 95
        },
        "2015-12": {
            "month": "2015-12",
            "price": "5.79",
            "revenue": 102729
        },
        "2016-01": {
            "month": "2016-01",
            "price": "5.97",
            "revenue": 12675
        },
        "2016-02": {
            "month": "2016-02",
            "price": "6.16",
            "revenue": 32448
        },
        "2016-03": {
            "month": "2016-03",
            "price": "6.47",
            "revenue": 14157
        },
        "2016-04": {
            "month": "2016-04",
            "price": "6.64",
            "revenue": 3551
        },
        "2016-05": {
            "month": "2016-05",
            "price": "6.55",
            "revenue": -8980
        },
        "2016-06": {
            "month": "2016-06",
            "price": "6.57",
            "revenue": 59199
        },
        "2016-07": {
            "month": "2016-07",
            "price": "6.59",
            "revenue": 30878
        },
        "2016-08": {
            "month": "2016-08",
            "price": "6.54",
            "revenue": 37175
        },
        "2016-09": {
            "month": "2016-09",
            "price": "6.56",
            "revenue": 46094
        },
        "2016-10": {
            "month": "2016-10",
            "price": "6.78",
            "revenue": 136429
        },
        "2016-11": {
            "month": "2016-11",
            "price": "6.96",
            "revenue": 9310
        },
        "2016-12": {
            "month": "2016-12",
            "price": "7.12",
            "revenue": 21538
        },
        "2017-01": {
            "month": "2017-01",
            "price": "7.08",
            "revenue": 21279
        },
        "2017-02": {
            "month": "2017-02",
            "price": "7.20",
            "revenue": 85306
        },
        "2017-03": {
            "month": "2017-03",
            "price": "8.28",
            "revenue": 23209
        },
        "2017-04": {
            "month": "2017-04",
            "price": "8.45",
            "revenue": 5411
        },
        "2017-05": {
            "month": "2017-05",
            "price": "8.09",
            "revenue": 45863
        },
        "2017-06": {
            "month": "2017-06",
            "price": "7.35",
            "revenue": 31116
        },
        "2017-07": {
            "month": "2017-07",
            "price": "7.60",
            "revenue": 59940
        },
        "2017-08": {
            "month": "2017-08",
            "price": "7.77",
            "revenue": 41066
        },
        "2017-09": {
            "month": "2017-09",
            "price": "8.40",
            "revenue": -5521
        },
        "2017-10": {
            "month": "2017-10",
            "price": "8.70",
            "revenue": -18794
        },
        "2017-11": {
            "month": "2017-11",
            "price": "8.94",
            "revenue": 39435
        },
        "2017-12": {
            "month": "2017-12",
            "price": "9.19",
            "revenue": 29408
        },
        "2018-01": {
            "month": "2018-01",
            "price": "9.79",
            "revenue": 31347
        },
        "2018-02": {
            "month": "2018-02",
            "price": "9.95",
            "revenue": 9522
        },
        "2018-03": {
            "month": "2018-03",
            "price": "10.01",
            "revenue": 75380
        },
        "2018-04": {
            "month": "2018-04",
            "price": "11.07",
            "revenue": 41162
        },
        "2018-05": {
            "month": "2018-05",
            "price": "10.99",
            "revenue": 127933
        },
        "2018-06": {
            "month": "2018-06",
            "price": "12.16",
            "revenue": -21892
        },
        "2018-07": {
            "month": "2018-07",
            "price": "11.23",
            "revenue": 29391
        },
        "2018-08": {
            "month": "2018-08",
            "price": "10.93",
            "revenue": 16125
        },
        "2018-09": {
            "month": "2018-09",
            "price": "10.83",
            "revenue": 28384
        },
        "2018-10": {
            "month": "2018-10",
            "price": "10.24",
            "revenue": -84824
        },
        "2018-11": {
            "month": "2018-11",
            "price": "9.70",
            "revenue": 118855
        },
        "2018-12": {
            "month": "2018-12",
            "price": "9.92",
            "revenue": 7276
        },
        "2019-01": {
            "month": "2019-01",
            "price": "10.04",
            "revenue": 66428
        },
        "2019-02": {
            "month": "2019-02",
            "price": "10.64",
            "revenue": 14963
        },
        "2019-03": {
            "month": "2019-03",
            "price": "11.13",
            "revenue": 46407
        },
        "2019-04": {
            "month": "2019-04",
            "price": "11.41",
            "revenue": 42945
        },
        "2019-05": {
            "month": "2019-05",
            "price": "11.59",
            "revenue": -2943
        },
        "2019-06": {
            "month": "2019-06",
            "price": "10.65",
            "revenue": 38596
        },
        "2019-07": {
            "month": "2019-07",
            "price": "9.48",
            "revenue": 8208
        },
        "2019-08": {
            "month": "2019-08",
            "price": "8.90",
            "revenue": 66162
        },
        "2019-09": {
            "month": "2019-09",
            "price": "9.33",
            "revenue": 34766
        },
        "2019-10": {
            "month": "2019-10",
            "price": "9.32",
            "revenue": 9452
        },
        "2019-11": {
            "month": "2019-11",
            "price": "9.52",
            "revenue": -33810
        },
        "2019-12": {
            "month": "2019-12",
            "price": "9.27",
            "revenue": 42432
        },
        "2020-01": {
            "month": "2020-01",
            "price": "9.24",
            "revenue": -32299
        },
        "2020-02": {
            "month": "2020-02",
            "price": "8.96",
            "revenue": -24720
        },
        "2020-03": {
            "month": "2020-03",
            "price": "7.88",
            "revenue": -140924
        },
        "2020-04": {
            "month": "2020-04",
            "price": "7.72",
            "revenue": 173668
        },
        "2020-05": {
            "month": "2020-05",
            "price": "8.34",
            "revenue": 162719
        },
        "2020-06": {
            "month": "2020-06",
            "price": "8.23",
            "revenue": 111083
        },
        "2020-07": {
            "month": "2020-07",
            "price": "9.26",
            "revenue": -4912
        },
        "2020-08": {
            "month": "2020-08",
            "price": "9.34",
            "revenue": 143037
        },
        "2020-09": {
            "month": "2020-09",
            "price": "9.67",
            "revenue": 34330
        },
        "2020-10": {
            "month": "2020-10",
            "price": "9.20",
            "revenue": 21102
        },
        "2020-11": {
            "month": "2020-11",
            "price": "9.44",
            "revenue": 170162
        },
        "2020-12": {
            "month": "2020-12",
            "price": "11.87",
            "revenue": 116761
        },
        "2021-01": {
            "month": "2021-01",
            "price": "15.20",
            "revenue": -153403
        },
        "2021-02": {
            "month": "2021-02",
            "price": "13.43",
            "revenue": 186461
        },
        "2021-03": {
            "month": "2021-03",
            "price": "14.28",
            "revenue": 179422
        },
        "2021-04": {
            "month": "2021-04",
            "price": "19.92",
            "revenue": 496631
        },
        "2021-05": {
            "month": "2021-05",
            "price": "24.51",
            "revenue": -186037
        },
        "2021-06": {
            "month": "2021-06",
            "price": "21.12",
            "revenue": 199770
        },
        "2021-07": {
            "month": "2021-07",
            "price": "20.22",
            "revenue": -36245
        },
        "2021-08": {
            "month": "2021-08",
            "price": "16.27",
            "revenue": 110844
        },
        "2021-09": {
            "month": "2021-09",
            "price": "15.96",
            "revenue": -14451
        },
        "2021-10": {
            "month": "2021-10",
            "price": "14.44",
            "revenue": -12092
        },
        "2021-11": {
            "month": "2021-11",
            "price": "15.20",
            "revenue": 21747
        },
        "2021-12": {
            "month": "2021-12",
            "price": "15.75",
            "revenue": 265017
        },
        "2022-01": {
            "month": "2022-01",
            "price": "18.12",
            "revenue": -110933
        },
        "2022-02": {
            "month": "2022-02",
            "price": "17.03",
            "revenue": 140688
        },
        "2022-03": {
            "month": "2022-03",
            "price": "16.64",
            "revenue": 107884
        },
        "2022-04": {
            "month": "2022-04",
            "price": "16.44",
            "revenue": -132957
        },
        "2022-05": {
            "month": "2022-05",
            "price": "14.46",
            "revenue": -33833
        },
        "2022-06": {
            "month": "2022-06",
            "price": "13.09",
            "revenue": -153368
        },
        "2022-07": {
            "month": "2022-07",
            "price": "10.20",
            "revenue": 62046
        },
        "2022-08": {
            "month": "2022-08",
            "price": "11.31",
            "revenue": 135764
        },
        "2022-09": {
            "month": "2022-09",
            "price": "10.79",
            "revenue": -72189
        },
        "2022-10": {
            "month": "2022-10",
            "price": "9.86",
            "revenue": -145298
        },
        "2022-11": {
            "month": "2022-11",
            "price": "10.10",
            "revenue": 196519
        },
        "2022-12": {
            "month": "2022-12",
            "price": "10.42",
            "revenue": 47020
        },
        "2023-01": {
            "month": "2023-01",
            "price": "10.27",
            "revenue": 120668
        },
        "2023-02": {
            "month": "2023-02",
            "price": "11.39",
            "revenue": 236505
        },
        "2023-03": {
            "month": "2023-03",
            "price": "13.58",
            "revenue": 119872
        },
        "2023-04": {
            "month": "2023-04",
            "price": "14.97",
            "revenue": 248744
        },
        "2023-05": {
            "month": "2023-05",
            "price": "18.49",
            "revenue": 266727
        }
    }
}
