{
    "summary": {
        "stock_name": "中租-KY",
        "stock_id": "5871",
        "category": "其他",
        "main_business": "租賃業務<br>分期付款買賣<br>融資及應收帳款收買暨管理業務",
        "website_url": "http://www.chaileaseholding.com/",
        "ceo": "陳鳳龍",
        "pe_ratio": 11,
        "report_year_from": 2009,
        "report_year_to": 2023,
        "age": 15,
        "eps_negative_percentage": 0,
        "eps_growth_avg": {
            "last_all": 17.97,
            "last_2y": 8.47,
            "last_4y": 8.59,
            "last_8y": 11,
            "last_12y": null,
            "last_16y": null,
            "last_20y": null,
            "at_2006_last_3y": null,
            "at_2007_last_3y": null,
            "at_2008_last_3y": null,
            "at_2009_last_3y": null,
            "at_2010_last_3y": null,
            "at_2011_last_3y": null,
            "at_2012_last_3y": null,
            "at_2013_last_3y": null,
            "at_2014_last_3y": null,
            "at_2015_last_3y": 28.05,
            "at_2016_last_3y": 6.1,
            "at_2017_last_3y": 8.18,
            "at_2018_last_3y": 14.02,
            "at_2019_last_3y": 18.29,
            "at_2020_last_3y": 18.44,
            "at_2021_last_3y": 16.36,
            "at_2022_last_3y": 13.87,
            "at_2023_last_3y": 7.56,
            "at_2024_last_3y": 7.56,
            "at_2006_last_all": null,
            "at_2007_last_all": null,
            "at_2008_last_all": null,
            "at_2009_last_all": null,
            "at_2010_last_all": null,
            "at_2011_last_all": null,
            "at_2012_last_all": null,
            "at_2013_last_all": 56.84,
            "at_2014_last_all": 38.86,
            "at_2015_last_all": 28.05,
            "at_2016_last_all": 23.29,
            "at_2017_last_all": 24.4,
            "at_2018_last_all": 24.67,
            "at_2019_last_all": 23.17,
            "at_2020_last_all": 21.14,
            "at_2021_last_all": 21.18,
            "at_2022_last_all": 20.74,
            "at_2023_last_all": 17.97,
            "at_2024_last_all": 17.97
        },
        "latest_eps": 15.5,
        "latest_price": 172,
        "latest_roe": 16.62,
        "latest_gross_margin": 66.47,
        "latest_equity": 163335798,
        "latest_revenue": 25063627,
        "latest_gross_profit": 16660200,
        "latest_net_income": 5888575,
        "latest_debt_ratio": 82.69,
        "latest_current_ratio": 117.42,
        "latest_account_receivable_turnover_ratio": 0.05,
        "latest_inventory_turnover_ratio": null,
        "latest_reinvestment_rate": 66.52,
        "latest_research_to_sale_ratio": null
    },
    "eps_dividends": {
        "2001": {
            "cash": 0,
            "stock": 0,
            "eps": 0
        },
        "2002": {
            "cash": 0,
            "stock": 0,
            "eps": 0
        },
        "2003": {
            "cash": 0,
            "stock": 0,
            "eps": 0
        },
        "2004": {
            "cash": 0,
            "stock": 0,
            "eps": 0
        },
        "2005": {
            "cash": 0,
            "stock": 0,
            "eps": 0
        },
        "2006": {
            "cash": 0,
            "stock": 0,
            "eps": 0
        },
        "2007": {
            "cash": 0,
            "stock": 0,
            "eps": 0
        },
        "2008": {
            "cash": 0,
            "stock": 0,
            "eps": 0
        },
        "2009": {
            "cash": 0,
            "stock": 0,
            "eps": 0
        },
        "2010": {
            "cash": 0,
            "stock": 0,
            "eps": 0
        },
        "2011": {
            "cash": 3.4899999999999998,
            "stock": 0,
            "eps": 2.65
        },
        "2012": {
            "cash": 0,
            "stock": 0,
            "eps": 5.09
        },
        "2013": {
            "cash": 2,
            "stock": 1,
            "eps": 6.19
        },
        "2014": {
            "cash": 2,
            "stock": 1,
            "eps": 6.37
        },
        "2015": {
            "cash": 2.8,
            "stock": 0.4,
            "eps": 6.09
        },
        "2016": {
            "cash": 3.1,
            "stock": 0,
            "eps": 6.35
        },
        "2017": {
            "cash": 3.4,
            "stock": 0,
            "eps": 8.25
        },
        "2018": {
            "cash": 3.8,
            "stock": 0.2,
            "eps": 10.42
        },
        "2019": {
            "cash": 4.2,
            "stock": 0.3,
            "eps": 11.74
        },
        "2020": {
            "cash": 4.6,
            "stock": 0.4,
            "eps": 12.31
        },
        "2021": {
            "cash": 5,
            "stock": 0.5,
            "eps": 14.97
        },
        "2022": {
            "cash": 6,
            "stock": 0.5,
            "eps": 17.42
        },
        "2023": {
            "cash": 6.4,
            "stock": 0.2,
            "eps": 15.23
        },
        "2024": {
            "cash": 6.5,
            "stock": 0.2,
            "eps": 0
        }
    },
    "dividends": {
        "2011-01-01": {
            "cash": 2.3,
            "stock": 0
        },
        "2011-03-23": {
            "cash": 1.19,
            "stock": 0
        },
        "2013-03-26": {
            "cash": 2,
            "stock": 1
        },
        "2014-05-30": {
            "cash": 2,
            "stock": 1
        },
        "2015-08-27": {
            "cash": 2.8,
            "stock": 0.4
        },
        "2016-08-31": {
            "cash": 3.1,
            "stock": 0
        },
        "2017-08-31": {
            "cash": 3.4,
            "stock": 0
        },
        "2018-08-31": {
            "cash": 3.8,
            "stock": 0.2
        },
        "2019-08-30": {
            "cash": 4.2,
            "stock": 0.3
        },
        "2020-07-17": {
            "cash": 4.6,
            "stock": 0.4
        },
        "2021-09-03": {
            "cash": 5,
            "stock": 0.5
        },
        "2022-07-26": {
            "cash": 6,
            "stock": 0.5
        },
        "2023-08-31": {
            "cash": 6.4,
            "stock": 0.2
        },
        "2024-03-27": {
            "cash": 6.5,
            "stock": 0.2
        }
    },
    "prices": {
        "200101": "無",
        "200102": "無",
        "200103": "無",
        "200104": "無",
        "200105": "無",
        "200106": "無",
        "200107": "無",
        "200108": "無",
        "200109": "無",
        "200110": "無",
        "200111": "無",
        "200112": "無",
        "200201": "無",
        "200202": "無",
        "200203": "無",
        "200204": "無",
        "200205": "無",
        "200206": "無",
        "200207": "無",
        "200208": "無",
        "200209": "無",
        "200210": "無",
        "200211": "無",
        "200212": "無",
        "200301": "無",
        "200302": "無",
        "200303": "無",
        "200304": "無",
        "200305": "無",
        "200306": "無",
        "200307": "無",
        "200308": "無",
        "200309": "無",
        "200310": "無",
        "200311": "無",
        "200312": "無",
        "200401": "無",
        "200402": "無",
        "200403": "無",
        "200404": "無",
        "200405": "無",
        "200406": "無",
        "200407": "無",
        "200408": "無",
        "200409": "無",
        "200410": "無",
        "200411": "無",
        "200412": "無",
        "200501": "無",
        "200502": "無",
        "200503": "無",
        "200504": "無",
        "200505": "無",
        "200506": "無",
        "200507": "無",
        "200508": "無",
        "200509": "無",
        "200510": "無",
        "200511": "無",
        "200512": "無",
        "200601": "無",
        "200602": "無",
        "200603": "無",
        "200604": "無",
        "200605": "無",
        "200606": "無",
        "200607": "無",
        "200608": "無",
        "200609": "無",
        "200610": "無",
        "200611": "無",
        "200612": "無",
        "200701": "無",
        "200702": "無",
        "200703": "無",
        "200704": "無",
        "200705": "無",
        "200706": "無",
        "200707": "無",
        "200708": "無",
        "200709": "無",
        "200710": "無",
        "200711": "無",
        "200712": "無",
        "200801": "無",
        "200802": "無",
        "200803": "無",
        "200804": "無",
        "200805": "無",
        "200806": "無",
        "200807": "無",
        "200808": "無",
        "200809": "無",
        "200810": "無",
        "200811": "無",
        "200812": "無",
        "200901": "無",
        "200902": "無",
        "200903": "無",
        "200904": "無",
        "200905": "無",
        "200906": "無",
        "200907": "無",
        "200908": "無",
        "200909": "無",
        "200910": "無",
        "200911": "無",
        "200912": "無",
        "201001": "無",
        "201002": "無",
        "201003": "無",
        "201004": "無",
        "201005": "無",
        "201006": "無",
        "201007": "無",
        "201008": "無",
        "201009": "無",
        "201010": "無",
        "201011": "無",
        "201012": "無",
        "201101": "無",
        "201102": "無",
        "201103": "無",
        "201104": "無",
        "201105": "無",
        "201106": "無",
        "201107": "32.83",
        "201108": "33.11",
        "201109": "29.97",
        "201110": "27.06",
        "201111": "27.72",
        "201112": "26.04",
        "201201": "30.78",
        "201202": "37.03",
        "201203": "42.30",
        "201204": "41.21",
        "201205": "44.81",
        "201206": "43.23",
        "201207": "46.55",
        "201208": "48.82",
        "201209": "51.65",
        "201210": "52.95",
        "201211": "56.04",
        "201212": "64.50",
        "201301": "70.07",
        "201302": "80.98",
        "201303": "83.08",
        "201304": "83.43",
        "201305": "92.21",
        "201306": "78.92",
        "201307": "70.76",
        "201308": "67.92",
        "201309": "69.58",
        "201310": "72.04",
        "201311": "72.94",
        "201312": "80.29",
        "201401": "77.45",
        "201402": "74.26",
        "201403": "72.14",
        "201404": "73.87",
        "201405": "72.73",
        "201406": "74.63",
        "201407": "77.04",
        "201408": "78.97",
        "201409": "77.80",
        "201410": "73.36",
        "201411": "76.37",
        "201412": "78.60",
        "201501": "76.01",
        "201502": "75.82",
        "201503": "78.61",
        "201504": "80.22",
        "201505": "79.70",
        "201506": "75.30",
        "201507": "71.53",
        "201508": "57.34",
        "201509": "52.82",
        "201510": "60.60",
        "201511": "58.99",
        "201512": "55.01",
        "201601": "51.65",
        "201602": "53.05",
        "201603": "56.54",
        "201604": "55.67",
        "201605": "50.54",
        "201606": "50.53",
        "201607": "54.33",
        "201608": "54.04",
        "201609": "55.25",
        "201610": "54.91",
        "201611": "53.74",
        "201612": "54.75",
        "201701": "55.58",
        "201702": "62.05",
        "201703": "70.04",
        "201704": "71.85",
        "201705": "78.85",
        "201706": "81.51",
        "201707": "85.95",
        "201708": "84.23",
        "201709": "78.07",
        "201710": "78.48",
        "201711": "84.32",
        "201712": "85.11",
        "201801": "94.98",
        "201802": "94.40",
        "201803": "101.62",
        "201804": "104.05",
        "201805": "108.16",
        "201806": "106.38",
        "201807": "99.81",
        "201808": "101.30",
        "201809": "104.78",
        "201810": "93.82",
        "201811": "93.58",
        "201812": "97.00",
        "201901": "106.59",
        "201902": "115.31",
        "201903": "119.25",
        "201904": "131.75",
        "201905": "120.73",
        "201906": "124.42",
        "201907": "136.20",
        "201908": "124.00",
        "201909": "128.21",
        "201910": "131.33",
        "201911": "140.02",
        "201912": "137.25",
        "202001": "137.80",
        "202002": "124.82",
        "202003": "98.28",
        "202004": "99.33",
        "202005": "113.88",
        "202006": "124.00",
        "202007": "125.07",
        "202008": "130.02",
        "202009": "130.27",
        "202010": "137.63",
        "202011": "158.14",
        "202012": "160.57",
        "202101": "166.85",
        "202102": "169.77",
        "202103": "183.82",
        "202104": "202.32",
        "202105": "200.55",
        "202106": "204.40",
        "202107": "215.59",
        "202108": "236.91",
        "202109": "258.32",
        "202110": "241.55",
        "202111": "254.05",
        "202112": "255.70",
        "202201": "259.58",
        "202202": "263.20",
        "202203": "246.22",
        "202204": "246.03",
        "202205": "212.98",
        "202206": "218.45",
        "202207": "194.02",
        "202208": "214.91",
        "202209": "192.21",
        "202210": "168.20",
        "202211": "178.43",
        "202212": "213.86",
        "202301": "227.08",
        "202302": "230.33",
        "202303": "230.13",
        "202304": "226.00",
        "202305": "215.73",
        "202306": "205.95",
        "202307": "206.50",
        "202308": "182.20",
        "202309": "179.12",
        "202310": "177.90",
        "202311": "179.18",
        "202312": "184.07",
        "202401": "182.61",
        "202402": "174.12",
        "202403": "174.02",
        "202404": "無"
    },
    "quarters": {
        "20011": {
            "year_quarter": 20011,
            "year": 2001,
            "quarter": 1,
            "eps": null,
            "eps_growth_year": null,
            "eps_4q": null,
            "eps_4q_growth_year": null,
            "roe": null,
            "roe_4q": 0,
            "gross_profit": null,
            "gross_margin": null,
            "gross_margin_4q_avg": 0,
            "net_income": null,
            "net_income_4q": null,
            "revenue": null,
            "revenue_4q": null,
            "common_shares": null,
            "book_valuer_per_share": null,
            "book_valuer_per_share_4q_avg": 0,
            "equity": null,
            "current_ratio": null,
            "debt_ratio": null,
            "inventory_turnover_ratio": null,
            "account_receivable_turnover_ratio": null,
            "reinvestment_rate": null,
            "research_to_sale_ratio": null,
            "price_fair": 0,
            "eps_avg_yearly": 0,
            "eps_latest_yearly": 0,
            "eps_growth_yearly": 0
        },
        "20012": {
            "year_quarter": 20012,
            "year": 2001,
            "quarter": 2,
            "eps": null,
            "eps_growth_year": null,
            "eps_4q": null,
            "eps_4q_growth_year": null,
            "roe": null,
            "roe_4q": 0,
            "gross_profit": null,
            "gross_margin": null,
            "gross_margin_4q_avg": 0,
            "net_income": null,
            "net_income_4q": null,
            "revenue": null,
            "revenue_4q": null,
            "common_shares": null,
            "book_valuer_per_share": null,
            "book_valuer_per_share_4q_avg": 0,
            "equity": null,
            "current_ratio": null,
            "debt_ratio": null,
            "inventory_turnover_ratio": null,
            "account_receivable_turnover_ratio": null,
            "reinvestment_rate": null,
            "research_to_sale_ratio": null,
            "price_fair": 0,
            "eps_avg_yearly": 0,
            "eps_latest_yearly": 0,
            "eps_growth_yearly": 0
        },
        "20013": {
            "year_quarter": 20013,
            "year": 2001,
            "quarter": 3,
            "eps": null,
            "eps_growth_year": null,
            "eps_4q": null,
            "eps_4q_growth_year": null,
            "roe": null,
            "roe_4q": 0,
            "gross_profit": null,
            "gross_margin": null,
            "gross_margin_4q_avg": 0,
            "net_income": null,
            "net_income_4q": null,
            "revenue": null,
            "revenue_4q": null,
            "common_shares": null,
            "book_valuer_per_share": null,
            "book_valuer_per_share_4q_avg": 0,
            "equity": null,
            "current_ratio": null,
            "debt_ratio": null,
            "inventory_turnover_ratio": null,
            "account_receivable_turnover_ratio": null,
            "reinvestment_rate": null,
            "research_to_sale_ratio": null,
            "price_fair": 0,
            "eps_avg_yearly": 0,
            "eps_latest_yearly": 0,
            "eps_growth_yearly": 0
        },
        "20014": {
            "year_quarter": 20014,
            "year": 2001,
            "quarter": 4,
            "eps": null,
            "eps_growth_year": null,
            "eps_4q": null,
            "eps_4q_growth_year": null,
            "roe": null,
            "roe_4q": 0,
            "gross_profit": null,
            "gross_margin": null,
            "gross_margin_4q_avg": 0,
            "net_income": null,
            "net_income_4q": null,
            "revenue": null,
            "revenue_4q": null,
            "common_shares": null,
            "book_valuer_per_share": null,
            "book_valuer_per_share_4q_avg": 0,
            "equity": null,
            "current_ratio": null,
            "debt_ratio": null,
            "inventory_turnover_ratio": null,
            "account_receivable_turnover_ratio": null,
            "reinvestment_rate": null,
            "research_to_sale_ratio": null,
            "price_fair": 0,
            "eps_avg_yearly": 0,
            "eps_latest_yearly": 0,
            "eps_growth_yearly": 0
        },
        "20021": {
            "year_quarter": 20021,
            "year": 2002,
            "quarter": 1,
            "eps": null,
            "eps_growth_year": null,
            "eps_4q": null,
            "eps_4q_growth_year": null,
            "roe": null,
            "roe_4q": 0,
            "gross_profit": null,
            "gross_margin": null,
            "gross_margin_4q_avg": 0,
            "net_income": null,
            "net_income_4q": null,
            "revenue": null,
            "revenue_4q": null,
            "common_shares": null,
            "book_valuer_per_share": null,
            "book_valuer_per_share_4q_avg": 0,
            "equity": null,
            "current_ratio": null,
            "debt_ratio": null,
            "inventory_turnover_ratio": null,
            "account_receivable_turnover_ratio": null,
            "reinvestment_rate": null,
            "research_to_sale_ratio": null,
            "price_fair": 0,
            "eps_avg_yearly": 0,
            "eps_latest_yearly": 0,
            "eps_growth_yearly": 0
        },
        "20022": {
            "year_quarter": 20022,
            "year": 2002,
            "quarter": 2,
            "eps": null,
            "eps_growth_year": null,
            "eps_4q": null,
            "eps_4q_growth_year": null,
            "roe": null,
            "roe_4q": 0,
            "gross_profit": null,
            "gross_margin": null,
            "gross_margin_4q_avg": 0,
            "net_income": null,
            "net_income_4q": null,
            "revenue": null,
            "revenue_4q": null,
            "common_shares": null,
            "book_valuer_per_share": null,
            "book_valuer_per_share_4q_avg": 0,
            "equity": null,
            "current_ratio": null,
            "debt_ratio": null,
            "inventory_turnover_ratio": null,
            "account_receivable_turnover_ratio": null,
            "reinvestment_rate": null,
            "research_to_sale_ratio": null,
            "price_fair": 0,
            "eps_avg_yearly": 0,
            "eps_latest_yearly": 0,
            "eps_growth_yearly": 0
        },
        "20023": {
            "year_quarter": 20023,
            "year": 2002,
            "quarter": 3,
            "eps": null,
            "eps_growth_year": null,
            "eps_4q": null,
            "eps_4q_growth_year": null,
            "roe": null,
            "roe_4q": 0,
            "gross_profit": null,
            "gross_margin": null,
            "gross_margin_4q_avg": 0,
            "net_income": null,
            "net_income_4q": null,
            "revenue": null,
            "revenue_4q": null,
            "common_shares": null,
            "book_valuer_per_share": null,
            "book_valuer_per_share_4q_avg": 0,
            "equity": null,
            "current_ratio": null,
            "debt_ratio": null,
            "inventory_turnover_ratio": null,
            "account_receivable_turnover_ratio": null,
            "reinvestment_rate": null,
            "research_to_sale_ratio": null,
            "price_fair": 0,
            "eps_avg_yearly": 0,
            "eps_latest_yearly": 0,
            "eps_growth_yearly": 0
        },
        "20024": {
            "year_quarter": 20024,
            "year": 2002,
            "quarter": 4,
            "eps": null,
            "eps_growth_year": null,
            "eps_4q": null,
            "eps_4q_growth_year": null,
            "roe": null,
            "roe_4q": 0,
            "gross_profit": null,
            "gross_margin": null,
            "gross_margin_4q_avg": 0,
            "net_income": null,
            "net_income_4q": null,
            "revenue": null,
            "revenue_4q": null,
            "common_shares": null,
            "book_valuer_per_share": null,
            "book_valuer_per_share_4q_avg": 0,
            "equity": null,
            "current_ratio": null,
            "debt_ratio": null,
            "inventory_turnover_ratio": null,
            "account_receivable_turnover_ratio": null,
            "reinvestment_rate": null,
            "research_to_sale_ratio": null,
            "price_fair": 0,
            "eps_avg_yearly": 0,
            "eps_latest_yearly": 0,
            "eps_growth_yearly": 0
        },
        "20031": {
            "year_quarter": 20031,
            "year": 2003,
            "quarter": 1,
            "eps": null,
            "eps_growth_year": null,
            "eps_4q": null,
            "eps_4q_growth_year": null,
            "roe": null,
            "roe_4q": 0,
            "gross_profit": null,
            "gross_margin": null,
            "gross_margin_4q_avg": 0,
            "net_income": null,
            "net_income_4q": null,
            "revenue": null,
            "revenue_4q": null,
            "common_shares": null,
            "book_valuer_per_share": null,
            "book_valuer_per_share_4q_avg": 0,
            "equity": null,
            "current_ratio": null,
            "debt_ratio": null,
            "inventory_turnover_ratio": null,
            "account_receivable_turnover_ratio": null,
            "reinvestment_rate": null,
            "research_to_sale_ratio": null,
            "price_fair": 0,
            "eps_avg_yearly": 0,
            "eps_latest_yearly": 0,
            "eps_growth_yearly": 0
        },
        "20032": {
            "year_quarter": 20032,
            "year": 2003,
            "quarter": 2,
            "eps": null,
            "eps_growth_year": null,
            "eps_4q": null,
            "eps_4q_growth_year": null,
            "roe": null,
            "roe_4q": 0,
            "gross_profit": null,
            "gross_margin": null,
            "gross_margin_4q_avg": 0,
            "net_income": null,
            "net_income_4q": null,
            "revenue": null,
            "revenue_4q": null,
            "common_shares": null,
            "book_valuer_per_share": null,
            "book_valuer_per_share_4q_avg": 0,
            "equity": null,
            "current_ratio": null,
            "debt_ratio": null,
            "inventory_turnover_ratio": null,
            "account_receivable_turnover_ratio": null,
            "reinvestment_rate": null,
            "research_to_sale_ratio": null,
            "price_fair": 0,
            "eps_avg_yearly": 0,
            "eps_latest_yearly": 0,
            "eps_growth_yearly": 0
        },
        "20033": {
            "year_quarter": 20033,
            "year": 2003,
            "quarter": 3,
            "eps": null,
            "eps_growth_year": null,
            "eps_4q": null,
            "eps_4q_growth_year": null,
            "roe": null,
            "roe_4q": 0,
            "gross_profit": null,
            "gross_margin": null,
            "gross_margin_4q_avg": 0,
            "net_income": null,
            "net_income_4q": null,
            "revenue": null,
            "revenue_4q": null,
            "common_shares": null,
            "book_valuer_per_share": null,
            "book_valuer_per_share_4q_avg": 0,
            "equity": null,
            "current_ratio": null,
            "debt_ratio": null,
            "inventory_turnover_ratio": null,
            "account_receivable_turnover_ratio": null,
            "reinvestment_rate": null,
            "research_to_sale_ratio": null,
            "price_fair": 0,
            "eps_avg_yearly": 0,
            "eps_latest_yearly": 0,
            "eps_growth_yearly": 0
        },
        "20034": {
            "year_quarter": 20034,
            "year": 2003,
            "quarter": 4,
            "eps": null,
            "eps_growth_year": null,
            "eps_4q": null,
            "eps_4q_growth_year": null,
            "roe": null,
            "roe_4q": 0,
            "gross_profit": null,
            "gross_margin": null,
            "gross_margin_4q_avg": 0,
            "net_income": null,
            "net_income_4q": null,
            "revenue": null,
            "revenue_4q": null,
            "common_shares": null,
            "book_valuer_per_share": null,
            "book_valuer_per_share_4q_avg": 0,
            "equity": null,
            "current_ratio": null,
            "debt_ratio": null,
            "inventory_turnover_ratio": null,
            "account_receivable_turnover_ratio": null,
            "reinvestment_rate": null,
            "research_to_sale_ratio": null,
            "price_fair": 0,
            "eps_avg_yearly": 0,
            "eps_latest_yearly": 0,
            "eps_growth_yearly": 0
        },
        "20041": {
            "year_quarter": 20041,
            "year": 2004,
            "quarter": 1,
            "eps": null,
            "eps_growth_year": null,
            "eps_4q": null,
            "eps_4q_growth_year": null,
            "roe": null,
            "roe_4q": 0,
            "gross_profit": null,
            "gross_margin": null,
            "gross_margin_4q_avg": 0,
            "net_income": null,
            "net_income_4q": null,
            "revenue": null,
            "revenue_4q": null,
            "common_shares": null,
            "book_valuer_per_share": null,
            "book_valuer_per_share_4q_avg": 0,
            "equity": null,
            "current_ratio": null,
            "debt_ratio": null,
            "inventory_turnover_ratio": null,
            "account_receivable_turnover_ratio": null,
            "reinvestment_rate": null,
            "research_to_sale_ratio": null,
            "price_fair": 0,
            "eps_avg_yearly": 0,
            "eps_latest_yearly": 0,
            "eps_growth_yearly": 0
        },
        "20042": {
            "year_quarter": 20042,
            "year": 2004,
            "quarter": 2,
            "eps": null,
            "eps_growth_year": null,
            "eps_4q": null,
            "eps_4q_growth_year": null,
            "roe": null,
            "roe_4q": 0,
            "gross_profit": null,
            "gross_margin": null,
            "gross_margin_4q_avg": 0,
            "net_income": null,
            "net_income_4q": null,
            "revenue": null,
            "revenue_4q": null,
            "common_shares": null,
            "book_valuer_per_share": null,
            "book_valuer_per_share_4q_avg": 0,
            "equity": null,
            "current_ratio": null,
            "debt_ratio": null,
            "inventory_turnover_ratio": null,
            "account_receivable_turnover_ratio": null,
            "reinvestment_rate": null,
            "research_to_sale_ratio": null,
            "price_fair": 0,
            "eps_avg_yearly": 0,
            "eps_latest_yearly": 0,
            "eps_growth_yearly": 0
        },
        "20043": {
            "year_quarter": 20043,
            "year": 2004,
            "quarter": 3,
            "eps": null,
            "eps_growth_year": null,
            "eps_4q": null,
            "eps_4q_growth_year": null,
            "roe": null,
            "roe_4q": 0,
            "gross_profit": null,
            "gross_margin": null,
            "gross_margin_4q_avg": 0,
            "net_income": null,
            "net_income_4q": null,
            "revenue": null,
            "revenue_4q": null,
            "common_shares": null,
            "book_valuer_per_share": null,
            "book_valuer_per_share_4q_avg": 0,
            "equity": null,
            "current_ratio": null,
            "debt_ratio": null,
            "inventory_turnover_ratio": null,
            "account_receivable_turnover_ratio": null,
            "reinvestment_rate": null,
            "research_to_sale_ratio": null,
            "price_fair": 0,
            "eps_avg_yearly": 0,
            "eps_latest_yearly": 0,
            "eps_growth_yearly": 0
        },
        "20044": {
            "year_quarter": 20044,
            "year": 2004,
            "quarter": 4,
            "eps": null,
            "eps_growth_year": null,
            "eps_4q": null,
            "eps_4q_growth_year": null,
            "roe": null,
            "roe_4q": 0,
            "gross_profit": null,
            "gross_margin": null,
            "gross_margin_4q_avg": 0,
            "net_income": null,
            "net_income_4q": null,
            "revenue": null,
            "revenue_4q": null,
            "common_shares": null,
            "book_valuer_per_share": null,
            "book_valuer_per_share_4q_avg": 0,
            "equity": null,
            "current_ratio": null,
            "debt_ratio": null,
            "inventory_turnover_ratio": null,
            "account_receivable_turnover_ratio": null,
            "reinvestment_rate": null,
            "research_to_sale_ratio": null,
            "price_fair": 0,
            "eps_avg_yearly": 0,
            "eps_latest_yearly": 0,
            "eps_growth_yearly": 0
        },
        "20051": {
            "year_quarter": 20051,
            "year": 2005,
            "quarter": 1,
            "eps": null,
            "eps_growth_year": null,
            "eps_4q": null,
            "eps_4q_growth_year": null,
            "roe": null,
            "roe_4q": 0,
            "gross_profit": null,
            "gross_margin": null,
            "gross_margin_4q_avg": 0,
            "net_income": null,
            "net_income_4q": null,
            "revenue": null,
            "revenue_4q": null,
            "common_shares": null,
            "book_valuer_per_share": null,
            "book_valuer_per_share_4q_avg": 0,
            "equity": null,
            "current_ratio": null,
            "debt_ratio": null,
            "inventory_turnover_ratio": null,
            "account_receivable_turnover_ratio": null,
            "reinvestment_rate": null,
            "research_to_sale_ratio": null,
            "price_fair": 0,
            "eps_avg_yearly": 0,
            "eps_latest_yearly": 0,
            "eps_growth_yearly": 0
        },
        "20052": {
            "year_quarter": 20052,
            "year": 2005,
            "quarter": 2,
            "eps": null,
            "eps_growth_year": null,
            "eps_4q": null,
            "eps_4q_growth_year": null,
            "roe": null,
            "roe_4q": 0,
            "gross_profit": null,
            "gross_margin": null,
            "gross_margin_4q_avg": 0,
            "net_income": null,
            "net_income_4q": null,
            "revenue": null,
            "revenue_4q": null,
            "common_shares": null,
            "book_valuer_per_share": null,
            "book_valuer_per_share_4q_avg": 0,
            "equity": null,
            "current_ratio": null,
            "debt_ratio": null,
            "inventory_turnover_ratio": null,
            "account_receivable_turnover_ratio": null,
            "reinvestment_rate": null,
            "research_to_sale_ratio": null,
            "price_fair": 0,
            "eps_avg_yearly": 0,
            "eps_latest_yearly": 0,
            "eps_growth_yearly": 0
        },
        "20053": {
            "year_quarter": 20053,
            "year": 2005,
            "quarter": 3,
            "eps": null,
            "eps_growth_year": null,
            "eps_4q": null,
            "eps_4q_growth_year": null,
            "roe": null,
            "roe_4q": 0,
            "gross_profit": null,
            "gross_margin": null,
            "gross_margin_4q_avg": 0,
            "net_income": null,
            "net_income_4q": null,
            "revenue": null,
            "revenue_4q": null,
            "common_shares": null,
            "book_valuer_per_share": null,
            "book_valuer_per_share_4q_avg": 0,
            "equity": null,
            "current_ratio": null,
            "debt_ratio": null,
            "inventory_turnover_ratio": null,
            "account_receivable_turnover_ratio": null,
            "reinvestment_rate": null,
            "research_to_sale_ratio": null,
            "price_fair": 0,
            "eps_avg_yearly": 0,
            "eps_latest_yearly": 0,
            "eps_growth_yearly": 0
        },
        "20054": {
            "year_quarter": 20054,
            "year": 2005,
            "quarter": 4,
            "eps": null,
            "eps_growth_year": null,
            "eps_4q": null,
            "eps_4q_growth_year": null,
            "roe": null,
            "roe_4q": 0,
            "gross_profit": null,
            "gross_margin": null,
            "gross_margin_4q_avg": 0,
            "net_income": null,
            "net_income_4q": null,
            "revenue": null,
            "revenue_4q": null,
            "common_shares": null,
            "book_valuer_per_share": null,
            "book_valuer_per_share_4q_avg": 0,
            "equity": null,
            "current_ratio": null,
            "debt_ratio": null,
            "inventory_turnover_ratio": null,
            "account_receivable_turnover_ratio": null,
            "reinvestment_rate": null,
            "research_to_sale_ratio": null,
            "price_fair": 0,
            "eps_avg_yearly": 0,
            "eps_latest_yearly": 0,
            "eps_growth_yearly": 0
        },
        "20061": {
            "year_quarter": 20061,
            "year": 2006,
            "quarter": 1,
            "eps": null,
            "eps_growth_year": null,
            "eps_4q": null,
            "eps_4q_growth_year": null,
            "roe": null,
            "roe_4q": 0,
            "gross_profit": null,
            "gross_margin": null,
            "gross_margin_4q_avg": 0,
            "net_income": null,
            "net_income_4q": null,
            "revenue": null,
            "revenue_4q": null,
            "common_shares": null,
            "book_valuer_per_share": null,
            "book_valuer_per_share_4q_avg": 0,
            "equity": null,
            "current_ratio": null,
            "debt_ratio": null,
            "inventory_turnover_ratio": null,
            "account_receivable_turnover_ratio": null,
            "reinvestment_rate": null,
            "research_to_sale_ratio": null,
            "price_fair": 0,
            "eps_avg_yearly": 0,
            "eps_latest_yearly": 0,
            "eps_growth_yearly": 0
        },
        "20062": {
            "year_quarter": 20062,
            "year": 2006,
            "quarter": 2,
            "eps": null,
            "eps_growth_year": null,
            "eps_4q": null,
            "eps_4q_growth_year": null,
            "roe": null,
            "roe_4q": 0,
            "gross_profit": null,
            "gross_margin": null,
            "gross_margin_4q_avg": 0,
            "net_income": null,
            "net_income_4q": null,
            "revenue": null,
            "revenue_4q": null,
            "common_shares": null,
            "book_valuer_per_share": null,
            "book_valuer_per_share_4q_avg": 0,
            "equity": null,
            "current_ratio": null,
            "debt_ratio": null,
            "inventory_turnover_ratio": null,
            "account_receivable_turnover_ratio": null,
            "reinvestment_rate": null,
            "research_to_sale_ratio": null,
            "price_fair": 0,
            "eps_avg_yearly": 0,
            "eps_latest_yearly": 0,
            "eps_growth_yearly": 0
        },
        "20063": {
            "year_quarter": 20063,
            "year": 2006,
            "quarter": 3,
            "eps": null,
            "eps_growth_year": null,
            "eps_4q": null,
            "eps_4q_growth_year": null,
            "roe": null,
            "roe_4q": 0,
            "gross_profit": null,
            "gross_margin": null,
            "gross_margin_4q_avg": 0,
            "net_income": null,
            "net_income_4q": null,
            "revenue": null,
            "revenue_4q": null,
            "common_shares": null,
            "book_valuer_per_share": null,
            "book_valuer_per_share_4q_avg": 0,
            "equity": null,
            "current_ratio": null,
            "debt_ratio": null,
            "inventory_turnover_ratio": null,
            "account_receivable_turnover_ratio": null,
            "reinvestment_rate": null,
            "research_to_sale_ratio": null,
            "price_fair": 0,
            "eps_avg_yearly": 0,
            "eps_latest_yearly": 0,
            "eps_growth_yearly": 0
        },
        "20064": {
            "year_quarter": 20064,
            "year": 2006,
            "quarter": 4,
            "eps": null,
            "eps_growth_year": null,
            "eps_4q": null,
            "eps_4q_growth_year": null,
            "roe": null,
            "roe_4q": 0,
            "gross_profit": null,
            "gross_margin": null,
            "gross_margin_4q_avg": 0,
            "net_income": null,
            "net_income_4q": null,
            "revenue": null,
            "revenue_4q": null,
            "common_shares": null,
            "book_valuer_per_share": null,
            "book_valuer_per_share_4q_avg": 0,
            "equity": null,
            "current_ratio": null,
            "debt_ratio": null,
            "inventory_turnover_ratio": null,
            "account_receivable_turnover_ratio": null,
            "reinvestment_rate": null,
            "research_to_sale_ratio": null,
            "price_fair": 0,
            "eps_avg_yearly": 0,
            "eps_latest_yearly": 0,
            "eps_growth_yearly": 0
        },
        "20071": {
            "year_quarter": 20071,
            "year": 2007,
            "quarter": 1,
            "eps": null,
            "eps_growth_year": null,
            "eps_4q": null,
            "eps_4q_growth_year": null,
            "roe": null,
            "roe_4q": 0,
            "gross_profit": null,
            "gross_margin": null,
            "gross_margin_4q_avg": 0,
            "net_income": null,
            "net_income_4q": null,
            "revenue": null,
            "revenue_4q": null,
            "common_shares": null,
            "book_valuer_per_share": null,
            "book_valuer_per_share_4q_avg": 0,
            "equity": null,
            "current_ratio": null,
            "debt_ratio": null,
            "inventory_turnover_ratio": null,
            "account_receivable_turnover_ratio": null,
            "reinvestment_rate": null,
            "research_to_sale_ratio": null,
            "price_fair": 0,
            "eps_avg_yearly": 0,
            "eps_latest_yearly": 0,
            "eps_growth_yearly": 0
        },
        "20072": {
            "year_quarter": 20072,
            "year": 2007,
            "quarter": 2,
            "eps": null,
            "eps_growth_year": null,
            "eps_4q": null,
            "eps_4q_growth_year": null,
            "roe": null,
            "roe_4q": 0,
            "gross_profit": null,
            "gross_margin": null,
            "gross_margin_4q_avg": 0,
            "net_income": null,
            "net_income_4q": null,
            "revenue": null,
            "revenue_4q": null,
            "common_shares": null,
            "book_valuer_per_share": null,
            "book_valuer_per_share_4q_avg": 0,
            "equity": null,
            "current_ratio": null,
            "debt_ratio": null,
            "inventory_turnover_ratio": null,
            "account_receivable_turnover_ratio": null,
            "reinvestment_rate": null,
            "research_to_sale_ratio": null,
            "price_fair": 0,
            "eps_avg_yearly": 0,
            "eps_latest_yearly": 0,
            "eps_growth_yearly": 0
        },
        "20073": {
            "year_quarter": 20073,
            "year": 2007,
            "quarter": 3,
            "eps": null,
            "eps_growth_year": null,
            "eps_4q": null,
            "eps_4q_growth_year": null,
            "roe": null,
            "roe_4q": 0,
            "gross_profit": null,
            "gross_margin": null,
            "gross_margin_4q_avg": 0,
            "net_income": null,
            "net_income_4q": null,
            "revenue": null,
            "revenue_4q": null,
            "common_shares": null,
            "book_valuer_per_share": null,
            "book_valuer_per_share_4q_avg": 0,
            "equity": null,
            "current_ratio": null,
            "debt_ratio": null,
            "inventory_turnover_ratio": null,
            "account_receivable_turnover_ratio": null,
            "reinvestment_rate": null,
            "research_to_sale_ratio": null,
            "price_fair": 0,
            "eps_avg_yearly": 0,
            "eps_latest_yearly": 0,
            "eps_growth_yearly": 0
        },
        "20074": {
            "year_quarter": 20074,
            "year": 2007,
            "quarter": 4,
            "eps": null,
            "eps_growth_year": null,
            "eps_4q": null,
            "eps_4q_growth_year": null,
            "roe": null,
            "roe_4q": 0,
            "gross_profit": null,
            "gross_margin": null,
            "gross_margin_4q_avg": 0,
            "net_income": null,
            "net_income_4q": null,
            "revenue": null,
            "revenue_4q": null,
            "common_shares": null,
            "book_valuer_per_share": null,
            "book_valuer_per_share_4q_avg": 0,
            "equity": null,
            "current_ratio": null,
            "debt_ratio": null,
            "inventory_turnover_ratio": null,
            "account_receivable_turnover_ratio": null,
            "reinvestment_rate": null,
            "research_to_sale_ratio": null,
            "price_fair": 0,
            "eps_avg_yearly": 0,
            "eps_latest_yearly": 0,
            "eps_growth_yearly": 0
        },
        "20081": {
            "year_quarter": 20081,
            "year": 2008,
            "quarter": 1,
            "eps": null,
            "eps_growth_year": null,
            "eps_4q": null,
            "eps_4q_growth_year": null,
            "roe": null,
            "roe_4q": 0,
            "gross_profit": null,
            "gross_margin": null,
            "gross_margin_4q_avg": 0,
            "net_income": null,
            "net_income_4q": null,
            "revenue": null,
            "revenue_4q": null,
            "common_shares": null,
            "book_valuer_per_share": null,
            "book_valuer_per_share_4q_avg": 0,
            "equity": null,
            "current_ratio": null,
            "debt_ratio": null,
            "inventory_turnover_ratio": null,
            "account_receivable_turnover_ratio": null,
            "reinvestment_rate": null,
            "research_to_sale_ratio": null,
            "price_fair": 0,
            "eps_avg_yearly": 0,
            "eps_latest_yearly": 0,
            "eps_growth_yearly": 0
        },
        "20082": {
            "year_quarter": 20082,
            "year": 2008,
            "quarter": 2,
            "eps": null,
            "eps_growth_year": null,
            "eps_4q": null,
            "eps_4q_growth_year": null,
            "roe": null,
            "roe_4q": 0,
            "gross_profit": null,
            "gross_margin": null,
            "gross_margin_4q_avg": 0,
            "net_income": null,
            "net_income_4q": null,
            "revenue": null,
            "revenue_4q": null,
            "common_shares": null,
            "book_valuer_per_share": null,
            "book_valuer_per_share_4q_avg": 0,
            "equity": null,
            "current_ratio": null,
            "debt_ratio": null,
            "inventory_turnover_ratio": null,
            "account_receivable_turnover_ratio": null,
            "reinvestment_rate": null,
            "research_to_sale_ratio": null,
            "price_fair": 0,
            "eps_avg_yearly": 0,
            "eps_latest_yearly": 0,
            "eps_growth_yearly": 0
        },
        "20083": {
            "year_quarter": 20083,
            "year": 2008,
            "quarter": 3,
            "eps": null,
            "eps_growth_year": null,
            "eps_4q": null,
            "eps_4q_growth_year": null,
            "roe": null,
            "roe_4q": 0,
            "gross_profit": null,
            "gross_margin": null,
            "gross_margin_4q_avg": 0,
            "net_income": null,
            "net_income_4q": null,
            "revenue": null,
            "revenue_4q": null,
            "common_shares": null,
            "book_valuer_per_share": null,
            "book_valuer_per_share_4q_avg": 0,
            "equity": null,
            "current_ratio": null,
            "debt_ratio": null,
            "inventory_turnover_ratio": null,
            "account_receivable_turnover_ratio": null,
            "reinvestment_rate": null,
            "research_to_sale_ratio": null,
            "price_fair": 0,
            "eps_avg_yearly": 0,
            "eps_latest_yearly": 0,
            "eps_growth_yearly": 0
        },
        "20084": {
            "year_quarter": 20084,
            "year": 2008,
            "quarter": 4,
            "eps": null,
            "eps_growth_year": null,
            "eps_4q": null,
            "eps_4q_growth_year": null,
            "roe": null,
            "roe_4q": 0,
            "gross_profit": null,
            "gross_margin": null,
            "gross_margin_4q_avg": 0,
            "net_income": null,
            "net_income_4q": null,
            "revenue": null,
            "revenue_4q": null,
            "common_shares": 8618072,
            "book_valuer_per_share": 14.63,
            "book_valuer_per_share_4q_avg": 3.66,
            "equity": 14754622,
            "current_ratio": 88.64,
            "debt_ratio": 83.34,
            "inventory_turnover_ratio": null,
            "account_receivable_turnover_ratio": null,
            "reinvestment_rate": null,
            "research_to_sale_ratio": null,
            "price_fair": 0,
            "eps_avg_yearly": 0,
            "eps_latest_yearly": 0,
            "eps_growth_yearly": 0
        },
        "20091": {
            "year_quarter": 20091,
            "year": 2009,
            "quarter": 1,
            "eps": null,
            "eps_growth_year": null,
            "eps_4q": null,
            "eps_4q_growth_year": null,
            "roe": null,
            "roe_4q": 0,
            "gross_profit": null,
            "gross_margin": null,
            "gross_margin_4q_avg": 0,
            "net_income": null,
            "net_income_4q": null,
            "revenue": null,
            "revenue_4q": null,
            "common_shares": null,
            "book_valuer_per_share": null,
            "book_valuer_per_share_4q_avg": 3.66,
            "equity": null,
            "current_ratio": null,
            "debt_ratio": null,
            "inventory_turnover_ratio": null,
            "account_receivable_turnover_ratio": null,
            "reinvestment_rate": null,
            "research_to_sale_ratio": null,
            "price_fair": 0,
            "eps_avg_yearly": 0,
            "eps_latest_yearly": 0,
            "eps_growth_yearly": 0
        },
        "20092": {
            "year_quarter": 20092,
            "year": 2009,
            "quarter": 2,
            "eps": null,
            "eps_growth_year": null,
            "eps_4q": null,
            "eps_4q_growth_year": null,
            "roe": null,
            "roe_4q": 0,
            "gross_profit": null,
            "gross_margin": null,
            "gross_margin_4q_avg": 0,
            "net_income": null,
            "net_income_4q": null,
            "revenue": null,
            "revenue_4q": null,
            "common_shares": null,
            "book_valuer_per_share": null,
            "book_valuer_per_share_4q_avg": 3.66,
            "equity": null,
            "current_ratio": null,
            "debt_ratio": null,
            "inventory_turnover_ratio": null,
            "account_receivable_turnover_ratio": null,
            "reinvestment_rate": null,
            "research_to_sale_ratio": null,
            "price_fair": 0,
            "eps_avg_yearly": 0,
            "eps_latest_yearly": 0,
            "eps_growth_yearly": 0
        },
        "20093": {
            "year_quarter": 20093,
            "year": 2009,
            "quarter": 3,
            "eps": null,
            "eps_growth_year": null,
            "eps_4q": null,
            "eps_4q_growth_year": null,
            "roe": null,
            "roe_4q": 0,
            "gross_profit": null,
            "gross_margin": null,
            "gross_margin_4q_avg": 0,
            "net_income": null,
            "net_income_4q": null,
            "revenue": null,
            "revenue_4q": null,
            "common_shares": null,
            "book_valuer_per_share": null,
            "book_valuer_per_share_4q_avg": 3.66,
            "equity": null,
            "current_ratio": null,
            "debt_ratio": null,
            "inventory_turnover_ratio": null,
            "account_receivable_turnover_ratio": null,
            "reinvestment_rate": null,
            "research_to_sale_ratio": null,
            "price_fair": 0,
            "eps_avg_yearly": 0,
            "eps_latest_yearly": 0,
            "eps_growth_yearly": 0
        },
        "20094": {
            "year_quarter": 20094,
            "year": 2009,
            "quarter": 4,
            "eps": null,
            "eps_growth_year": null,
            "eps_4q": null,
            "eps_4q_growth_year": null,
            "roe": null,
            "roe_4q": 0,
            "gross_profit": null,
            "gross_margin": null,
            "gross_margin_4q_avg": 0,
            "net_income": null,
            "net_income_4q": null,
            "revenue": null,
            "revenue_4q": null,
            "common_shares": 9159138,
            "book_valuer_per_share": 15.37,
            "book_valuer_per_share_4q_avg": 3.84,
            "equity": 15987010,
            "current_ratio": 92.2,
            "debt_ratio": 80.72,
            "inventory_turnover_ratio": null,
            "account_receivable_turnover_ratio": null,
            "reinvestment_rate": null,
            "research_to_sale_ratio": null,
            "price_fair": 0,
            "eps_avg_yearly": 0,
            "eps_latest_yearly": 0,
            "eps_growth_yearly": 0
        },
        "20101": {
            "year_quarter": 20101,
            "year": 2010,
            "quarter": 1,
            "eps": null,
            "eps_growth_year": null,
            "eps_4q": null,
            "eps_4q_growth_year": null,
            "roe": null,
            "roe_4q": 0,
            "gross_profit": 1494920,
            "gross_margin": null,
            "gross_margin_4q_avg": 0,
            "net_income": 549525,
            "net_income_4q": null,
            "revenue": 2959146,
            "revenue_4q": null,
            "common_shares": 9159138,
            "book_valuer_per_share": 15.88,
            "book_valuer_per_share_4q_avg": 7.81,
            "equity": 15728521,
            "current_ratio": 106.54,
            "debt_ratio": 79.56,
            "inventory_turnover_ratio": null,
            "account_receivable_turnover_ratio": null,
            "reinvestment_rate": null,
            "research_to_sale_ratio": null,
            "price_fair": 0,
            "eps_avg_yearly": 0,
            "eps_latest_yearly": 0,
            "eps_growth_yearly": 0
        },
        "20102": {
            "year_quarter": 20102,
            "year": 2010,
            "quarter": 2,
            "eps": null,
            "eps_growth_year": null,
            "eps_4q": null,
            "eps_4q_growth_year": null,
            "roe": null,
            "roe_4q": 0,
            "gross_profit": 1580907,
            "gross_margin": null,
            "gross_margin_4q_avg": 0,
            "net_income": 820316,
            "net_income_4q": null,
            "revenue": 3056543,
            "revenue_4q": null,
            "common_shares": 9159138,
            "book_valuer_per_share": 16.86,
            "book_valuer_per_share_4q_avg": 12.03,
            "equity": 16606289,
            "current_ratio": 101.99,
            "debt_ratio": 80.2,
            "inventory_turnover_ratio": null,
            "account_receivable_turnover_ratio": null,
            "reinvestment_rate": null,
            "research_to_sale_ratio": null,
            "price_fair": 0,
            "eps_avg_yearly": 0,
            "eps_latest_yearly": 0,
            "eps_growth_yearly": 0
        },
        "20103": {
            "year_quarter": 20103,
            "year": 2010,
            "quarter": 3,
            "eps": null,
            "eps_growth_year": null,
            "eps_4q": null,
            "eps_4q_growth_year": null,
            "roe": null,
            "roe_4q": 0,
            "gross_profit": 1628125,
            "gross_margin": null,
            "gross_margin_4q_avg": 0,
            "net_income": 425477,
            "net_income_4q": null,
            "revenue": 3344326,
            "revenue_4q": null,
            "common_shares": 6910684,
            "book_valuer_per_share": 17.14,
            "book_valuer_per_share_4q_avg": 16.31,
            "equity": 13095583,
            "current_ratio": 92.42,
            "debt_ratio": 84.77,
            "inventory_turnover_ratio": null,
            "account_receivable_turnover_ratio": null,
            "reinvestment_rate": null,
            "research_to_sale_ratio": null,
            "price_fair": 0,
            "eps_avg_yearly": 0,
            "eps_latest_yearly": 0,
            "eps_growth_yearly": 0
        },
        "20104": {
            "year_quarter": 20104,
            "year": 2010,
            "quarter": 4,
            "eps": null,
            "eps_growth_year": null,
            "eps_4q": null,
            "eps_4q_growth_year": null,
            "roe": null,
            "roe_4q": 0,
            "gross_profit": 1648383,
            "gross_margin": null,
            "gross_margin_4q_avg": 0,
            "net_income": 522558,
            "net_income_4q": null,
            "revenue": 3563781,
            "revenue_4q": null,
            "common_shares": 6910684,
            "book_valuer_per_share": 17.4,
            "book_valuer_per_share_4q_avg": 16.82,
            "equity": 13252852,
            "current_ratio": 98.74,
            "debt_ratio": 85.76,
            "inventory_turnover_ratio": null,
            "account_receivable_turnover_ratio": null,
            "reinvestment_rate": null,
            "research_to_sale_ratio": null,
            "price_fair": 0,
            "eps_avg_yearly": 0,
            "eps_latest_yearly": 0,
            "eps_growth_yearly": 0
        },
        "20111": {
            "year_quarter": 20111,
            "year": 2011,
            "quarter": 1,
            "eps": null,
            "eps_growth_year": null,
            "eps_4q": null,
            "eps_4q_growth_year": null,
            "roe": null,
            "roe_4q": 0,
            "gross_profit": 1800309,
            "gross_margin": null,
            "gross_margin_4q_avg": 0,
            "net_income": 519306,
            "net_income_4q": null,
            "revenue": 3582905,
            "revenue_4q": null,
            "common_shares": 6910684,
            "book_valuer_per_share": 17.54,
            "book_valuer_per_share_4q_avg": 17.24,
            "equity": 13395937,
            "current_ratio": 104.64,
            "debt_ratio": 87.57,
            "inventory_turnover_ratio": null,
            "account_receivable_turnover_ratio": null,
            "reinvestment_rate": null,
            "research_to_sale_ratio": null,
            "price_fair": 0,
            "eps_avg_yearly": 0,
            "eps_latest_yearly": 0,
            "eps_growth_yearly": 0
        },
        "20112": {
            "year_quarter": 20112,
            "year": 2011,
            "quarter": 2,
            "eps": 0.93,
            "eps_growth_year": null,
            "eps_4q": 0.93,
            "eps_4q_growth_year": null,
            "roe": 5.01,
            "roe_4q": 5.01,
            "gross_profit": 1980175,
            "gross_margin": 49.78,
            "gross_margin_4q_avg": 12.45,
            "net_income": 702086,
            "net_income_4q": null,
            "revenue": 3978136,
            "revenue_4q": null,
            "common_shares": 7553004,
            "book_valuer_per_share": 17.84,
            "book_valuer_per_share_4q_avg": 17.48,
            "equity": 14630918,
            "current_ratio": 101.64,
            "debt_ratio": 87.48,
            "inventory_turnover_ratio": 3.66,
            "account_receivable_turnover_ratio": 0.14,
            "reinvestment_rate": null,
            "research_to_sale_ratio": null,
            "price_fair": 0,
            "eps_avg_yearly": 0,
            "eps_latest_yearly": 0,
            "eps_growth_yearly": 0
        },
        "20113": {
            "year_quarter": 20113,
            "year": 2011,
            "quarter": 3,
            "eps": 0.92,
            "eps_growth_year": null,
            "eps_4q": 1.85,
            "eps_4q_growth_year": null,
            "roe": 4.93,
            "roe_4q": 9.94,
            "gross_profit": 2372316,
            "gross_margin": 54,
            "gross_margin_4q_avg": 25.95,
            "net_income": 754530,
            "net_income_4q": null,
            "revenue": 4393281,
            "revenue_4q": null,
            "common_shares": 7553004,
            "book_valuer_per_share": 19.48,
            "book_valuer_per_share_4q_avg": 18.07,
            "equity": 15983569,
            "current_ratio": 111.8,
            "debt_ratio": 87.75,
            "inventory_turnover_ratio": 3.6,
            "account_receivable_turnover_ratio": 0.07,
            "reinvestment_rate": null,
            "research_to_sale_ratio": null,
            "price_fair": 11.04,
            "eps_avg_yearly": 3.68,
            "eps_latest_yearly": 3.68,
            "eps_growth_yearly": -4.3
        },
        "20114": {
            "year_quarter": 20114,
            "year": 2011,
            "quarter": 4,
            "eps": 0.8,
            "eps_growth_year": null,
            "eps_4q": 2.58,
            "eps_4q_growth_year": null,
            "roe": 3.96,
            "roe_4q": 13.9,
            "gross_profit": 2502853,
            "gross_margin": 51.98,
            "gross_margin_4q_avg": 38.94,
            "net_income": 660716,
            "net_income_4q": null,
            "revenue": 4815228,
            "revenue_4q": null,
            "common_shares": 7853004,
            "book_valuer_per_share": 20.47,
            "book_valuer_per_share_4q_avg": 18.83,
            "equity": 17356419,
            "current_ratio": 112.53,
            "debt_ratio": 87.21,
            "inventory_turnover_ratio": 3.82,
            "account_receivable_turnover_ratio": 0.07,
            "reinvestment_rate": null,
            "research_to_sale_ratio": null,
            "price_fair": 10.32,
            "eps_avg_yearly": 3.44,
            "eps_latest_yearly": 3.2,
            "eps_growth_yearly": -28.24
        },
        "20121": {
            "year_quarter": 20121,
            "year": 2012,
            "quarter": 1,
            "eps": 1.01,
            "eps_growth_year": null,
            "eps_4q": 3.6,
            "eps_4q_growth_year": null,
            "roe": 4.81,
            "roe_4q": 18.71,
            "gross_profit": 2658803,
            "gross_margin": 55.84,
            "gross_margin_4q_avg": 52.9,
            "net_income": 845552,
            "net_income_4q": null,
            "revenue": 4761318,
            "revenue_4q": null,
            "common_shares": 7853004,
            "book_valuer_per_share": 21.19,
            "book_valuer_per_share_4q_avg": 19.75,
            "equity": 17768099,
            "current_ratio": 134.79,
            "debt_ratio": 87.03,
            "inventory_turnover_ratio": 3.14,
            "account_receivable_turnover_ratio": 0.07,
            "reinvestment_rate": null,
            "research_to_sale_ratio": null,
            "price_fair": 95.28,
            "eps_avg_yearly": 3.64,
            "eps_latest_yearly": 4.04,
            "eps_growth_yearly": 16.18
        },
        "20122": {
            "year_quarter": 20122,
            "year": 2012,
            "quarter": 2,
            "eps": 1.32,
            "eps_growth_year": 41.59,
            "eps_4q": 4.02,
            "eps_4q_growth_year": 332.36,
            "roe": 6.2,
            "roe_4q": 19.9,
            "gross_profit": 3047226,
            "gross_margin": 57.41,
            "gross_margin_4q_avg": 54.81,
            "net_income": 1092144,
            "net_income_4q": null,
            "revenue": 5307385,
            "revenue_4q": null,
            "common_shares": 7853004,
            "book_valuer_per_share": 20.23,
            "book_valuer_per_share_4q_avg": 20.34,
            "equity": 17474677,
            "current_ratio": 132.47,
            "debt_ratio": 88.15,
            "inventory_turnover_ratio": 3.07,
            "account_receivable_turnover_ratio": 0.07,
            "reinvestment_rate": null,
            "research_to_sale_ratio": null,
            "price_fair": 141.75,
            "eps_avg_yearly": 4.05,
            "eps_latest_yearly": 5.28,
            "eps_growth_yearly": 42.82
        },
        "20123": {
            "year_quarter": 20123,
            "year": 2012,
            "quarter": 3,
            "eps": 1.58,
            "eps_growth_year": 71.36,
            "eps_4q": 4.71,
            "eps_4q_growth_year": 154.46,
            "roe": 7.24,
            "roe_4q": 22.21,
            "gross_profit": 3181519,
            "gross_margin": 56.72,
            "gross_margin_4q_avg": 55.49,
            "net_income": 1310916,
            "net_income_4q": null,
            "revenue": 5608738,
            "revenue_4q": null,
            "common_shares": 7853004,
            "book_valuer_per_share": 21.72,
            "book_valuer_per_share_4q_avg": 20.9,
            "equity": 18741747,
            "current_ratio": 114.82,
            "debt_ratio": 87.83,
            "inventory_turnover_ratio": 3,
            "account_receivable_turnover_ratio": 0.07,
            "reinvestment_rate": null,
            "research_to_sale_ratio": null,
            "price_fair": 157.64,
            "eps_avg_yearly": 4.5,
            "eps_latest_yearly": 6.32,
            "eps_growth_yearly": 50.02
        },
        "20124": {
            "year_quarter": 20124,
            "year": 2012,
            "quarter": 4,
            "eps": 1.18,
            "eps_growth_year": 47.43,
            "eps_4q": 4.57,
            "eps_4q_growth_year": 77.12,
            "roe": 5.12,
            "roe_4q": 23.369999999999997,
            "gross_profit": 3517231,
            "gross_margin": 54.89,
            "gross_margin_4q_avg": 56.22,
            "net_income": 1140897,
            "net_income_4q": null,
            "revenue": 6407817,
            "revenue_4q": null,
            "common_shares": 9053004,
            "book_valuer_per_share": 26.62,
            "book_valuer_per_share_4q_avg": 22.44,
            "equity": 25852977,
            "current_ratio": 110.59,
            "debt_ratio": 84.5,
            "inventory_turnover_ratio": 3.18,
            "account_receivable_turnover_ratio": 0.08,
            "reinvestment_rate": null,
            "research_to_sale_ratio": null,
            "price_fair": 158.01,
            "eps_avg_yearly": 4.54,
            "eps_latest_yearly": 4.72,
            "eps_growth_yearly": 24.8
        },
        "20131": {
            "year_quarter": 20131,
            "year": 2013,
            "quarter": 1,
            "eps": 1.53,
            "eps_growth_year": 51.49,
            "eps_4q": 5.23,
            "eps_4q_growth_year": 45.28,
            "roe": 5.53,
            "roe_4q": 24.09,
            "gross_profit": 3724300,
            "gross_margin": 57.4,
            "gross_margin_4q_avg": 56.61,
            "net_income": 1464875,
            "net_income_4q": null,
            "revenue": 6488830,
            "revenue_4q": null,
            "common_shares": 9053004,
            "book_valuer_per_share": 27.84,
            "book_valuer_per_share_4q_avg": 24.1,
            "equity": 27157697,
            "current_ratio": 110.26,
            "debt_ratio": 84.56,
            "inventory_turnover_ratio": 3.09,
            "account_receivable_turnover_ratio": 0.06,
            "reinvestment_rate": null,
            "research_to_sale_ratio": null,
            "price_fair": 166.8,
            "eps_avg_yearly": 4.77,
            "eps_latest_yearly": 6.12,
            "eps_growth_yearly": 38.21
        },
        "20132": {
            "year_quarter": 20132,
            "year": 2013,
            "quarter": 2,
            "eps": 1.64,
            "eps_growth_year": 24.61,
            "eps_4q": 5.2,
            "eps_4q_growth_year": 29.42,
            "roe": 5.82,
            "roe_4q": 23.71,
            "gross_profit": 4141439,
            "gross_margin": 59.17,
            "gross_margin_4q_avg": 57.05,
            "net_income": 1567398,
            "net_income_4q": null,
            "revenue": 6998967,
            "revenue_4q": null,
            "common_shares": 9053004,
            "book_valuer_per_share": 27.6,
            "book_valuer_per_share_4q_avg": 25.95,
            "equity": 26750199,
            "current_ratio": 113.33,
            "debt_ratio": 85.29,
            "inventory_turnover_ratio": 3.36,
            "account_receivable_turnover_ratio": 0.06,
            "reinvestment_rate": null,
            "research_to_sale_ratio": null,
            "price_fair": 174.65,
            "eps_avg_yearly": 4.99,
            "eps_latest_yearly": 6.56,
            "eps_growth_yearly": 37.03
        },
        "20133": {
            "year_quarter": 20133,
            "year": 2013,
            "quarter": 3,
            "eps": 1.41,
            "eps_growth_year": -10.8,
            "eps_4q": 5.37,
            "eps_4q_growth_year": 13.94,
            "roe": 5.41,
            "roe_4q": 21.880000000000003,
            "gross_profit": 4274693,
            "gross_margin": 57.51,
            "gross_margin_4q_avg": 57.24,
            "net_income": 1489917,
            "net_income_4q": null,
            "revenue": 7432371,
            "revenue_4q": null,
            "common_shares": 9958304,
            "book_valuer_per_share": 26.66,
            "book_valuer_per_share_4q_avg": 27.18,
            "equity": 28349774,
            "current_ratio": 116.2,
            "debt_ratio": 84.67,
            "inventory_turnover_ratio": 3.48,
            "account_receivable_turnover_ratio": 0.06,
            "reinvestment_rate": null,
            "research_to_sale_ratio": null,
            "price_fair": 177.18,
            "eps_avg_yearly": 5.06,
            "eps_latest_yearly": 5.64,
            "eps_growth_yearly": 26.68
        },
        "20134": {
            "year_quarter": 20134,
            "year": 2013,
            "quarter": 4,
            "eps": 1.61,
            "eps_growth_year": 36.48,
            "eps_4q": 5.91,
            "eps_4q_growth_year": 29.15,
            "roe": 5.73,
            "roe_4q": 22.490000000000002,
            "gross_profit": 4903962,
            "gross_margin": 51.67,
            "gross_margin_4q_avg": 56.44,
            "net_income": 1685798,
            "net_income_4q": null,
            "revenue": 9491512,
            "revenue_4q": null,
            "common_shares": 9958304,
            "book_valuer_per_share": 28.74,
            "book_valuer_per_share_4q_avg": 27.71,
            "equity": 30441193,
            "current_ratio": 118.05,
            "debt_ratio": 84.45,
            "inventory_turnover_ratio": 6.11,
            "account_receivable_turnover_ratio": 0.07,
            "reinvestment_rate": 56.67,
            "research_to_sale_ratio": null,
            "price_fair": 182,
            "eps_avg_yearly": 5.2,
            "eps_latest_yearly": 6.44,
            "eps_growth_yearly": 29.69
        },
        "20141": {
            "year_quarter": 20141,
            "year": 2014,
            "quarter": 1,
            "eps": 1.57,
            "eps_growth_year": 2.61,
            "eps_4q": 6.08,
            "eps_4q_growth_year": 16.43,
            "roe": 5.24,
            "roe_4q": 22.200000000000003,
            "gross_profit": 4730426,
            "gross_margin": 56,
            "gross_margin_4q_avg": 56.09,
            "net_income": 1637803,
            "net_income_4q": null,
            "revenue": 8446924,
            "revenue_4q": null,
            "common_shares": 9958304,
            "book_valuer_per_share": 30.28,
            "book_valuer_per_share_4q_avg": 28.32,
            "equity": 32109455,
            "current_ratio": 112.2,
            "debt_ratio": 84.35,
            "inventory_turnover_ratio": 12.8,
            "account_receivable_turnover_ratio": 0.06,
            "reinvestment_rate": 2.97,
            "research_to_sale_ratio": null,
            "price_fair": 185.44,
            "eps_avg_yearly": 5.3,
            "eps_latest_yearly": 6.28,
            "eps_growth_yearly": 26.08
        },
        "20142": {
            "year_quarter": 20142,
            "year": 2014,
            "quarter": 2,
            "eps": 1.51,
            "eps_growth_year": -7.93,
            "eps_4q": 5.69,
            "eps_4q_growth_year": 9.4,
            "roe": 5.49,
            "roe_4q": 21.87,
            "gross_profit": 4820423,
            "gross_margin": 57.28,
            "gross_margin_4q_avg": 55.62,
            "net_income": 1739482,
            "net_income_4q": null,
            "revenue": 8415107,
            "revenue_4q": null,
            "common_shares": 9958304,
            "book_valuer_per_share": 29.54,
            "book_valuer_per_share_4q_avg": 28.81,
            "equity": 31289380,
            "current_ratio": 111.36,
            "debt_ratio": 85.18,
            "inventory_turnover_ratio": 538.97,
            "account_receivable_turnover_ratio": 0.06,
            "reinvestment_rate": -2.61,
            "research_to_sale_ratio": null,
            "price_fair": 174.93,
            "eps_avg_yearly": 5.36,
            "eps_latest_yearly": 6.04,
            "eps_growth_yearly": 22.64
        },
        "20143": {
            "year_quarter": 20143,
            "year": 2014,
            "quarter": 3,
            "eps": 1.74,
            "eps_growth_year": 23.4,
            "eps_4q": 6.14,
            "eps_4q_growth_year": 14.43,
            "roe": 6.11,
            "roe_4q": 22.570000000000004,
            "gross_profit": 5281501,
            "gross_margin": 58.49,
            "gross_margin_4q_avg": 55.86,
            "net_income": 1989212,
            "net_income_4q": null,
            "revenue": 9029376,
            "revenue_4q": null,
            "common_shares": 10954134,
            "book_valuer_per_share": 29.08,
            "book_valuer_per_share_4q_avg": 29.41,
            "equity": 33805337,
            "current_ratio": 120.4,
            "debt_ratio": 85.09,
            "inventory_turnover_ratio": 10863.41,
            "account_receivable_turnover_ratio": 0.06,
            "reinvestment_rate": -1.08,
            "research_to_sale_ratio": null,
            "price_fair": 191.91,
            "eps_avg_yearly": 5.48,
            "eps_latest_yearly": 6.96,
            "eps_growth_yearly": 25.58
        },
        "20144": {
            "year_quarter": 20144,
            "year": 2014,
            "quarter": 4,
            "eps": 1.55,
            "eps_growth_year": -3.72,
            "eps_4q": 6.23,
            "eps_4q_growth_year": 5.47,
            "roe": 5.09,
            "roe_4q": 21.93,
            "gross_profit": 5242031,
            "gross_margin": 60.52,
            "gross_margin_4q_avg": 58.07,
            "net_income": 1788272,
            "net_income_4q": null,
            "revenue": 8661267,
            "revenue_4q": null,
            "common_shares": 10954134,
            "book_valuer_per_share": 31.35,
            "book_valuer_per_share_4q_avg": 30.06,
            "equity": 36429081,
            "current_ratio": 121.41,
            "debt_ratio": 84.69,
            "inventory_turnover_ratio": 13201.68,
            "account_receivable_turnover_ratio": 0.05,
            "reinvestment_rate": 53.31,
            "research_to_sale_ratio": null,
            "price_fair": 169.54,
            "eps_avg_yearly": 5.53,
            "eps_latest_yearly": 6.2,
            "eps_growth_yearly": 20.63
        },
        "20151": {
            "year_quarter": 20151,
            "year": 2015,
            "quarter": 1,
            "eps": 1.56,
            "eps_growth_year": -0.64,
            "eps_4q": 6.37,
            "eps_4q_growth_year": 4.63,
            "roe": 4.82,
            "roe_4q": 21.509999999999998,
            "gross_profit": 5278166,
            "gross_margin": 62.07,
            "gross_margin_4q_avg": 59.59,
            "net_income": 1795176,
            "net_income_4q": null,
            "revenue": 8503049,
            "revenue_4q": null,
            "common_shares": 10954134,
            "book_valuer_per_share": 32.73,
            "book_valuer_per_share_4q_avg": 30.68,
            "equity": 38027942,
            "current_ratio": 124.68,
            "debt_ratio": 84.5,
            "inventory_turnover_ratio": 15579.14,
            "account_receivable_turnover_ratio": 0.05,
            "reinvestment_rate": 15.18,
            "research_to_sale_ratio": null,
            "price_fair": 164.26,
            "eps_avg_yearly": 5.58,
            "eps_latest_yearly": 6.24,
            "eps_growth_yearly": 19.43
        },
        "20152": {
            "year_quarter": 20152,
            "year": 2015,
            "quarter": 2,
            "eps": 1.5,
            "eps_growth_year": -0.66,
            "eps_4q": 6.16,
            "eps_4q_growth_year": 8.34,
            "roe": 4.83,
            "roe_4q": 20.85,
            "gross_profit": 5267803,
            "gross_margin": 57.94,
            "gross_margin_4q_avg": 59.76,
            "net_income": 1790061,
            "net_income_4q": null,
            "revenue": 9092260,
            "revenue_4q": null,
            "common_shares": 10954134,
            "book_valuer_per_share": 31.15,
            "book_valuer_per_share_4q_avg": 31.08,
            "equity": 36051671,
            "current_ratio": 114.42,
            "debt_ratio": 85.53,
            "inventory_turnover_ratio": 18475.64,
            "account_receivable_turnover_ratio": 0.05,
            "reinvestment_rate": 6.99,
            "research_to_sale_ratio": null,
            "price_fair": 152.83,
            "eps_avg_yearly": 5.61,
            "eps_latest_yearly": 6,
            "eps_growth_yearly": 17.26
        },
        "20153": {
            "year_quarter": 20153,
            "year": 2015,
            "quarter": 3,
            "eps": 1.52,
            "eps_growth_year": -12.64,
            "eps_4q": 6.01,
            "eps_4q_growth_year": -2.15,
            "roe": 4.85,
            "roe_4q": 19.59,
            "gross_profit": 5580845,
            "gross_margin": 59.92,
            "gross_margin_4q_avg": 60.11,
            "net_income": 1816211,
            "net_income_4q": null,
            "revenue": 9313672,
            "revenue_4q": null,
            "common_shares": 11392300,
            "book_valuer_per_share": 32.29,
            "book_valuer_per_share_4q_avg": 31.88,
            "equity": 38783092,
            "current_ratio": 115.74,
            "debt_ratio": 85.29,
            "inventory_turnover_ratio": 18032.98,
            "account_receivable_turnover_ratio": 0.05,
            "reinvestment_rate": 12.32,
            "research_to_sale_ratio": null,
            "price_fair": 160.39,
            "eps_avg_yearly": 5.76,
            "eps_latest_yearly": 6.08,
            "eps_growth_yearly": 17.86
        },
        "20154": {
            "year_quarter": 20154,
            "year": 2015,
            "quarter": 4,
            "eps": 1.51,
            "eps_growth_year": -3.03,
            "eps_4q": 6.02,
            "eps_4q_growth_year": -3.31,
            "roe": 4.55,
            "roe_4q": 19.049999999999997,
            "gross_profit": 5818571,
            "gross_margin": 58.66,
            "gross_margin_4q_avg": 59.65,
            "net_income": 1792485,
            "net_income_4q": null,
            "revenue": 9918999,
            "revenue_4q": null,
            "common_shares": 11392300,
            "book_valuer_per_share": 33.26,
            "book_valuer_per_share_4q_avg": 32.36,
            "equity": 40030539,
            "current_ratio": 113.98,
            "debt_ratio": 85.04,
            "inventory_turnover_ratio": 19808.83,
            "account_receivable_turnover_ratio": 0.05,
            "reinvestment_rate": 13.15,
            "research_to_sale_ratio": null,
            "price_fair": 183.71,
            "eps_avg_yearly": 5.94,
            "eps_latest_yearly": 6.04,
            "eps_growth_yearly": 20.95
        },
        "20161": {
            "year_quarter": 20161,
            "year": 2016,
            "quarter": 1,
            "eps": 1.42,
            "eps_growth_year": -8.97,
            "eps_4q": 5.95,
            "eps_4q_growth_year": -6.58,
            "roe": 4.17,
            "roe_4q": 18.4,
            "gross_profit": 5524226,
            "gross_margin": 62.98,
            "gross_margin_4q_avg": 59.88,
            "net_income": 1703617,
            "net_income_4q": null,
            "revenue": 8771600,
            "revenue_4q": null,
            "common_shares": 11392300,
            "book_valuer_per_share": 34.54,
            "book_valuer_per_share_4q_avg": 32.81,
            "equity": 41582801,
            "current_ratio": 113.77,
            "debt_ratio": 84.81,
            "inventory_turnover_ratio": 13391.23,
            "account_receivable_turnover_ratio": 0.05,
            "reinvestment_rate": 12.54,
            "research_to_sale_ratio": null,
            "price_fair": 138.27,
            "eps_avg_yearly": 6.04,
            "eps_latest_yearly": 5.68,
            "eps_growth_yearly": 12.9
        },
        "20162": {
            "year_quarter": 20162,
            "year": 2016,
            "quarter": 2,
            "eps": 1.68,
            "eps_growth_year": 12,
            "eps_4q": 6.12,
            "eps_4q_growth_year": -0.68,
            "roe": 4.96,
            "roe_4q": 18.53,
            "gross_profit": 5846590,
            "gross_margin": 61.16,
            "gross_margin_4q_avg": 60.68,
            "net_income": 1994082,
            "net_income_4q": null,
            "revenue": 9558912,
            "revenue_4q": null,
            "common_shares": 11392300,
            "book_valuer_per_share": 32.31,
            "book_valuer_per_share_4q_avg": 33.1,
            "equity": 38904741,
            "current_ratio": 113.3,
            "debt_ratio": 86.01,
            "inventory_turnover_ratio": 15308.54,
            "account_receivable_turnover_ratio": 0.05,
            "reinvestment_rate": 11.34,
            "research_to_sale_ratio": null,
            "price_fair": 121.36,
            "eps_avg_yearly": 6.13,
            "eps_latest_yearly": 6.72,
            "eps_growth_yearly": 9.81
        },
        "20163": {
            "year_quarter": 20163,
            "year": 2016,
            "quarter": 3,
            "eps": 1.68,
            "eps_growth_year": 10.53,
            "eps_4q": 6.29,
            "eps_4q_growth_year": 4.63,
            "roe": 5.11,
            "roe_4q": 18.79,
            "gross_profit": 5974777,
            "gross_margin": 61.96,
            "gross_margin_4q_avg": 61.19,
            "net_income": 2012352,
            "net_income_4q": null,
            "revenue": 9642687,
            "revenue_4q": null,
            "common_shares": 11392300,
            "book_valuer_per_share": 33.18,
            "book_valuer_per_share_4q_avg": 33.32,
            "equity": 39929592,
            "current_ratio": 118.48,
            "debt_ratio": 85.75,
            "inventory_turnover_ratio": 17719.37,
            "account_receivable_turnover_ratio": 0.05,
            "reinvestment_rate": 10.79,
            "research_to_sale_ratio": null,
            "price_fair": 91.56,
            "eps_avg_yearly": 6.15,
            "eps_latest_yearly": 6.72,
            "eps_growth_yearly": 4.88
        },
        "20164": {
            "year_quarter": 20164,
            "year": 2016,
            "quarter": 4,
            "eps": 1.57,
            "eps_growth_year": 4.51,
            "eps_4q": 6.36,
            "eps_4q_growth_year": 5.54,
            "roe": 4.6,
            "roe_4q": 18.840000000000003,
            "gross_profit": 6330186,
            "gross_margin": 63.08,
            "gross_margin_4q_avg": 62.3,
            "net_income": 1874268,
            "net_income_4q": null,
            "revenue": 10034577,
            "revenue_4q": null,
            "common_shares": 11392300,
            "book_valuer_per_share": 34.51,
            "book_valuer_per_share_4q_avg": 33.64,
            "equity": 41508228,
            "current_ratio": 116.03,
            "debt_ratio": 85.49,
            "inventory_turnover_ratio": 17895.61,
            "account_receivable_turnover_ratio": 0.05,
            "reinvestment_rate": 14.84,
            "research_to_sale_ratio": null,
            "price_fair": 122.33,
            "eps_avg_yearly": 6.25,
            "eps_latest_yearly": 6.28,
            "eps_growth_yearly": 9.57
        },
        "20171": {
            "year_quarter": 20171,
            "year": 2017,
            "quarter": 1,
            "eps": 1.89,
            "eps_growth_year": 33.1,
            "eps_4q": 6.83,
            "eps_4q_growth_year": 14.81,
            "roe": 5.32,
            "roe_4q": 19.990000000000002,
            "gross_profit": 5905908,
            "gross_margin": 63.02,
            "gross_margin_4q_avg": 62.31,
            "net_income": 2238499,
            "net_income_4q": null,
            "revenue": 9371051,
            "revenue_4q": null,
            "common_shares": 11392300,
            "book_valuer_per_share": 35.44,
            "book_valuer_per_share_4q_avg": 33.86,
            "equity": 42676859,
            "current_ratio": 115.75,
            "debt_ratio": 84.94,
            "inventory_turnover_ratio": 16739.82,
            "account_receivable_turnover_ratio": 0.05,
            "reinvestment_rate": 13.42,
            "research_to_sale_ratio": null,
            "price_fair": 109.39,
            "eps_avg_yearly": 6.34,
            "eps_latest_yearly": 7.56,
            "eps_growth_yearly": 7.25
        },
        "20172": {
            "year_quarter": 20172,
            "year": 2017,
            "quarter": 2,
            "eps": 1.93,
            "eps_growth_year": 14.88,
            "eps_4q": 7.08,
            "eps_4q_growth_year": 15.6,
            "roe": 5.43,
            "roe_4q": 20.46,
            "gross_profit": 6088947,
            "gross_margin": 61.78,
            "gross_margin_4q_avg": 62.46,
            "net_income": 2277137,
            "net_income_4q": null,
            "revenue": 9856134,
            "revenue_4q": null,
            "common_shares": 11392300,
            "book_valuer_per_share": 34.18,
            "book_valuer_per_share_4q_avg": 34.33,
            "equity": 41138429,
            "current_ratio": 111.34,
            "debt_ratio": 85.94,
            "inventory_turnover_ratio": null,
            "account_receivable_turnover_ratio": 0.05,
            "reinvestment_rate": 15.34,
            "research_to_sale_ratio": null,
            "price_fair": 102.51,
            "eps_avg_yearly": 6.41,
            "eps_latest_yearly": 7.72,
            "eps_growth_yearly": 5.99
        },
        "20173": {
            "year_quarter": 20173,
            "year": 2017,
            "quarter": 3,
            "eps": 2.35,
            "eps_growth_year": 39.88,
            "eps_4q": 7.74,
            "eps_4q_growth_year": 23.12,
            "roe": 6.52,
            "roe_4q": 21.869999999999997,
            "gross_profit": 6562585,
            "gross_margin": 62,
            "gross_margin_4q_avg": 62.47,
            "net_income": 2776716,
            "net_income_4q": null,
            "revenue": 10585513,
            "revenue_4q": null,
            "common_shares": 11392300,
            "book_valuer_per_share": 36.65,
            "book_valuer_per_share_4q_avg": 35.2,
            "equity": 44090430,
            "current_ratio": 111.07,
            "debt_ratio": 85.86,
            "inventory_turnover_ratio": null,
            "account_receivable_turnover_ratio": 0.05,
            "reinvestment_rate": 11.15,
            "research_to_sale_ratio": null,
            "price_fair": 165.73,
            "eps_avg_yearly": 6.65,
            "eps_latest_yearly": 9.4,
            "eps_growth_yearly": 14.93
        },
        "20174": {
            "year_quarter": 20174,
            "year": 2017,
            "quarter": 4,
            "eps": 2.08,
            "eps_growth_year": 32.02,
            "eps_4q": 7.64,
            "eps_4q_growth_year": 20.14,
            "roe": 5.41,
            "roe_4q": 22.68,
            "gross_profit": 7151970,
            "gross_margin": 61.43,
            "gross_margin_4q_avg": 62.06,
            "net_income": 2711033,
            "net_income_4q": null,
            "revenue": 11642001,
            "revenue_4q": null,
            "common_shares": 12642300,
            "book_valuer_per_share": 42.45,
            "book_valuer_per_share_4q_avg": 37.18,
            "equity": 56163821,
            "current_ratio": 118.12,
            "debt_ratio": 82.85,
            "inventory_turnover_ratio": null,
            "account_receivable_turnover_ratio": 0.05,
            "reinvestment_rate": 8.33,
            "research_to_sale_ratio": null,
            "price_fair": 125.24,
            "eps_avg_yearly": 6.77,
            "eps_latest_yearly": 8.32,
            "eps_growth_yearly": 8.51
        },
        "20181": {
            "year_quarter": 20181,
            "year": 2018,
            "quarter": 1,
            "eps": 2.4,
            "eps_growth_year": 26.98,
            "eps_4q": 8.33,
            "eps_4q_growth_year": 22.03,
            "roe": 5.46,
            "roe_4q": 22.82,
            "gross_profit": 7284789,
            "gross_margin": 63.14,
            "gross_margin_4q_avg": 62.09,
            "net_income": 3149573,
            "net_income_4q": null,
            "revenue": 11538404,
            "revenue_4q": null,
            "common_shares": 12642300,
            "book_valuer_per_share": 44.81,
            "book_valuer_per_share_4q_avg": 39.52,
            "equity": 59306967,
            "current_ratio": 117.16,
            "debt_ratio": 82.56,
            "inventory_turnover_ratio": null,
            "account_receivable_turnover_ratio": 0.05,
            "reinvestment_rate": -0.75,
            "research_to_sale_ratio": null,
            "price_fair": 160.23,
            "eps_avg_yearly": 6.97,
            "eps_latest_yearly": 9.6,
            "eps_growth_yearly": 12.98
        },
        "20182": {
            "year_quarter": 20182,
            "year": 2018,
            "quarter": 2,
            "eps": 2.8,
            "eps_growth_year": 45.08,
            "eps_4q": 9.26,
            "eps_4q_growth_year": 30.88,
            "roe": 6.33,
            "roe_4q": 23.72,
            "gross_profit": 7843458,
            "gross_margin": 61.45,
            "gross_margin_4q_avg": 62.01,
            "net_income": 3711899,
            "net_income_4q": null,
            "revenue": 12763399,
            "revenue_4q": null,
            "common_shares": 12642300,
            "book_valuer_per_share": 43.86,
            "book_valuer_per_share_4q_avg": 41.94,
            "equity": 57928448,
            "current_ratio": 112.75,
            "debt_ratio": 83.89,
            "inventory_turnover_ratio": 104.92,
            "account_receivable_turnover_ratio": 0.06,
            "reinvestment_rate": 0.03,
            "research_to_sale_ratio": null,
            "price_fair": 205.01,
            "eps_avg_yearly": 7.3,
            "eps_latest_yearly": 11.2,
            "eps_growth_yearly": 18.1
        },
        "20183": {
            "year_quarter": 20183,
            "year": 2018,
            "quarter": 3,
            "eps": 2.63,
            "eps_growth_year": 11.91,
            "eps_4q": 9.82,
            "eps_4q_growth_year": 26.78,
            "roe": 5.93,
            "roe_4q": 23.13,
            "gross_profit": 8196507,
            "gross_margin": 64.66,
            "gross_margin_4q_avg": 62.67,
            "net_income": 3508880,
            "net_income_4q": null,
            "revenue": 12676730,
            "revenue_4q": null,
            "common_shares": 12895146,
            "book_valuer_per_share": 44.87,
            "book_valuer_per_share_4q_avg": 44,
            "equity": 60505831,
            "current_ratio": 113.29,
            "debt_ratio": 84.09,
            "inventory_turnover_ratio": 89.86,
            "account_receivable_turnover_ratio": 0.05,
            "reinvestment_rate": -1.92,
            "research_to_sale_ratio": null,
            "price_fair": 171.23,
            "eps_avg_yearly": 7.52,
            "eps_latest_yearly": 10.52,
            "eps_growth_yearly": 12.78
        },
        "20184": {
            "year_quarter": 20184,
            "year": 2018,
            "quarter": 4,
            "eps": 2.59,
            "eps_growth_year": 24.46,
            "eps_4q": 10.37,
            "eps_4q_growth_year": 35.73,
            "roe": 5.65,
            "roe_4q": 23.37,
            "gross_profit": 8655326,
            "gross_margin": 64.14,
            "gross_margin_4q_avg": 63.35,
            "net_income": 3522141,
            "net_income_4q": null,
            "revenue": 13494057,
            "revenue_4q": null,
            "common_shares": 12895146,
            "book_valuer_per_share": 47.47,
            "book_valuer_per_share_4q_avg": 45.25,
            "equity": 64063099,
            "current_ratio": 110.9,
            "debt_ratio": 84,
            "inventory_turnover_ratio": 183.18,
            "account_receivable_turnover_ratio": 0.05,
            "reinvestment_rate": -6.06,
            "research_to_sale_ratio": null,
            "price_fair": 195.42,
            "eps_avg_yearly": 7.78,
            "eps_latest_yearly": 10.36,
            "eps_growth_yearly": 15.13
        },
        "20191": {
            "year_quarter": 20191,
            "year": 2019,
            "quarter": 1,
            "eps": 2.78,
            "eps_growth_year": 15.83,
            "eps_4q": 10.79,
            "eps_4q_growth_year": 29.5,
            "roe": 5.57,
            "roe_4q": 23.479999999999997,
            "gross_profit": 7872467,
            "gross_margin": 61.05,
            "gross_margin_4q_avg": 62.83,
            "net_income": 3695419,
            "net_income_4q": null,
            "revenue": 12895725,
            "revenue_4q": null,
            "common_shares": 12895146,
            "book_valuer_per_share": 50.76,
            "book_valuer_per_share_4q_avg": 46.74,
            "equity": 68554636,
            "current_ratio": 110.73,
            "debt_ratio": 83.78,
            "inventory_turnover_ratio": 452.67,
            "account_receivable_turnover_ratio": 0.05,
            "reinvestment_rate": 38.69,
            "research_to_sale_ratio": null,
            "price_fair": 216.6,
            "eps_avg_yearly": 8.08,
            "eps_latest_yearly": 11.12,
            "eps_growth_yearly": 16.8
        },
        "20192": {
            "year_quarter": 20192,
            "year": 2019,
            "quarter": 2,
            "eps": 3.05,
            "eps_growth_year": 8.93,
            "eps_4q": 10.8,
            "eps_4q_growth_year": 16.62,
            "roe": 6.14,
            "roe_4q": 23.29,
            "gross_profit": 8625723,
            "gross_margin": 59.19,
            "gross_margin_4q_avg": 62.26,
            "net_income": 4160074,
            "net_income_4q": null,
            "revenue": 14573877,
            "revenue_4q": null,
            "common_shares": 12895146,
            "book_valuer_per_share": 49.46,
            "book_valuer_per_share_4q_avg": 48.14,
            "equity": 66873329,
            "current_ratio": 114.87,
            "debt_ratio": 84.87,
            "inventory_turnover_ratio": 536.01,
            "account_receivable_turnover_ratio": 0.05,
            "reinvestment_rate": 40.91,
            "research_to_sale_ratio": null,
            "price_fair": 255.7,
            "eps_avg_yearly": 8.47,
            "eps_latest_yearly": 12.2,
            "eps_growth_yearly": 20.19
        },
        "20193": {
            "year_quarter": 20193,
            "year": 2019,
            "quarter": 3,
            "eps": 2.91,
            "eps_growth_year": 10.65,
            "eps_4q": 11.15,
            "eps_4q_growth_year": 13.61,
            "roe": 5.89,
            "roe_4q": 23.25,
            "gross_profit": 9290154,
            "gross_margin": 60.78,
            "gross_margin_4q_avg": 61.29,
            "net_income": 4037187,
            "net_income_4q": null,
            "revenue": 15284735,
            "revenue_4q": null,
            "common_shares": 13282000,
            "book_valuer_per_share": 49.98,
            "book_valuer_per_share_4q_avg": 49.42,
            "equity": 70266164,
            "current_ratio": 113.45,
            "debt_ratio": 84.76,
            "inventory_turnover_ratio": null,
            "account_receivable_turnover_ratio": 0.05,
            "reinvestment_rate": 42.98,
            "research_to_sale_ratio": null,
            "price_fair": 253.13,
            "eps_avg_yearly": 8.82,
            "eps_latest_yearly": 11.64,
            "eps_growth_yearly": 18.71
        },
        "20194": {
            "year_quarter": 20194,
            "year": 2019,
            "quarter": 4,
            "eps": 3,
            "eps_growth_year": 16.1,
            "eps_4q": 11.65,
            "eps_4q_growth_year": 12.33,
            "roe": 5.83,
            "roe_4q": 23.43,
            "gross_profit": 9855836,
            "gross_margin": 60.18,
            "gross_margin_4q_avg": 60.3,
            "net_income": 4204879,
            "net_income_4q": null,
            "revenue": 16377895,
            "revenue_4q": null,
            "common_shares": 13282000,
            "book_valuer_per_share": 52.52,
            "book_valuer_per_share_4q_avg": 50.68,
            "equity": 73938020,
            "current_ratio": 113.18,
            "debt_ratio": 85.13,
            "inventory_turnover_ratio": null,
            "account_receivable_turnover_ratio": 0.05,
            "reinvestment_rate": 46.65,
            "research_to_sale_ratio": null,
            "price_fair": 272.44,
            "eps_avg_yearly": 9.19,
            "eps_latest_yearly": 12,
            "eps_growth_yearly": 19.65
        },
        "20201": {
            "year_quarter": 20201,
            "year": 2020,
            "quarter": 1,
            "eps": 2.95,
            "eps_growth_year": 6.12,
            "eps_4q": 11.91,
            "eps_4q_growth_year": 10.34,
            "roe": 5.45,
            "roe_4q": 23.310000000000002,
            "gross_profit": 9954503,
            "gross_margin": 71.4,
            "gross_margin_4q_avg": 62.89,
            "net_income": 4100047,
            "net_income_4q": null,
            "revenue": 13942517,
            "revenue_4q": null,
            "common_shares": 13282000,
            "book_valuer_per_share": 54.53,
            "book_valuer_per_share_4q_avg": 51.62,
            "equity": 76574752,
            "current_ratio": 112.59,
            "debt_ratio": 85.13,
            "inventory_turnover_ratio": null,
            "account_receivable_turnover_ratio": 0.04,
            "reinvestment_rate": 49.91,
            "research_to_sale_ratio": null,
            "price_fair": 294.06,
            "eps_avg_yearly": 9.57,
            "eps_latest_yearly": 11.8,
            "eps_growth_yearly": 20.72
        },
        "20202": {
            "year_quarter": 20202,
            "year": 2020,
            "quarter": 2,
            "eps": 2.87,
            "eps_growth_year": -5.9,
            "eps_4q": 11.39,
            "eps_4q_growth_year": 5.46,
            "roe": 5.48,
            "roe_4q": 22.65,
            "gross_profit": 10166778,
            "gross_margin": 71.1,
            "gross_margin_4q_avg": 65.87,
            "net_income": 4135849,
            "net_income_4q": null,
            "revenue": 14298920,
            "revenue_4q": null,
            "common_shares": 13813280,
            "book_valuer_per_share": 50.85,
            "book_valuer_per_share_4q_avg": 51.97,
            "equity": 74302898,
            "current_ratio": 109.66,
            "debt_ratio": 85.92,
            "inventory_turnover_ratio": null,
            "account_receivable_turnover_ratio": 0.04,
            "reinvestment_rate": 52.96,
            "research_to_sale_ratio": null,
            "price_fair": 251.33,
            "eps_avg_yearly": 9.87,
            "eps_latest_yearly": 11.48,
            "eps_growth_yearly": 15.46
        },
        "20203": {
            "year_quarter": 20203,
            "year": 2020,
            "quarter": 3,
            "eps": 3.25,
            "eps_growth_year": 11.68,
            "eps_4q": 11.85,
            "eps_4q_growth_year": 6.2,
            "roe": 5.5,
            "roe_4q": 22.259999999999998,
            "gross_profit": 11043808,
            "gross_margin": 71.91,
            "gross_margin_4q_avg": 68.65,
            "net_income": 4638362,
            "net_income_4q": null,
            "revenue": 15358284,
            "revenue_4q": null,
            "common_shares": 13813280,
            "book_valuer_per_share": 59.03,
            "book_valuer_per_share_4q_avg": 54.23,
            "equity": 94512908,
            "current_ratio": 114.94,
            "debt_ratio": 82.97,
            "inventory_turnover_ratio": null,
            "account_receivable_turnover_ratio": 0.05,
            "reinvestment_rate": 56.78,
            "research_to_sale_ratio": null,
            "price_fair": 295.29,
            "eps_avg_yearly": 10.26,
            "eps_latest_yearly": 13,
            "eps_growth_yearly": 18.77
        },
        "20204": {
            "year_quarter": 20204,
            "year": 2020,
            "quarter": 4,
            "eps": 3.24,
            "eps_growth_year": 8.07,
            "eps_4q": 12.2,
            "eps_4q_growth_year": 4.78,
            "roe": 4.8,
            "roe_4q": 21.23,
            "gross_profit": 11545645,
            "gross_margin": 72.71,
            "gross_margin_4q_avg": 71.78,
            "net_income": 4664163,
            "net_income_4q": null,
            "revenue": 15878038,
            "revenue_4q": null,
            "common_shares": 13813280,
            "book_valuer_per_share": 62.36,
            "book_valuer_per_share_4q_avg": 56.69,
            "equity": 99978870,
            "current_ratio": 116.46,
            "debt_ratio": 83.15,
            "inventory_turnover_ratio": null,
            "account_receivable_turnover_ratio": 0.04,
            "reinvestment_rate": 57.52,
            "research_to_sale_ratio": null,
            "price_fair": 323.96,
            "eps_avg_yearly": 10.68,
            "eps_latest_yearly": 12.96,
            "eps_growth_yearly": 20.33
        },
        "20211": {
            "year_quarter": 20211,
            "year": 2021,
            "quarter": 1,
            "eps": 3.6,
            "eps_growth_year": 22.03,
            "eps_4q": 12.96,
            "eps_4q_growth_year": 8.87,
            "roe": 5.09,
            "roe_4q": 20.87,
            "gross_profit": 12111027,
            "gross_margin": 72.27,
            "gross_margin_4q_avg": 72,
            "net_income": 5212704,
            "net_income_4q": null,
            "revenue": 16759022,
            "revenue_4q": null,
            "common_shares": 13813280,
            "book_valuer_per_share": 65.41,
            "book_valuer_per_share_4q_avg": 59.41,
            "equity": 104702223,
            "current_ratio": 118.44,
            "debt_ratio": 82.83,
            "inventory_turnover_ratio": null,
            "account_receivable_turnover_ratio": 0.04,
            "reinvestment_rate": 57.87,
            "research_to_sale_ratio": null,
            "price_fair": 311.19,
            "eps_avg_yearly": 11.11,
            "eps_latest_yearly": 14.4,
            "eps_growth_yearly": 18.02
        },
        "20212": {
            "year_quarter": 20212,
            "year": 2021,
            "quarter": 2,
            "eps": 3.68,
            "eps_growth_year": 28.22,
            "eps_4q": 13.42,
            "eps_4q_growth_year": 17.8,
            "roe": 5.55,
            "roe_4q": 20.94,
            "gross_profit": 12950950,
            "gross_margin": 73.17,
            "gross_margin_4q_avg": 72.52,
            "net_income": 5775431,
            "net_income_4q": null,
            "revenue": 17699117,
            "revenue_4q": null,
            "common_shares": 13813280,
            "book_valuer_per_share": 63.93,
            "book_valuer_per_share_4q_avg": 62.68,
            "equity": 103559946,
            "current_ratio": 119.75,
            "debt_ratio": 83.95,
            "inventory_turnover_ratio": null,
            "account_receivable_turnover_ratio": 0.05,
            "reinvestment_rate": 56.72,
            "research_to_sale_ratio": null,
            "price_fair": 323.75,
            "eps_avg_yearly": 11.55,
            "eps_latest_yearly": 14.72,
            "eps_growth_yearly": 18.04
        },
        "20213": {
            "year_quarter": 20213,
            "year": 2021,
            "quarter": 3,
            "eps": 3.82,
            "eps_growth_year": 17.54,
            "eps_4q": 14.14,
            "eps_4q_growth_year": 19.37,
            "roe": 5.46,
            "roe_4q": 20.900000000000002,
            "gross_profit": 13452624,
            "gross_margin": 73.47,
            "gross_margin_4q_avg": 72.91,
            "net_income": 5807996,
            "net_income_4q": null,
            "revenue": 18310864,
            "revenue_4q": null,
            "common_shares": 14503944,
            "book_valuer_per_share": 64.6,
            "book_valuer_per_share_4q_avg": 64.08,
            "equity": 109105861,
            "current_ratio": 117.45,
            "debt_ratio": 83.59,
            "inventory_turnover_ratio": null,
            "account_receivable_turnover_ratio": 0.05,
            "reinvestment_rate": 57.52,
            "research_to_sale_ratio": null,
            "price_fair": 280.58,
            "eps_avg_yearly": 11.91,
            "eps_latest_yearly": 15.28,
            "eps_growth_yearly": 13.55
        },
        "20214": {
            "year_quarter": 20214,
            "year": 2021,
            "quarter": 4,
            "eps": 3.87,
            "eps_growth_year": 19.36,
            "eps_4q": 14.92,
            "eps_4q_growth_year": 22.28,
            "roe": 5.23,
            "roe_4q": 21.330000000000002,
            "gross_profit": 14156833,
            "gross_margin": 73.01,
            "gross_margin_4q_avg": 72.98,
            "net_income": 5898669,
            "net_income_4q": null,
            "revenue": 19390551,
            "revenue_4q": null,
            "common_shares": 14503944,
            "book_valuer_per_share": 68.5,
            "book_valuer_per_share_4q_avg": 65.61,
            "equity": 116514263,
            "current_ratio": 120.73,
            "debt_ratio": 83.66,
            "inventory_turnover_ratio": null,
            "account_receivable_turnover_ratio": 0.05,
            "reinvestment_rate": 59.91,
            "research_to_sale_ratio": null,
            "price_fair": 330.66,
            "eps_avg_yearly": 12.36,
            "eps_latest_yearly": 15.48,
            "eps_growth_yearly": 16.75
        },
        "20221": {
            "year_quarter": 20221,
            "year": 2022,
            "quarter": 1,
            "eps": 4.94,
            "eps_growth_year": 37.22,
            "eps_4q": 16.44,
            "eps_4q_growth_year": 26.83,
            "roe": 6.17,
            "roe_4q": 22.41,
            "gross_profit": 14367733,
            "gross_margin": 72.11,
            "gross_margin_4q_avg": 72.94,
            "net_income": 7506772,
            "net_income_4q": null,
            "revenue": 19926045,
            "revenue_4q": null,
            "common_shares": 14503944,
            "book_valuer_per_share": 74.55,
            "book_valuer_per_share_4q_avg": 67.9,
            "equity": 127009809,
            "current_ratio": 119.84,
            "debt_ratio": 83.37,
            "inventory_turnover_ratio": null,
            "account_receivable_turnover_ratio": 0.05,
            "reinvestment_rate": 67.38,
            "research_to_sale_ratio": null,
            "price_fair": 387.49,
            "eps_avg_yearly": 13,
            "eps_latest_yearly": 19.76,
            "eps_growth_yearly": 19.82
        },
        "20222": {
            "year_quarter": 20222,
            "year": 2022,
            "quarter": 2,
            "eps": 4.17,
            "eps_growth_year": 13.32,
            "eps_4q": 16.57,
            "eps_4q_growth_year": 23.42,
            "roe": 5.76,
            "roe_4q": 22.62,
            "gross_profit": 15026998,
            "gross_margin": 70.99,
            "gross_margin_4q_avg": 72.4,
            "net_income": 7227268,
            "net_income_4q": null,
            "revenue": 21166887,
            "revenue_4q": null,
            "common_shares": 15229141,
            "book_valuer_per_share": 69.37,
            "book_valuer_per_share_4q_avg": 69.26,
            "equity": 123846580,
            "current_ratio": 118.39,
            "debt_ratio": 84.5,
            "inventory_turnover_ratio": null,
            "account_receivable_turnover_ratio": 0.05,
            "reinvestment_rate": 66.87,
            "research_to_sale_ratio": null,
            "price_fair": 290.16,
            "eps_avg_yearly": 13.34,
            "eps_latest_yearly": 16.68,
            "eps_growth_yearly": 11.76
        },
        "20223": {
            "year_quarter": 20223,
            "year": 2022,
            "quarter": 3,
            "eps": 4.44,
            "eps_growth_year": 16.23,
            "eps_4q": 16.87,
            "eps_4q_growth_year": 19.33,
            "roe": 5.43,
            "roe_4q": 22.59,
            "gross_profit": 15881274,
            "gross_margin": 71.19,
            "gross_margin_4q_avg": 71.83,
            "net_income": 7292515,
            "net_income_4q": null,
            "revenue": 22308578,
            "revenue_4q": null,
            "common_shares": 15829141,
            "book_valuer_per_share": 78.7,
            "book_valuer_per_share_4q_avg": 72.78,
            "equity": 144733937,
            "current_ratio": 124.04,
            "debt_ratio": 82.59,
            "inventory_turnover_ratio": null,
            "account_receivable_turnover_ratio": 0.05,
            "reinvestment_rate": 66.19,
            "research_to_sale_ratio": null,
            "price_fair": 343.26,
            "eps_avg_yearly": 13.79,
            "eps_latest_yearly": 17.76,
            "eps_growth_yearly": 14.89
        },
        "20224": {
            "year_quarter": 20224,
            "year": 2022,
            "quarter": 4,
            "eps": 3.87,
            "eps_growth_year": -0,
            "eps_4q": 17.2,
            "eps_4q_growth_year": 15.24,
            "roe": 4.37,
            "roe_4q": 21.73,
            "gross_profit": 15814758,
            "gross_margin": 68.15,
            "gross_margin_4q_avg": 70.61,
            "net_income": 6437648,
            "net_income_4q": null,
            "revenue": 23206655,
            "revenue_4q": null,
            "common_shares": 15829141,
            "book_valuer_per_share": 81.55,
            "book_valuer_per_share_4q_avg": 76.04,
            "equity": 150156747,
            "current_ratio": 126.62,
            "debt_ratio": 82.88,
            "inventory_turnover_ratio": null,
            "account_receivable_turnover_ratio": 0.05,
            "reinvestment_rate": 69.52,
            "research_to_sale_ratio": null,
            "price_fair": 311.3,
            "eps_avg_yearly": 14.11,
            "eps_latest_yearly": 15.48,
            "eps_growth_yearly": 12.06
        },
        "20231": {
            "year_quarter": 20231,
            "year": 2023,
            "quarter": 1,
            "eps": 4.35,
            "eps_growth_year": -11.94,
            "eps_4q": 17.02,
            "eps_4q_growth_year": 3.53,
            "roe": 4.69,
            "roe_4q": 20.25,
            "gross_profit": 15574057,
            "gross_margin": 67.3,
            "gross_margin_4q_avg": 69.41,
            "net_income": 7210323,
            "net_income_4q": null,
            "revenue": 23140368,
            "revenue_4q": null,
            "common_shares": 15829141,
            "book_valuer_per_share": 85.5,
            "book_valuer_per_share_4q_avg": 78.78,
            "equity": 157479891,
            "current_ratio": 126.62,
            "debt_ratio": 82.25,
            "inventory_turnover_ratio": null,
            "account_receivable_turnover_ratio": 0.05,
            "reinvestment_rate": 50.05,
            "research_to_sale_ratio": null,
            "price_fair": 338.33,
            "eps_avg_yearly": 14.5,
            "eps_latest_yearly": 17.4,
            "eps_growth_yearly": 13.33
        },
        "20232": {
            "year_quarter": 20232,
            "year": 2023,
            "quarter": 2,
            "eps": 3.47,
            "eps_growth_year": -16.79,
            "eps_4q": 16.23,
            "eps_4q_growth_year": -2.04,
            "roe": 4.18,
            "roe_4q": 18.67,
            "gross_profit": 16150201,
            "gross_margin": 66.91,
            "gross_margin_4q_avg": 68.39,
            "net_income": 6442473,
            "net_income_4q": null,
            "revenue": 24136607,
            "revenue_4q": null,
            "common_shares": 15829141,
            "book_valuer_per_share": 81.78,
            "book_valuer_per_share_4q_avg": 81.88,
            "equity": 150659979,
            "current_ratio": 122.69,
            "debt_ratio": 83.41,
            "inventory_turnover_ratio": null,
            "account_receivable_turnover_ratio": 0.05,
            "reinvestment_rate": 52.31,
            "research_to_sale_ratio": null,
            "price_fair": 231.44,
            "eps_avg_yearly": 14.61,
            "eps_latest_yearly": 13.88,
            "eps_growth_yearly": 5.84
        },
        "20233": {
            "year_quarter": 20233,
            "year": 2023,
            "quarter": 3,
            "eps": 3.86,
            "eps_growth_year": -13.06,
            "eps_4q": 15.75,
            "eps_4q_growth_year": -6.68,
            "roe": 4.19,
            "roe_4q": 17.430000000000003,
            "gross_profit": 16731474,
            "gross_margin": 66.43,
            "gross_margin_4q_avg": 67.2,
            "net_income": 6503333,
            "net_income_4q": null,
            "revenue": 25184908,
            "revenue_4q": null,
            "common_shares": 16145724,
            "book_valuer_per_share": 85.29,
            "book_valuer_per_share_4q_avg": 83.53,
            "equity": 159798252,
            "current_ratio": 119.02,
            "debt_ratio": 82.85,
            "inventory_turnover_ratio": null,
            "account_receivable_turnover_ratio": 0.05,
            "reinvestment_rate": 69.5,
            "research_to_sale_ratio": null,
            "price_fair": 293.95,
            "eps_avg_yearly": 14.85,
            "eps_latest_yearly": 15.44,
            "eps_growth_yearly": 9.8
        },
        "20234": {
            "year_quarter": 20234,
            "year": 2023,
            "quarter": 4,
            "eps": 3.55,
            "eps_growth_year": -8.21,
            "eps_4q": 15.5,
            "eps_4q_growth_year": -9.84,
            "roe": 3.64,
            "roe_4q": 16.7,
            "gross_profit": 16660200,
            "gross_margin": 66.47,
            "gross_margin_4q_avg": 66.78,
            "net_income": 5888575,
            "net_income_4q": null,
            "revenue": 25063627,
            "revenue_4q": null,
            "common_shares": 16145724,
            "book_valuer_per_share": 87.25,
            "book_valuer_per_share_4q_avg": 84.96,
            "equity": 163335798,
            "current_ratio": 117.42,
            "debt_ratio": 82.69,
            "inventory_turnover_ratio": null,
            "account_receivable_turnover_ratio": 0.05,
            "reinvestment_rate": 66.52,
            "research_to_sale_ratio": null,
            "price_fair": 255,
            "eps_avg_yearly": 14.98,
            "eps_latest_yearly": 14.2,
            "eps_growth_yearly": 7.02
        }
    },
    "months": {
        "2011-07": {
            "month": "2011-07",
            "price": "32.83",
            "revenue": 1472570
        },
        "2011-08": {
            "month": "2011-08",
            "price": "33.11",
            "revenue": 1426807
        },
        "2011-09": {
            "month": "2011-09",
            "price": "29.97",
            "revenue": 1493903
        },
        "2011-10": {
            "month": "2011-10",
            "price": "27.06",
            "revenue": 1494819
        },
        "2011-11": {
            "month": "2011-11",
            "price": "27.72",
            "revenue": 1546644
        },
        "2011-12": {
            "month": "2011-12",
            "price": "26.04",
            "revenue": 1774053
        },
        "2012-01": {
            "month": "2012-01",
            "price": "30.78",
            "revenue": 1504769
        },
        "2012-02": {
            "month": "2012-02",
            "price": "37.03",
            "revenue": 1567796
        },
        "2012-03": {
            "month": "2012-03",
            "price": "42.30",
            "revenue": 1688753
        },
        "2012-04": {
            "month": "2012-04",
            "price": "41.21",
            "revenue": 1765157
        },
        "2012-05": {
            "month": "2012-05",
            "price": "44.81",
            "revenue": 1667548
        },
        "2012-06": {
            "month": "2012-06",
            "price": "43.23",
            "revenue": 1874680
        },
        "2012-07": {
            "month": "2012-07",
            "price": "46.55",
            "revenue": 1874428
        },
        "2012-08": {
            "month": "2012-08",
            "price": "48.82",
            "revenue": 1766708
        },
        "2012-09": {
            "month": "2012-09",
            "price": "51.65",
            "revenue": 1967602
        },
        "2012-10": {
            "month": "2012-10",
            "price": "52.95",
            "revenue": 1939196
        },
        "2012-11": {
            "month": "2012-11",
            "price": "56.04",
            "revenue": 2229659
        },
        "2012-12": {
            "month": "2012-12",
            "price": "64.50",
            "revenue": 2244158
        },
        "2013-01": {
            "month": "2013-01",
            "price": "70.07",
            "revenue": 2286818
        },
        "2013-02": {
            "month": "2013-02",
            "price": "80.98",
            "revenue": 1957827
        },
        "2013-03": {
            "month": "2013-03",
            "price": "83.08",
            "revenue": 2244185
        },
        "2013-04": {
            "month": "2013-04",
            "price": "83.43",
            "revenue": 2415284
        },
        "2013-05": {
            "month": "2013-05",
            "price": "92.21",
            "revenue": 2371129
        },
        "2013-06": {
            "month": "2013-06",
            "price": "78.92",
            "revenue": 2212554
        },
        "2013-07": {
            "month": "2013-07",
            "price": "70.76",
            "revenue": 2454501
        },
        "2013-08": {
            "month": "2013-08",
            "price": "67.92",
            "revenue": 2466863
        },
        "2013-09": {
            "month": "2013-09",
            "price": "69.58",
            "revenue": 2511007
        },
        "2013-10": {
            "month": "2013-10",
            "price": "72.04",
            "revenue": 2533716
        },
        "2013-11": {
            "month": "2013-11",
            "price": "72.94",
            "revenue": 3081338
        },
        "2013-12": {
            "month": "2013-12",
            "price": "80.29",
            "revenue": 3883747
        },
        "2014-01": {
            "month": "2014-01",
            "price": "77.45",
            "revenue": 3122243
        },
        "2014-02": {
            "month": "2014-02",
            "price": "74.26",
            "revenue": 2390177
        },
        "2014-03": {
            "month": "2014-03",
            "price": "72.14",
            "revenue": 2934504
        },
        "2014-04": {
            "month": "2014-04",
            "price": "73.87",
            "revenue": 2710479
        },
        "2014-05": {
            "month": "2014-05",
            "price": "72.73",
            "revenue": 2745356
        },
        "2014-06": {
            "month": "2014-06",
            "price": "74.63",
            "revenue": 2959272
        },
        "2014-07": {
            "month": "2014-07",
            "price": "77.04",
            "revenue": 3029583
        },
        "2014-08": {
            "month": "2014-08",
            "price": "78.97",
            "revenue": 2988903
        },
        "2014-09": {
            "month": "2014-09",
            "price": "77.80",
            "revenue": 3010890
        },
        "2014-10": {
            "month": "2014-10",
            "price": "73.36",
            "revenue": 2672435
        },
        "2014-11": {
            "month": "2014-11",
            "price": "76.37",
            "revenue": 3004990
        },
        "2014-12": {
            "month": "2014-12",
            "price": "78.60",
            "revenue": 2983842
        },
        "2015-01": {
            "month": "2015-01",
            "price": "76.01",
            "revenue": 2995508
        },
        "2015-02": {
            "month": "2015-02",
            "price": "75.82",
            "revenue": 2796757
        },
        "2015-03": {
            "month": "2015-03",
            "price": "78.61",
            "revenue": 2710784
        },
        "2015-04": {
            "month": "2015-04",
            "price": "80.22",
            "revenue": 2949121
        },
        "2015-05": {
            "month": "2015-05",
            "price": "79.70",
            "revenue": 2978556
        },
        "2015-06": {
            "month": "2015-06",
            "price": "75.30",
            "revenue": 3164583
        },
        "2015-07": {
            "month": "2015-07",
            "price": "71.53",
            "revenue": 3008928
        },
        "2015-08": {
            "month": "2015-08",
            "price": "57.34",
            "revenue": 3118251
        },
        "2015-09": {
            "month": "2015-09",
            "price": "52.82",
            "revenue": 3186493
        },
        "2015-10": {
            "month": "2015-10",
            "price": "60.60",
            "revenue": 2922208
        },
        "2015-11": {
            "month": "2015-11",
            "price": "58.99",
            "revenue": 3245095
        },
        "2015-12": {
            "month": "2015-12",
            "price": "55.01",
            "revenue": 3751696
        },
        "2016-01": {
            "month": "2016-01",
            "price": "51.65",
            "revenue": 3126422
        },
        "2016-02": {
            "month": "2016-02",
            "price": "53.05",
            "revenue": 2630473
        },
        "2016-03": {
            "month": "2016-03",
            "price": "56.54",
            "revenue": 3014705
        },
        "2016-04": {
            "month": "2016-04",
            "price": "55.67",
            "revenue": 2963769
        },
        "2016-05": {
            "month": "2016-05",
            "price": "50.54",
            "revenue": 3344779
        },
        "2016-06": {
            "month": "2016-06",
            "price": "50.53",
            "revenue": 3250364
        },
        "2016-07": {
            "month": "2016-07",
            "price": "54.33",
            "revenue": 3204509
        },
        "2016-08": {
            "month": "2016-08",
            "price": "54.04",
            "revenue": 3336224
        },
        "2016-09": {
            "month": "2016-09",
            "price": "55.25",
            "revenue": 3101954
        },
        "2016-10": {
            "month": "2016-10",
            "price": "54.91",
            "revenue": 3120869
        },
        "2016-11": {
            "month": "2016-11",
            "price": "53.74",
            "revenue": 3360684
        },
        "2016-12": {
            "month": "2016-12",
            "price": "54.75",
            "revenue": 3553024
        },
        "2017-01": {
            "month": "2017-01",
            "price": "55.58",
            "revenue": 3250169
        },
        "2017-02": {
            "month": "2017-02",
            "price": "62.05",
            "revenue": 2765078
        },
        "2017-03": {
            "month": "2017-03",
            "price": "70.04",
            "revenue": 3355804
        },
        "2017-04": {
            "month": "2017-04",
            "price": "71.85",
            "revenue": 3108965
        },
        "2017-05": {
            "month": "2017-05",
            "price": "78.85",
            "revenue": 3356261
        },
        "2017-06": {
            "month": "2017-06",
            "price": "81.51",
            "revenue": 3390908
        },
        "2017-07": {
            "month": "2017-07",
            "price": "85.95",
            "revenue": 3347392
        },
        "2017-08": {
            "month": "2017-08",
            "price": "84.23",
            "revenue": 3554860
        },
        "2017-09": {
            "month": "2017-09",
            "price": "78.07",
            "revenue": 3683261
        },
        "2017-10": {
            "month": "2017-10",
            "price": "78.48",
            "revenue": 3602499
        },
        "2017-11": {
            "month": "2017-11",
            "price": "84.32",
            "revenue": 4000748
        },
        "2017-12": {
            "month": "2017-12",
            "price": "85.11",
            "revenue": 4038754
        },
        "2018-01": {
            "month": "2018-01",
            "price": "94.98",
            "revenue": 3914570
        },
        "2018-02": {
            "month": "2018-02",
            "price": "94.40",
            "revenue": 3572705
        },
        "2018-03": {
            "month": "2018-03",
            "price": "101.62",
            "revenue": 4051129
        },
        "2018-04": {
            "month": "2018-04",
            "price": "104.05",
            "revenue": 4190820
        },
        "2018-05": {
            "month": "2018-05",
            "price": "108.16",
            "revenue": 4408015
        },
        "2018-06": {
            "month": "2018-06",
            "price": "106.38",
            "revenue": 4164564
        },
        "2018-07": {
            "month": "2018-07",
            "price": "99.81",
            "revenue": 4254342
        },
        "2018-08": {
            "month": "2018-08",
            "price": "101.30",
            "revenue": 4213581
        },
        "2018-09": {
            "month": "2018-09",
            "price": "104.78",
            "revenue": 4208807
        },
        "2018-10": {
            "month": "2018-10",
            "price": "93.82",
            "revenue": 4413131
        },
        "2018-11": {
            "month": "2018-11",
            "price": "93.58",
            "revenue": 4454471
        },
        "2018-12": {
            "month": "2018-12",
            "price": "97.00",
            "revenue": 4626455
        },
        "2019-01": {
            "month": "2019-01",
            "price": "106.59",
            "revenue": 4508661
        },
        "2019-02": {
            "month": "2019-02",
            "price": "115.31",
            "revenue": 3682943
        },
        "2019-03": {
            "month": "2019-03",
            "price": "119.25",
            "revenue": 4704121
        },
        "2019-04": {
            "month": "2019-04",
            "price": "131.75",
            "revenue": 4587632
        },
        "2019-05": {
            "month": "2019-05",
            "price": "120.73",
            "revenue": 5129151
        },
        "2019-06": {
            "month": "2019-06",
            "price": "124.42",
            "revenue": 4857094
        },
        "2019-07": {
            "month": "2019-07",
            "price": "136.20",
            "revenue": 5043384
        },
        "2019-08": {
            "month": "2019-08",
            "price": "124.00",
            "revenue": 5118161
        },
        "2019-09": {
            "month": "2019-09",
            "price": "128.21",
            "revenue": 5123190
        },
        "2019-10": {
            "month": "2019-10",
            "price": "131.33",
            "revenue": 5121112
        },
        "2019-11": {
            "month": "2019-11",
            "price": "140.02",
            "revenue": 5328761
        },
        "2019-12": {
            "month": "2019-12",
            "price": "137.25",
            "revenue": 5928022
        },
        "2020-01": {
            "month": "2020-01",
            "price": "137.80",
            "revenue": 4698781
        },
        "2020-02": {
            "month": "2020-02",
            "price": "124.82",
            "revenue": 4449447
        },
        "2020-03": {
            "month": "2020-03",
            "price": "98.28",
            "revenue": 4794289
        },
        "2020-04": {
            "month": "2020-04",
            "price": "99.33",
            "revenue": 4649401
        },
        "2020-05": {
            "month": "2020-05",
            "price": "113.88",
            "revenue": 4887681
        },
        "2020-06": {
            "month": "2020-06",
            "price": "124.00",
            "revenue": 4761838
        },
        "2020-07": {
            "month": "2020-07",
            "price": "125.07",
            "revenue": 5022954
        },
        "2020-08": {
            "month": "2020-08",
            "price": "130.02",
            "revenue": 5090631
        },
        "2020-09": {
            "month": "2020-09",
            "price": "130.27",
            "revenue": 5244699
        },
        "2020-10": {
            "month": "2020-10",
            "price": "137.63",
            "revenue": 5171035
        },
        "2020-11": {
            "month": "2020-11",
            "price": "158.14",
            "revenue": 5264522
        },
        "2020-12": {
            "month": "2020-12",
            "price": "160.57",
            "revenue": 5442481
        },
        "2021-01": {
            "month": "2021-01",
            "price": "166.85",
            "revenue": 5576642
        },
        "2021-02": {
            "month": "2021-02",
            "price": "169.77",
            "revenue": 5241236
        },
        "2021-03": {
            "month": "2021-03",
            "price": "183.82",
            "revenue": 5941144
        },
        "2021-04": {
            "month": "2021-04",
            "price": "202.32",
            "revenue": 5784845
        },
        "2021-05": {
            "month": "2021-05",
            "price": "200.55",
            "revenue": 5927575
        },
        "2021-06": {
            "month": "2021-06",
            "price": "204.40",
            "revenue": 5986697
        },
        "2021-07": {
            "month": "2021-07",
            "price": "215.59",
            "revenue": 6037563
        },
        "2021-08": {
            "month": "2021-08",
            "price": "236.91",
            "revenue": 6154446
        },
        "2021-09": {
            "month": "2021-09",
            "price": "258.32",
            "revenue": 6118855
        },
        "2021-10": {
            "month": "2021-10",
            "price": "241.55",
            "revenue": 6289000
        },
        "2021-11": {
            "month": "2021-11",
            "price": "254.05",
            "revenue": 6414190
        },
        "2021-12": {
            "month": "2021-12",
            "price": "255.70",
            "revenue": 6687361
        },
        "2022-01": {
            "month": "2022-01",
            "price": "259.58",
            "revenue": 6511733
        },
        "2022-02": {
            "month": "2022-02",
            "price": "263.20",
            "revenue": 6098541
        },
        "2022-03": {
            "month": "2022-03",
            "price": "246.22",
            "revenue": 7315771
        },
        "2022-04": {
            "month": "2022-04",
            "price": "246.03",
            "revenue": 6891709
        },
        "2022-05": {
            "month": "2022-05",
            "price": "212.98",
            "revenue": 7133132
        },
        "2022-06": {
            "month": "2022-06",
            "price": "218.45",
            "revenue": 7142046
        },
        "2022-07": {
            "month": "2022-07",
            "price": "194.02",
            "revenue": 7438078
        },
        "2022-08": {
            "month": "2022-08",
            "price": "214.91",
            "revenue": 7508424
        },
        "2022-09": {
            "month": "2022-09",
            "price": "192.21",
            "revenue": 7362076
        },
        "2022-10": {
            "month": "2022-10",
            "price": "168.20",
            "revenue": 7697074
        },
        "2022-11": {
            "month": "2022-11",
            "price": "178.43",
            "revenue": 7736574
        },
        "2022-12": {
            "month": "2022-12",
            "price": "213.86",
            "revenue": 7773007
        },
        "2023-01": {
            "month": "2023-01",
            "price": "227.08",
            "revenue": 7784015
        },
        "2023-02": {
            "month": "2023-02",
            "price": "230.33",
            "revenue": 7281701
        },
        "2023-03": {
            "month": "2023-03",
            "price": "230.13",
            "revenue": 8074652
        },
        "2023-04": {
            "month": "2023-04",
            "price": "226.00",
            "revenue": 7867445
        },
        "2023-05": {
            "month": "2023-05",
            "price": "215.73",
            "revenue": 8238182
        },
        "2023-06": {
            "month": "2023-06",
            "price": "205.95",
            "revenue": 8030980
        },
        "2023-07": {
            "month": "2023-07",
            "price": "206.50",
            "revenue": 8509552
        },
        "2023-08": {
            "month": "2023-08",
            "price": "182.20",
            "revenue": 8496493
        },
        "2023-09": {
            "month": "2023-09",
            "price": "179.12",
            "revenue": 8178863
        },
        "2023-10": {
            "month": "2023-10",
            "price": "177.90",
            "revenue": 8425309
        },
        "2023-11": {
            "month": "2023-11",
            "price": "179.18",
            "revenue": 8142075
        },
        "2023-12": {
            "month": "2023-12",
            "price": "184.07",
            "revenue": 8496243
        },
        "2024-01": {
            "month": "2024-01",
            "price": "182.61",
            "revenue": 8260251
        },
        "2024-02": {
            "month": "2024-02",
            "price": "174.12",
            "revenue": 7994960
        }
    }
}
