{
    "summary": {
        "stock_name": "台名",
        "stock_id": "5878",
        "category": "金融",
        "main_business": "人身保險經紀人<br>財產保險經紀人",
        "website_url": "http://www.tabc.com.tw",
        "ceo": "陳養國",
        "pe_ratio": 20,
        "report_year_from": 2011,
        "report_year_to": 2023,
        "age": 12,
        "eps_negative_percentage": 0,
        "eps_growth_avg": {
            "last_all": 0.09,
            "last_2y": -3.78,
            "last_4y": -6.45,
            "last_8y": null,
            "last_12y": null,
            "last_16y": null,
            "last_20y": null,
            "at_2006_last_3y": null,
            "at_2007_last_3y": null,
            "at_2008_last_3y": null,
            "at_2009_last_3y": null,
            "at_2010_last_3y": null,
            "at_2011_last_3y": null,
            "at_2012_last_3y": null,
            "at_2013_last_3y": null,
            "at_2014_last_3y": null,
            "at_2015_last_3y": null,
            "at_2016_last_3y": null,
            "at_2017_last_3y": null,
            "at_2018_last_3y": 4.34,
            "at_2019_last_3y": -2.27,
            "at_2020_last_3y": -0.42,
            "at_2021_last_3y": -5.05,
            "at_2022_last_3y": -4.17,
            "at_2023_last_3y": -4.17,
            "at_2006_last_all": null,
            "at_2007_last_all": null,
            "at_2008_last_all": null,
            "at_2009_last_all": null,
            "at_2010_last_all": null,
            "at_2011_last_all": null,
            "at_2012_last_all": null,
            "at_2013_last_all": null,
            "at_2014_last_all": null,
            "at_2015_last_all": null,
            "at_2016_last_all": 14.12,
            "at_2017_last_all": 10.98,
            "at_2018_last_all": 4.34,
            "at_2019_last_all": 2.41,
            "at_2020_last_all": 4.43,
            "at_2021_last_all": 1.82,
            "at_2022_last_all": 0.09,
            "at_2023_last_all": 0.09
        },
        "latest_eps": 2.46,
        "latest_price": 48.45,
        "latest_roe": 11.49,
        "latest_gross_margin": 17.72,
        "latest_equity": 492985,
        "latest_revenue": 169891,
        "latest_gross_profit": 30109,
        "latest_net_income": 7703,
        "latest_debt_ratio": 36.59,
        "latest_current_ratio": 190.13,
        "latest_account_receivable_turnover_ratio": 2.16,
        "latest_inventory_turnover_ratio": null,
        "latest_reinvestment_rate": -0.58,
        "latest_research_to_sale_ratio": null
    },
    "eps_dividends": {
        "2001": {
            "cash": 0,
            "stock": 0,
            "eps": 0
        },
        "2002": {
            "cash": 0,
            "stock": 0,
            "eps": 0
        },
        "2003": {
            "cash": 0,
            "stock": 0,
            "eps": 0
        },
        "2004": {
            "cash": 0,
            "stock": 0,
            "eps": 0
        },
        "2005": {
            "cash": 0,
            "stock": 0,
            "eps": 0
        },
        "2006": {
            "cash": 0,
            "stock": 0,
            "eps": 0
        },
        "2007": {
            "cash": 0,
            "stock": 0,
            "eps": 0
        },
        "2008": {
            "cash": 0,
            "stock": 0,
            "eps": 0
        },
        "2009": {
            "cash": 0,
            "stock": 0,
            "eps": 0
        },
        "2010": {
            "cash": 0,
            "stock": 0,
            "eps": 0
        },
        "2011": {
            "cash": 0,
            "stock": 0,
            "eps": 0
        },
        "2012": {
            "cash": 0,
            "stock": 0,
            "eps": 0
        },
        "2013": {
            "cash": 0,
            "stock": 0,
            "eps": 0
        },
        "2014": {
            "cash": 3,
            "stock": 0,
            "eps": 2.79
        },
        "2015": {
            "cash": 1,
            "stock": 2.6,
            "eps": 3.38
        },
        "2016": {
            "cash": 3,
            "stock": 0,
            "eps": 3.62
        },
        "2017": {
            "cash": 3.2,
            "stock": 0,
            "eps": 3.79
        },
        "2018": {
            "cash": 3.2,
            "stock": 0,
            "eps": 3.2
        },
        "2019": {
            "cash": 2.75,
            "stock": 0,
            "eps": 3.03
        },
        "2020": {
            "cash": 3,
            "stock": 0,
            "eps": 3.47
        },
        "2021": {
            "cash": 3.2,
            "stock": 0,
            "eps": 2.99
        },
        "2022": {
            "cash": 3,
            "stock": 0,
            "eps": 2.63
        },
        "2023": {
            "cash": 2.7,
            "stock": 0,
            "eps": 0.31
        }
    },
    "dividends": {
        "2014-05-14": {
            "cash": 3,
            "stock": 0
        },
        "2015-07-14": {
            "cash": 1,
            "stock": 2.6
        },
        "2016-07-18": {
            "cash": 3,
            "stock": 0
        },
        "2017-07-19": {
            "cash": 3.2,
            "stock": 0
        },
        "2018-07-13": {
            "cash": 3.2,
            "stock": 0
        },
        "2019-07-04": {
            "cash": 2.75,
            "stock": 0
        },
        "2020-07-03": {
            "cash": 3,
            "stock": 0
        },
        "2021-07-30": {
            "cash": 3.2,
            "stock": 0
        },
        "2022-06-28": {
            "cash": 3,
            "stock": 0
        },
        "2023-06-30": {
            "cash": 2.7,
            "stock": 0
        }
    },
    "prices": {
        "200101": "無",
        "200102": "無",
        "200103": "無",
        "200104": "無",
        "200105": "無",
        "200106": "無",
        "200107": "無",
        "200108": "無",
        "200109": "無",
        "200110": "無",
        "200111": "無",
        "200112": "無",
        "200201": "無",
        "200202": "無",
        "200203": "無",
        "200204": "無",
        "200205": "無",
        "200206": "無",
        "200207": "無",
        "200208": "無",
        "200209": "無",
        "200210": "無",
        "200211": "無",
        "200212": "無",
        "200301": "無",
        "200302": "無",
        "200303": "無",
        "200304": "無",
        "200305": "無",
        "200306": "無",
        "200307": "無",
        "200308": "無",
        "200309": "無",
        "200310": "無",
        "200311": "無",
        "200312": "無",
        "200401": "無",
        "200402": "無",
        "200403": "無",
        "200404": "無",
        "200405": "無",
        "200406": "無",
        "200407": "無",
        "200408": "無",
        "200409": "無",
        "200410": "無",
        "200411": "無",
        "200412": "無",
        "200501": "無",
        "200502": "無",
        "200503": "無",
        "200504": "無",
        "200505": "無",
        "200506": "無",
        "200507": "無",
        "200508": "無",
        "200509": "無",
        "200510": "無",
        "200511": "無",
        "200512": "無",
        "200601": "無",
        "200602": "無",
        "200603": "無",
        "200604": "無",
        "200605": "無",
        "200606": "無",
        "200607": "無",
        "200608": "無",
        "200609": "無",
        "200610": "無",
        "200611": "無",
        "200612": "無",
        "200701": "無",
        "200702": "無",
        "200703": "無",
        "200704": "無",
        "200705": "無",
        "200706": "無",
        "200707": "無",
        "200708": "無",
        "200709": "無",
        "200710": "無",
        "200711": "無",
        "200712": "無",
        "200801": "無",
        "200802": "無",
        "200803": "無",
        "200804": "無",
        "200805": "無",
        "200806": "無",
        "200807": "無",
        "200808": "無",
        "200809": "無",
        "200810": "無",
        "200811": "無",
        "200812": "無",
        "200901": "無",
        "200902": "無",
        "200903": "無",
        "200904": "無",
        "200905": "無",
        "200906": "無",
        "200907": "無",
        "200908": "無",
        "200909": "無",
        "200910": "無",
        "200911": "無",
        "200912": "無",
        "201001": "無",
        "201002": "無",
        "201003": "無",
        "201004": "無",
        "201005": "無",
        "201006": "無",
        "201007": "無",
        "201008": "無",
        "201009": "無",
        "201010": "無",
        "201011": "無",
        "201012": "無",
        "201101": "無",
        "201102": "無",
        "201103": "無",
        "201104": "無",
        "201105": "無",
        "201106": "無",
        "201107": "無",
        "201108": "無",
        "201109": "無",
        "201110": "無",
        "201111": "無",
        "201112": "無",
        "201201": "無",
        "201202": "無",
        "201203": "無",
        "201204": "無",
        "201205": "無",
        "201206": "無",
        "201207": "無",
        "201208": "無",
        "201209": "無",
        "201210": "無",
        "201211": "無",
        "201212": "無",
        "201301": "無",
        "201302": "無",
        "201303": "無",
        "201304": "無",
        "201305": "無",
        "201306": "無",
        "201307": "無",
        "201308": "無",
        "201309": "無",
        "201310": "無",
        "201311": "34.58",
        "201312": "34.61",
        "201401": "35.51",
        "201402": "41.98",
        "201403": "49.15",
        "201404": "50.85",
        "201405": "55.33",
        "201406": "64.53",
        "201407": "64.89",
        "201408": "63.91",
        "201409": "61.59",
        "201410": "45.94",
        "201411": "45.57",
        "201412": "45.39",
        "201501": "45.92",
        "201502": "47.55",
        "201503": "47.99",
        "201504": "49.49",
        "201505": "60.11",
        "201506": "58.06",
        "201507": "55.91",
        "201508": "49.06",
        "201509": "43.99",
        "201510": "44.53",
        "201511": "44.59",
        "201512": "42.34",
        "201601": "41.09",
        "201602": "42.90",
        "201603": "44.59",
        "201604": "42.45",
        "201605": "42.79",
        "201606": "44.59",
        "201607": "43.65",
        "201608": "43.41",
        "201609": "43.72",
        "201610": "43.10",
        "201611": "42.63",
        "201612": "42.63",
        "201701": "42.94",
        "201702": "44.83",
        "201703": "46.16",
        "201704": "48.05",
        "201705": "48.67",
        "201706": "48.11",
        "201707": "46.24",
        "201708": "44.44",
        "201709": "43.21",
        "201710": "43.34",
        "201711": "43.68",
        "201712": "44.49",
        "201801": "45.67",
        "201802": "45.66",
        "201803": "48.33",
        "201804": "48.18",
        "201805": "46.51",
        "201806": "46.20",
        "201807": "44.83",
        "201808": "45.40",
        "201809": "45.78",
        "201810": "45.68",
        "201811": "45.20",
        "201812": "44.95",
        "201901": "45.48",
        "201902": "45.70",
        "201903": "46.08",
        "201904": "46.01",
        "201905": "45.14",
        "201906": "44.78",
        "201907": "44.46",
        "201908": "44.19",
        "201909": "44.92",
        "201910": "45.61",
        "201911": "45.02",
        "201912": "44.88",
        "202001": "45.32",
        "202002": "45.58",
        "202003": "45.06",
        "202004": "45.31",
        "202005": "46.44",
        "202006": "46.97",
        "202007": "46.02",
        "202008": "47.16",
        "202009": "46.89",
        "202010": "45.99",
        "202011": "45.77",
        "202012": "45.56",
        "202101": "45.58",
        "202102": "46.02",
        "202103": "48.34",
        "202104": "49.11",
        "202105": "48.99",
        "202106": "48.91",
        "202107": "48.21",
        "202108": "47.33",
        "202109": "47.21",
        "202110": "47.05",
        "202111": "47.25",
        "202112": "47.11",
        "202201": "47.05",
        "202202": "47.11",
        "202203": "47.78",
        "202204": "48.34",
        "202205": "48.58",
        "202206": "47.95",
        "202207": "46.99",
        "202208": "47.76",
        "202209": "47.55",
        "202210": "47.09",
        "202211": "47.35",
        "202212": "47.77",
        "202301": "47.80",
        "202302": "48.24",
        "202303": "48.59",
        "202304": "49.12",
        "202305": "49.12",
        "202306": "49.02"
    },
    "quarters": {
        "20011": {
            "year_quarter": 20011,
            "year": 2001,
            "quarter": 1,
            "eps": null,
            "eps_growth_year": null,
            "eps_4q": null,
            "eps_4q_growth_year": null,
            "roe": null,
            "roe_4q": 0,
            "gross_profit": null,
            "gross_margin": null,
            "gross_margin_4q_avg": 0,
            "net_income": null,
            "revenue": null,
            "common_shares": null,
            "book_valuer_per_share": null,
            "book_valuer_per_share_4q_avg": 0,
            "equity": null,
            "current_ratio": null,
            "debt_ratio": null,
            "inventory_turnover_ratio": null,
            "account_receivable_turnover_ratio": null,
            "reinvestment_rate": null,
            "research_to_sale_ratio": null,
            "price_fair": 0,
            "eps_avg_yearly": 0,
            "eps_latest_yearly": 0,
            "eps_growth_yearly": 0
        },
        "20012": {
            "year_quarter": 20012,
            "year": 2001,
            "quarter": 2,
            "eps": null,
            "eps_growth_year": null,
            "eps_4q": null,
            "eps_4q_growth_year": null,
            "roe": null,
            "roe_4q": 0,
            "gross_profit": null,
            "gross_margin": null,
            "gross_margin_4q_avg": 0,
            "net_income": null,
            "revenue": null,
            "common_shares": null,
            "book_valuer_per_share": null,
            "book_valuer_per_share_4q_avg": 0,
            "equity": null,
            "current_ratio": null,
            "debt_ratio": null,
            "inventory_turnover_ratio": null,
            "account_receivable_turnover_ratio": null,
            "reinvestment_rate": null,
            "research_to_sale_ratio": null,
            "price_fair": 0,
            "eps_avg_yearly": 0,
            "eps_latest_yearly": 0,
            "eps_growth_yearly": 0
        },
        "20013": {
            "year_quarter": 20013,
            "year": 2001,
            "quarter": 3,
            "eps": null,
            "eps_growth_year": null,
            "eps_4q": null,
            "eps_4q_growth_year": null,
            "roe": null,
            "roe_4q": 0,
            "gross_profit": null,
            "gross_margin": null,
            "gross_margin_4q_avg": 0,
            "net_income": null,
            "revenue": null,
            "common_shares": null,
            "book_valuer_per_share": null,
            "book_valuer_per_share_4q_avg": 0,
            "equity": null,
            "current_ratio": null,
            "debt_ratio": null,
            "inventory_turnover_ratio": null,
            "account_receivable_turnover_ratio": null,
            "reinvestment_rate": null,
            "research_to_sale_ratio": null,
            "price_fair": 0,
            "eps_avg_yearly": 0,
            "eps_latest_yearly": 0,
            "eps_growth_yearly": 0
        },
        "20014": {
            "year_quarter": 20014,
            "year": 2001,
            "quarter": 4,
            "eps": null,
            "eps_growth_year": null,
            "eps_4q": null,
            "eps_4q_growth_year": null,
            "roe": null,
            "roe_4q": 0,
            "gross_profit": null,
            "gross_margin": null,
            "gross_margin_4q_avg": 0,
            "net_income": null,
            "revenue": null,
            "common_shares": null,
            "book_valuer_per_share": null,
            "book_valuer_per_share_4q_avg": 0,
            "equity": null,
            "current_ratio": null,
            "debt_ratio": null,
            "inventory_turnover_ratio": null,
            "account_receivable_turnover_ratio": null,
            "reinvestment_rate": null,
            "research_to_sale_ratio": null,
            "price_fair": 0,
            "eps_avg_yearly": 0,
            "eps_latest_yearly": 0,
            "eps_growth_yearly": 0
        },
        "20021": {
            "year_quarter": 20021,
            "year": 2002,
            "quarter": 1,
            "eps": null,
            "eps_growth_year": null,
            "eps_4q": null,
            "eps_4q_growth_year": null,
            "roe": null,
            "roe_4q": 0,
            "gross_profit": null,
            "gross_margin": null,
            "gross_margin_4q_avg": 0,
            "net_income": null,
            "revenue": null,
            "common_shares": null,
            "book_valuer_per_share": null,
            "book_valuer_per_share_4q_avg": 0,
            "equity": null,
            "current_ratio": null,
            "debt_ratio": null,
            "inventory_turnover_ratio": null,
            "account_receivable_turnover_ratio": null,
            "reinvestment_rate": null,
            "research_to_sale_ratio": null,
            "price_fair": 0,
            "eps_avg_yearly": 0,
            "eps_latest_yearly": 0,
            "eps_growth_yearly": 0
        },
        "20022": {
            "year_quarter": 20022,
            "year": 2002,
            "quarter": 2,
            "eps": null,
            "eps_growth_year": null,
            "eps_4q": null,
            "eps_4q_growth_year": null,
            "roe": null,
            "roe_4q": 0,
            "gross_profit": null,
            "gross_margin": null,
            "gross_margin_4q_avg": 0,
            "net_income": null,
            "revenue": null,
            "common_shares": null,
            "book_valuer_per_share": null,
            "book_valuer_per_share_4q_avg": 0,
            "equity": null,
            "current_ratio": null,
            "debt_ratio": null,
            "inventory_turnover_ratio": null,
            "account_receivable_turnover_ratio": null,
            "reinvestment_rate": null,
            "research_to_sale_ratio": null,
            "price_fair": 0,
            "eps_avg_yearly": 0,
            "eps_latest_yearly": 0,
            "eps_growth_yearly": 0
        },
        "20023": {
            "year_quarter": 20023,
            "year": 2002,
            "quarter": 3,
            "eps": null,
            "eps_growth_year": null,
            "eps_4q": null,
            "eps_4q_growth_year": null,
            "roe": null,
            "roe_4q": 0,
            "gross_profit": null,
            "gross_margin": null,
            "gross_margin_4q_avg": 0,
            "net_income": null,
            "revenue": null,
            "common_shares": null,
            "book_valuer_per_share": null,
            "book_valuer_per_share_4q_avg": 0,
            "equity": null,
            "current_ratio": null,
            "debt_ratio": null,
            "inventory_turnover_ratio": null,
            "account_receivable_turnover_ratio": null,
            "reinvestment_rate": null,
            "research_to_sale_ratio": null,
            "price_fair": 0,
            "eps_avg_yearly": 0,
            "eps_latest_yearly": 0,
            "eps_growth_yearly": 0
        },
        "20024": {
            "year_quarter": 20024,
            "year": 2002,
            "quarter": 4,
            "eps": null,
            "eps_growth_year": null,
            "eps_4q": null,
            "eps_4q_growth_year": null,
            "roe": null,
            "roe_4q": 0,
            "gross_profit": null,
            "gross_margin": null,
            "gross_margin_4q_avg": 0,
            "net_income": null,
            "revenue": null,
            "common_shares": null,
            "book_valuer_per_share": null,
            "book_valuer_per_share_4q_avg": 0,
            "equity": null,
            "current_ratio": null,
            "debt_ratio": null,
            "inventory_turnover_ratio": null,
            "account_receivable_turnover_ratio": null,
            "reinvestment_rate": null,
            "research_to_sale_ratio": null,
            "price_fair": 0,
            "eps_avg_yearly": 0,
            "eps_latest_yearly": 0,
            "eps_growth_yearly": 0
        },
        "20031": {
            "year_quarter": 20031,
            "year": 2003,
            "quarter": 1,
            "eps": null,
            "eps_growth_year": null,
            "eps_4q": null,
            "eps_4q_growth_year": null,
            "roe": null,
            "roe_4q": 0,
            "gross_profit": null,
            "gross_margin": null,
            "gross_margin_4q_avg": 0,
            "net_income": null,
            "revenue": null,
            "common_shares": null,
            "book_valuer_per_share": null,
            "book_valuer_per_share_4q_avg": 0,
            "equity": null,
            "current_ratio": null,
            "debt_ratio": null,
            "inventory_turnover_ratio": null,
            "account_receivable_turnover_ratio": null,
            "reinvestment_rate": null,
            "research_to_sale_ratio": null,
            "price_fair": 0,
            "eps_avg_yearly": 0,
            "eps_latest_yearly": 0,
            "eps_growth_yearly": 0
        },
        "20032": {
            "year_quarter": 20032,
            "year": 2003,
            "quarter": 2,
            "eps": null,
            "eps_growth_year": null,
            "eps_4q": null,
            "eps_4q_growth_year": null,
            "roe": null,
            "roe_4q": 0,
            "gross_profit": null,
            "gross_margin": null,
            "gross_margin_4q_avg": 0,
            "net_income": null,
            "revenue": null,
            "common_shares": null,
            "book_valuer_per_share": null,
            "book_valuer_per_share_4q_avg": 0,
            "equity": null,
            "current_ratio": null,
            "debt_ratio": null,
            "inventory_turnover_ratio": null,
            "account_receivable_turnover_ratio": null,
            "reinvestment_rate": null,
            "research_to_sale_ratio": null,
            "price_fair": 0,
            "eps_avg_yearly": 0,
            "eps_latest_yearly": 0,
            "eps_growth_yearly": 0
        },
        "20033": {
            "year_quarter": 20033,
            "year": 2003,
            "quarter": 3,
            "eps": null,
            "eps_growth_year": null,
            "eps_4q": null,
            "eps_4q_growth_year": null,
            "roe": null,
            "roe_4q": 0,
            "gross_profit": null,
            "gross_margin": null,
            "gross_margin_4q_avg": 0,
            "net_income": null,
            "revenue": null,
            "common_shares": null,
            "book_valuer_per_share": null,
            "book_valuer_per_share_4q_avg": 0,
            "equity": null,
            "current_ratio": null,
            "debt_ratio": null,
            "inventory_turnover_ratio": null,
            "account_receivable_turnover_ratio": null,
            "reinvestment_rate": null,
            "research_to_sale_ratio": null,
            "price_fair": 0,
            "eps_avg_yearly": 0,
            "eps_latest_yearly": 0,
            "eps_growth_yearly": 0
        },
        "20034": {
            "year_quarter": 20034,
            "year": 2003,
            "quarter": 4,
            "eps": null,
            "eps_growth_year": null,
            "eps_4q": null,
            "eps_4q_growth_year": null,
            "roe": null,
            "roe_4q": 0,
            "gross_profit": null,
            "gross_margin": null,
            "gross_margin_4q_avg": 0,
            "net_income": null,
            "revenue": null,
            "common_shares": null,
            "book_valuer_per_share": null,
            "book_valuer_per_share_4q_avg": 0,
            "equity": null,
            "current_ratio": null,
            "debt_ratio": null,
            "inventory_turnover_ratio": null,
            "account_receivable_turnover_ratio": null,
            "reinvestment_rate": null,
            "research_to_sale_ratio": null,
            "price_fair": 0,
            "eps_avg_yearly": 0,
            "eps_latest_yearly": 0,
            "eps_growth_yearly": 0
        },
        "20041": {
            "year_quarter": 20041,
            "year": 2004,
            "quarter": 1,
            "eps": null,
            "eps_growth_year": null,
            "eps_4q": null,
            "eps_4q_growth_year": null,
            "roe": null,
            "roe_4q": 0,
            "gross_profit": null,
            "gross_margin": null,
            "gross_margin_4q_avg": 0,
            "net_income": null,
            "revenue": null,
            "common_shares": null,
            "book_valuer_per_share": null,
            "book_valuer_per_share_4q_avg": 0,
            "equity": null,
            "current_ratio": null,
            "debt_ratio": null,
            "inventory_turnover_ratio": null,
            "account_receivable_turnover_ratio": null,
            "reinvestment_rate": null,
            "research_to_sale_ratio": null,
            "price_fair": 0,
            "eps_avg_yearly": 0,
            "eps_latest_yearly": 0,
            "eps_growth_yearly": 0
        },
        "20042": {
            "year_quarter": 20042,
            "year": 2004,
            "quarter": 2,
            "eps": null,
            "eps_growth_year": null,
            "eps_4q": null,
            "eps_4q_growth_year": null,
            "roe": null,
            "roe_4q": 0,
            "gross_profit": null,
            "gross_margin": null,
            "gross_margin_4q_avg": 0,
            "net_income": null,
            "revenue": null,
            "common_shares": null,
            "book_valuer_per_share": null,
            "book_valuer_per_share_4q_avg": 0,
            "equity": null,
            "current_ratio": null,
            "debt_ratio": null,
            "inventory_turnover_ratio": null,
            "account_receivable_turnover_ratio": null,
            "reinvestment_rate": null,
            "research_to_sale_ratio": null,
            "price_fair": 0,
            "eps_avg_yearly": 0,
            "eps_latest_yearly": 0,
            "eps_growth_yearly": 0
        },
        "20043": {
            "year_quarter": 20043,
            "year": 2004,
            "quarter": 3,
            "eps": null,
            "eps_growth_year": null,
            "eps_4q": null,
            "eps_4q_growth_year": null,
            "roe": null,
            "roe_4q": 0,
            "gross_profit": null,
            "gross_margin": null,
            "gross_margin_4q_avg": 0,
            "net_income": null,
            "revenue": null,
            "common_shares": null,
            "book_valuer_per_share": null,
            "book_valuer_per_share_4q_avg": 0,
            "equity": null,
            "current_ratio": null,
            "debt_ratio": null,
            "inventory_turnover_ratio": null,
            "account_receivable_turnover_ratio": null,
            "reinvestment_rate": null,
            "research_to_sale_ratio": null,
            "price_fair": 0,
            "eps_avg_yearly": 0,
            "eps_latest_yearly": 0,
            "eps_growth_yearly": 0
        },
        "20044": {
            "year_quarter": 20044,
            "year": 2004,
            "quarter": 4,
            "eps": null,
            "eps_growth_year": null,
            "eps_4q": null,
            "eps_4q_growth_year": null,
            "roe": null,
            "roe_4q": 0,
            "gross_profit": null,
            "gross_margin": null,
            "gross_margin_4q_avg": 0,
            "net_income": null,
            "revenue": null,
            "common_shares": null,
            "book_valuer_per_share": null,
            "book_valuer_per_share_4q_avg": 0,
            "equity": null,
            "current_ratio": null,
            "debt_ratio": null,
            "inventory_turnover_ratio": null,
            "account_receivable_turnover_ratio": null,
            "reinvestment_rate": null,
            "research_to_sale_ratio": null,
            "price_fair": 0,
            "eps_avg_yearly": 0,
            "eps_latest_yearly": 0,
            "eps_growth_yearly": 0
        },
        "20051": {
            "year_quarter": 20051,
            "year": 2005,
            "quarter": 1,
            "eps": null,
            "eps_growth_year": null,
            "eps_4q": null,
            "eps_4q_growth_year": null,
            "roe": null,
            "roe_4q": 0,
            "gross_profit": null,
            "gross_margin": null,
            "gross_margin_4q_avg": 0,
            "net_income": null,
            "revenue": null,
            "common_shares": null,
            "book_valuer_per_share": null,
            "book_valuer_per_share_4q_avg": 0,
            "equity": null,
            "current_ratio": null,
            "debt_ratio": null,
            "inventory_turnover_ratio": null,
            "account_receivable_turnover_ratio": null,
            "reinvestment_rate": null,
            "research_to_sale_ratio": null,
            "price_fair": 0,
            "eps_avg_yearly": 0,
            "eps_latest_yearly": 0,
            "eps_growth_yearly": 0
        },
        "20052": {
            "year_quarter": 20052,
            "year": 2005,
            "quarter": 2,
            "eps": null,
            "eps_growth_year": null,
            "eps_4q": null,
            "eps_4q_growth_year": null,
            "roe": null,
            "roe_4q": 0,
            "gross_profit": null,
            "gross_margin": null,
            "gross_margin_4q_avg": 0,
            "net_income": null,
            "revenue": null,
            "common_shares": null,
            "book_valuer_per_share": null,
            "book_valuer_per_share_4q_avg": 0,
            "equity": null,
            "current_ratio": null,
            "debt_ratio": null,
            "inventory_turnover_ratio": null,
            "account_receivable_turnover_ratio": null,
            "reinvestment_rate": null,
            "research_to_sale_ratio": null,
            "price_fair": 0,
            "eps_avg_yearly": 0,
            "eps_latest_yearly": 0,
            "eps_growth_yearly": 0
        },
        "20053": {
            "year_quarter": 20053,
            "year": 2005,
            "quarter": 3,
            "eps": null,
            "eps_growth_year": null,
            "eps_4q": null,
            "eps_4q_growth_year": null,
            "roe": null,
            "roe_4q": 0,
            "gross_profit": null,
            "gross_margin": null,
            "gross_margin_4q_avg": 0,
            "net_income": null,
            "revenue": null,
            "common_shares": null,
            "book_valuer_per_share": null,
            "book_valuer_per_share_4q_avg": 0,
            "equity": null,
            "current_ratio": null,
            "debt_ratio": null,
            "inventory_turnover_ratio": null,
            "account_receivable_turnover_ratio": null,
            "reinvestment_rate": null,
            "research_to_sale_ratio": null,
            "price_fair": 0,
            "eps_avg_yearly": 0,
            "eps_latest_yearly": 0,
            "eps_growth_yearly": 0
        },
        "20054": {
            "year_quarter": 20054,
            "year": 2005,
            "quarter": 4,
            "eps": null,
            "eps_growth_year": null,
            "eps_4q": null,
            "eps_4q_growth_year": null,
            "roe": null,
            "roe_4q": 0,
            "gross_profit": null,
            "gross_margin": null,
            "gross_margin_4q_avg": 0,
            "net_income": null,
            "revenue": null,
            "common_shares": null,
            "book_valuer_per_share": null,
            "book_valuer_per_share_4q_avg": 0,
            "equity": null,
            "current_ratio": null,
            "debt_ratio": null,
            "inventory_turnover_ratio": null,
            "account_receivable_turnover_ratio": null,
            "reinvestment_rate": null,
            "research_to_sale_ratio": null,
            "price_fair": 0,
            "eps_avg_yearly": 0,
            "eps_latest_yearly": 0,
            "eps_growth_yearly": 0
        },
        "20061": {
            "year_quarter": 20061,
            "year": 2006,
            "quarter": 1,
            "eps": null,
            "eps_growth_year": null,
            "eps_4q": null,
            "eps_4q_growth_year": null,
            "roe": null,
            "roe_4q": 0,
            "gross_profit": null,
            "gross_margin": null,
            "gross_margin_4q_avg": 0,
            "net_income": null,
            "revenue": null,
            "common_shares": null,
            "book_valuer_per_share": null,
            "book_valuer_per_share_4q_avg": 0,
            "equity": null,
            "current_ratio": null,
            "debt_ratio": null,
            "inventory_turnover_ratio": null,
            "account_receivable_turnover_ratio": null,
            "reinvestment_rate": null,
            "research_to_sale_ratio": null,
            "price_fair": 0,
            "eps_avg_yearly": 0,
            "eps_latest_yearly": 0,
            "eps_growth_yearly": 0
        },
        "20062": {
            "year_quarter": 20062,
            "year": 2006,
            "quarter": 2,
            "eps": null,
            "eps_growth_year": null,
            "eps_4q": null,
            "eps_4q_growth_year": null,
            "roe": null,
            "roe_4q": 0,
            "gross_profit": null,
            "gross_margin": null,
            "gross_margin_4q_avg": 0,
            "net_income": null,
            "revenue": null,
            "common_shares": null,
            "book_valuer_per_share": null,
            "book_valuer_per_share_4q_avg": 0,
            "equity": null,
            "current_ratio": null,
            "debt_ratio": null,
            "inventory_turnover_ratio": null,
            "account_receivable_turnover_ratio": null,
            "reinvestment_rate": null,
            "research_to_sale_ratio": null,
            "price_fair": 0,
            "eps_avg_yearly": 0,
            "eps_latest_yearly": 0,
            "eps_growth_yearly": 0
        },
        "20063": {
            "year_quarter": 20063,
            "year": 2006,
            "quarter": 3,
            "eps": null,
            "eps_growth_year": null,
            "eps_4q": null,
            "eps_4q_growth_year": null,
            "roe": null,
            "roe_4q": 0,
            "gross_profit": null,
            "gross_margin": null,
            "gross_margin_4q_avg": 0,
            "net_income": null,
            "revenue": null,
            "common_shares": null,
            "book_valuer_per_share": null,
            "book_valuer_per_share_4q_avg": 0,
            "equity": null,
            "current_ratio": null,
            "debt_ratio": null,
            "inventory_turnover_ratio": null,
            "account_receivable_turnover_ratio": null,
            "reinvestment_rate": null,
            "research_to_sale_ratio": null,
            "price_fair": 0,
            "eps_avg_yearly": 0,
            "eps_latest_yearly": 0,
            "eps_growth_yearly": 0
        },
        "20064": {
            "year_quarter": 20064,
            "year": 2006,
            "quarter": 4,
            "eps": null,
            "eps_growth_year": null,
            "eps_4q": null,
            "eps_4q_growth_year": null,
            "roe": null,
            "roe_4q": 0,
            "gross_profit": null,
            "gross_margin": null,
            "gross_margin_4q_avg": 0,
            "net_income": null,
            "revenue": null,
            "common_shares": null,
            "book_valuer_per_share": null,
            "book_valuer_per_share_4q_avg": 0,
            "equity": null,
            "current_ratio": null,
            "debt_ratio": null,
            "inventory_turnover_ratio": null,
            "account_receivable_turnover_ratio": null,
            "reinvestment_rate": null,
            "research_to_sale_ratio": null,
            "price_fair": 0,
            "eps_avg_yearly": 0,
            "eps_latest_yearly": 0,
            "eps_growth_yearly": 0
        },
        "20071": {
            "year_quarter": 20071,
            "year": 2007,
            "quarter": 1,
            "eps": null,
            "eps_growth_year": null,
            "eps_4q": null,
            "eps_4q_growth_year": null,
            "roe": null,
            "roe_4q": 0,
            "gross_profit": null,
            "gross_margin": null,
            "gross_margin_4q_avg": 0,
            "net_income": null,
            "revenue": null,
            "common_shares": null,
            "book_valuer_per_share": null,
            "book_valuer_per_share_4q_avg": 0,
            "equity": null,
            "current_ratio": null,
            "debt_ratio": null,
            "inventory_turnover_ratio": null,
            "account_receivable_turnover_ratio": null,
            "reinvestment_rate": null,
            "research_to_sale_ratio": null,
            "price_fair": 0,
            "eps_avg_yearly": 0,
            "eps_latest_yearly": 0,
            "eps_growth_yearly": 0
        },
        "20072": {
            "year_quarter": 20072,
            "year": 2007,
            "quarter": 2,
            "eps": null,
            "eps_growth_year": null,
            "eps_4q": null,
            "eps_4q_growth_year": null,
            "roe": null,
            "roe_4q": 0,
            "gross_profit": null,
            "gross_margin": null,
            "gross_margin_4q_avg": 0,
            "net_income": null,
            "revenue": null,
            "common_shares": null,
            "book_valuer_per_share": null,
            "book_valuer_per_share_4q_avg": 0,
            "equity": null,
            "current_ratio": null,
            "debt_ratio": null,
            "inventory_turnover_ratio": null,
            "account_receivable_turnover_ratio": null,
            "reinvestment_rate": null,
            "research_to_sale_ratio": null,
            "price_fair": 0,
            "eps_avg_yearly": 0,
            "eps_latest_yearly": 0,
            "eps_growth_yearly": 0
        },
        "20073": {
            "year_quarter": 20073,
            "year": 2007,
            "quarter": 3,
            "eps": null,
            "eps_growth_year": null,
            "eps_4q": null,
            "eps_4q_growth_year": null,
            "roe": null,
            "roe_4q": 0,
            "gross_profit": null,
            "gross_margin": null,
            "gross_margin_4q_avg": 0,
            "net_income": null,
            "revenue": null,
            "common_shares": null,
            "book_valuer_per_share": null,
            "book_valuer_per_share_4q_avg": 0,
            "equity": null,
            "current_ratio": null,
            "debt_ratio": null,
            "inventory_turnover_ratio": null,
            "account_receivable_turnover_ratio": null,
            "reinvestment_rate": null,
            "research_to_sale_ratio": null,
            "price_fair": 0,
            "eps_avg_yearly": 0,
            "eps_latest_yearly": 0,
            "eps_growth_yearly": 0
        },
        "20074": {
            "year_quarter": 20074,
            "year": 2007,
            "quarter": 4,
            "eps": null,
            "eps_growth_year": null,
            "eps_4q": null,
            "eps_4q_growth_year": null,
            "roe": null,
            "roe_4q": 0,
            "gross_profit": null,
            "gross_margin": null,
            "gross_margin_4q_avg": 0,
            "net_income": null,
            "revenue": null,
            "common_shares": null,
            "book_valuer_per_share": null,
            "book_valuer_per_share_4q_avg": 0,
            "equity": null,
            "current_ratio": null,
            "debt_ratio": null,
            "inventory_turnover_ratio": null,
            "account_receivable_turnover_ratio": null,
            "reinvestment_rate": null,
            "research_to_sale_ratio": null,
            "price_fair": 0,
            "eps_avg_yearly": 0,
            "eps_latest_yearly": 0,
            "eps_growth_yearly": 0
        },
        "20081": {
            "year_quarter": 20081,
            "year": 2008,
            "quarter": 1,
            "eps": null,
            "eps_growth_year": null,
            "eps_4q": null,
            "eps_4q_growth_year": null,
            "roe": null,
            "roe_4q": 0,
            "gross_profit": null,
            "gross_margin": null,
            "gross_margin_4q_avg": 0,
            "net_income": null,
            "revenue": null,
            "common_shares": null,
            "book_valuer_per_share": null,
            "book_valuer_per_share_4q_avg": 0,
            "equity": null,
            "current_ratio": null,
            "debt_ratio": null,
            "inventory_turnover_ratio": null,
            "account_receivable_turnover_ratio": null,
            "reinvestment_rate": null,
            "research_to_sale_ratio": null,
            "price_fair": 0,
            "eps_avg_yearly": 0,
            "eps_latest_yearly": 0,
            "eps_growth_yearly": 0
        },
        "20082": {
            "year_quarter": 20082,
            "year": 2008,
            "quarter": 2,
            "eps": null,
            "eps_growth_year": null,
            "eps_4q": null,
            "eps_4q_growth_year": null,
            "roe": null,
            "roe_4q": 0,
            "gross_profit": null,
            "gross_margin": null,
            "gross_margin_4q_avg": 0,
            "net_income": null,
            "revenue": null,
            "common_shares": null,
            "book_valuer_per_share": null,
            "book_valuer_per_share_4q_avg": 0,
            "equity": null,
            "current_ratio": null,
            "debt_ratio": null,
            "inventory_turnover_ratio": null,
            "account_receivable_turnover_ratio": null,
            "reinvestment_rate": null,
            "research_to_sale_ratio": null,
            "price_fair": 0,
            "eps_avg_yearly": 0,
            "eps_latest_yearly": 0,
            "eps_growth_yearly": 0
        },
        "20083": {
            "year_quarter": 20083,
            "year": 2008,
            "quarter": 3,
            "eps": null,
            "eps_growth_year": null,
            "eps_4q": null,
            "eps_4q_growth_year": null,
            "roe": null,
            "roe_4q": 0,
            "gross_profit": null,
            "gross_margin": null,
            "gross_margin_4q_avg": 0,
            "net_income": null,
            "revenue": null,
            "common_shares": null,
            "book_valuer_per_share": null,
            "book_valuer_per_share_4q_avg": 0,
            "equity": null,
            "current_ratio": null,
            "debt_ratio": null,
            "inventory_turnover_ratio": null,
            "account_receivable_turnover_ratio": null,
            "reinvestment_rate": null,
            "research_to_sale_ratio": null,
            "price_fair": 0,
            "eps_avg_yearly": 0,
            "eps_latest_yearly": 0,
            "eps_growth_yearly": 0
        },
        "20084": {
            "year_quarter": 20084,
            "year": 2008,
            "quarter": 4,
            "eps": null,
            "eps_growth_year": null,
            "eps_4q": null,
            "eps_4q_growth_year": null,
            "roe": null,
            "roe_4q": 0,
            "gross_profit": null,
            "gross_margin": null,
            "gross_margin_4q_avg": 0,
            "net_income": null,
            "revenue": null,
            "common_shares": null,
            "book_valuer_per_share": null,
            "book_valuer_per_share_4q_avg": 0,
            "equity": null,
            "current_ratio": null,
            "debt_ratio": null,
            "inventory_turnover_ratio": null,
            "account_receivable_turnover_ratio": null,
            "reinvestment_rate": null,
            "research_to_sale_ratio": null,
            "price_fair": 0,
            "eps_avg_yearly": 0,
            "eps_latest_yearly": 0,
            "eps_growth_yearly": 0
        },
        "20091": {
            "year_quarter": 20091,
            "year": 2009,
            "quarter": 1,
            "eps": null,
            "eps_growth_year": null,
            "eps_4q": null,
            "eps_4q_growth_year": null,
            "roe": null,
            "roe_4q": 0,
            "gross_profit": null,
            "gross_margin": null,
            "gross_margin_4q_avg": 0,
            "net_income": null,
            "revenue": null,
            "common_shares": null,
            "book_valuer_per_share": null,
            "book_valuer_per_share_4q_avg": 0,
            "equity": null,
            "current_ratio": null,
            "debt_ratio": null,
            "inventory_turnover_ratio": null,
            "account_receivable_turnover_ratio": null,
            "reinvestment_rate": null,
            "research_to_sale_ratio": null,
            "price_fair": 0,
            "eps_avg_yearly": 0,
            "eps_latest_yearly": 0,
            "eps_growth_yearly": 0
        },
        "20092": {
            "year_quarter": 20092,
            "year": 2009,
            "quarter": 2,
            "eps": null,
            "eps_growth_year": null,
            "eps_4q": null,
            "eps_4q_growth_year": null,
            "roe": null,
            "roe_4q": 0,
            "gross_profit": null,
            "gross_margin": null,
            "gross_margin_4q_avg": 0,
            "net_income": null,
            "revenue": null,
            "common_shares": null,
            "book_valuer_per_share": null,
            "book_valuer_per_share_4q_avg": 0,
            "equity": null,
            "current_ratio": null,
            "debt_ratio": null,
            "inventory_turnover_ratio": null,
            "account_receivable_turnover_ratio": null,
            "reinvestment_rate": null,
            "research_to_sale_ratio": null,
            "price_fair": 0,
            "eps_avg_yearly": 0,
            "eps_latest_yearly": 0,
            "eps_growth_yearly": 0
        },
        "20093": {
            "year_quarter": 20093,
            "year": 2009,
            "quarter": 3,
            "eps": null,
            "eps_growth_year": null,
            "eps_4q": null,
            "eps_4q_growth_year": null,
            "roe": null,
            "roe_4q": 0,
            "gross_profit": null,
            "gross_margin": null,
            "gross_margin_4q_avg": 0,
            "net_income": null,
            "revenue": null,
            "common_shares": null,
            "book_valuer_per_share": null,
            "book_valuer_per_share_4q_avg": 0,
            "equity": null,
            "current_ratio": null,
            "debt_ratio": null,
            "inventory_turnover_ratio": null,
            "account_receivable_turnover_ratio": null,
            "reinvestment_rate": null,
            "research_to_sale_ratio": null,
            "price_fair": 0,
            "eps_avg_yearly": 0,
            "eps_latest_yearly": 0,
            "eps_growth_yearly": 0
        },
        "20094": {
            "year_quarter": 20094,
            "year": 2009,
            "quarter": 4,
            "eps": null,
            "eps_growth_year": null,
            "eps_4q": null,
            "eps_4q_growth_year": null,
            "roe": null,
            "roe_4q": 0,
            "gross_profit": null,
            "gross_margin": null,
            "gross_margin_4q_avg": 0,
            "net_income": null,
            "revenue": null,
            "common_shares": null,
            "book_valuer_per_share": null,
            "book_valuer_per_share_4q_avg": 0,
            "equity": null,
            "current_ratio": null,
            "debt_ratio": null,
            "inventory_turnover_ratio": null,
            "account_receivable_turnover_ratio": null,
            "reinvestment_rate": null,
            "research_to_sale_ratio": null,
            "price_fair": 0,
            "eps_avg_yearly": 0,
            "eps_latest_yearly": 0,
            "eps_growth_yearly": 0
        },
        "20101": {
            "year_quarter": 20101,
            "year": 2010,
            "quarter": 1,
            "eps": null,
            "eps_growth_year": null,
            "eps_4q": null,
            "eps_4q_growth_year": null,
            "roe": null,
            "roe_4q": 0,
            "gross_profit": null,
            "gross_margin": null,
            "gross_margin_4q_avg": 0,
            "net_income": null,
            "revenue": null,
            "common_shares": null,
            "book_valuer_per_share": null,
            "book_valuer_per_share_4q_avg": 0,
            "equity": null,
            "current_ratio": null,
            "debt_ratio": null,
            "inventory_turnover_ratio": null,
            "account_receivable_turnover_ratio": null,
            "reinvestment_rate": null,
            "research_to_sale_ratio": null,
            "price_fair": 0,
            "eps_avg_yearly": 0,
            "eps_latest_yearly": 0,
            "eps_growth_yearly": 0
        },
        "20102": {
            "year_quarter": 20102,
            "year": 2010,
            "quarter": 2,
            "eps": null,
            "eps_growth_year": null,
            "eps_4q": null,
            "eps_4q_growth_year": null,
            "roe": null,
            "roe_4q": 0,
            "gross_profit": null,
            "gross_margin": null,
            "gross_margin_4q_avg": 0,
            "net_income": null,
            "revenue": null,
            "common_shares": null,
            "book_valuer_per_share": null,
            "book_valuer_per_share_4q_avg": 0,
            "equity": null,
            "current_ratio": null,
            "debt_ratio": null,
            "inventory_turnover_ratio": null,
            "account_receivable_turnover_ratio": null,
            "reinvestment_rate": null,
            "research_to_sale_ratio": null,
            "price_fair": 0,
            "eps_avg_yearly": 0,
            "eps_latest_yearly": 0,
            "eps_growth_yearly": 0
        },
        "20103": {
            "year_quarter": 20103,
            "year": 2010,
            "quarter": 3,
            "eps": null,
            "eps_growth_year": null,
            "eps_4q": null,
            "eps_4q_growth_year": null,
            "roe": null,
            "roe_4q": 0,
            "gross_profit": null,
            "gross_margin": null,
            "gross_margin_4q_avg": 0,
            "net_income": null,
            "revenue": null,
            "common_shares": null,
            "book_valuer_per_share": null,
            "book_valuer_per_share_4q_avg": 0,
            "equity": null,
            "current_ratio": null,
            "debt_ratio": null,
            "inventory_turnover_ratio": null,
            "account_receivable_turnover_ratio": null,
            "reinvestment_rate": null,
            "research_to_sale_ratio": null,
            "price_fair": 0,
            "eps_avg_yearly": 0,
            "eps_latest_yearly": 0,
            "eps_growth_yearly": 0
        },
        "20104": {
            "year_quarter": 20104,
            "year": 2010,
            "quarter": 4,
            "eps": null,
            "eps_growth_year": null,
            "eps_4q": null,
            "eps_4q_growth_year": null,
            "roe": null,
            "roe_4q": 0,
            "gross_profit": null,
            "gross_margin": null,
            "gross_margin_4q_avg": 0,
            "net_income": null,
            "revenue": null,
            "common_shares": 132000,
            "book_valuer_per_share": 18.08,
            "book_valuer_per_share_4q_avg": 4.52,
            "equity": 238694,
            "current_ratio": 313.95,
            "debt_ratio": 27.89,
            "inventory_turnover_ratio": null,
            "account_receivable_turnover_ratio": null,
            "reinvestment_rate": null,
            "research_to_sale_ratio": null,
            "price_fair": 0,
            "eps_avg_yearly": 0,
            "eps_latest_yearly": 0,
            "eps_growth_yearly": 0
        },
        "20111": {
            "year_quarter": 20111,
            "year": 2011,
            "quarter": 1,
            "eps": null,
            "eps_growth_year": null,
            "eps_4q": null,
            "eps_4q_growth_year": null,
            "roe": null,
            "roe_4q": 0,
            "gross_profit": null,
            "gross_margin": null,
            "gross_margin_4q_avg": 0,
            "net_income": null,
            "revenue": null,
            "common_shares": null,
            "book_valuer_per_share": null,
            "book_valuer_per_share_4q_avg": 4.52,
            "equity": null,
            "current_ratio": null,
            "debt_ratio": null,
            "inventory_turnover_ratio": null,
            "account_receivable_turnover_ratio": null,
            "reinvestment_rate": null,
            "research_to_sale_ratio": null,
            "price_fair": 0,
            "eps_avg_yearly": 0,
            "eps_latest_yearly": 0,
            "eps_growth_yearly": 0
        },
        "20112": {
            "year_quarter": 20112,
            "year": 2011,
            "quarter": 2,
            "eps": null,
            "eps_growth_year": null,
            "eps_4q": null,
            "eps_4q_growth_year": null,
            "roe": null,
            "roe_4q": 0,
            "gross_profit": null,
            "gross_margin": null,
            "gross_margin_4q_avg": 0,
            "net_income": null,
            "revenue": null,
            "common_shares": null,
            "book_valuer_per_share": null,
            "book_valuer_per_share_4q_avg": 4.52,
            "equity": null,
            "current_ratio": null,
            "debt_ratio": null,
            "inventory_turnover_ratio": null,
            "account_receivable_turnover_ratio": null,
            "reinvestment_rate": null,
            "research_to_sale_ratio": null,
            "price_fair": 0,
            "eps_avg_yearly": 0,
            "eps_latest_yearly": 0,
            "eps_growth_yearly": 0
        },
        "20113": {
            "year_quarter": 20113,
            "year": 2011,
            "quarter": 3,
            "eps": null,
            "eps_growth_year": null,
            "eps_4q": null,
            "eps_4q_growth_year": null,
            "roe": null,
            "roe_4q": 0,
            "gross_profit": null,
            "gross_margin": null,
            "gross_margin_4q_avg": 0,
            "net_income": null,
            "revenue": null,
            "common_shares": null,
            "book_valuer_per_share": null,
            "book_valuer_per_share_4q_avg": 4.52,
            "equity": null,
            "current_ratio": null,
            "debt_ratio": null,
            "inventory_turnover_ratio": null,
            "account_receivable_turnover_ratio": null,
            "reinvestment_rate": null,
            "research_to_sale_ratio": null,
            "price_fair": 0,
            "eps_avg_yearly": 0,
            "eps_latest_yearly": 0,
            "eps_growth_yearly": 0
        },
        "20114": {
            "year_quarter": 20114,
            "year": 2011,
            "quarter": 4,
            "eps": null,
            "eps_growth_year": null,
            "eps_4q": null,
            "eps_4q_growth_year": null,
            "roe": null,
            "roe_4q": 0,
            "gross_profit": null,
            "gross_margin": null,
            "gross_margin_4q_avg": 0,
            "net_income": null,
            "revenue": null,
            "common_shares": 139000,
            "book_valuer_per_share": 16.33,
            "book_valuer_per_share_4q_avg": 4.08,
            "equity": 227007,
            "current_ratio": 271.94,
            "debt_ratio": 28.97,
            "inventory_turnover_ratio": null,
            "account_receivable_turnover_ratio": null,
            "reinvestment_rate": null,
            "research_to_sale_ratio": null,
            "price_fair": 0,
            "eps_avg_yearly": 0,
            "eps_latest_yearly": 0,
            "eps_growth_yearly": 0
        },
        "20121": {
            "year_quarter": 20121,
            "year": 2012,
            "quarter": 1,
            "eps": null,
            "eps_growth_year": null,
            "eps_4q": null,
            "eps_4q_growth_year": null,
            "roe": null,
            "roe_4q": 0,
            "gross_profit": null,
            "gross_margin": null,
            "gross_margin_4q_avg": 0,
            "net_income": null,
            "revenue": null,
            "common_shares": null,
            "book_valuer_per_share": null,
            "book_valuer_per_share_4q_avg": 4.08,
            "equity": null,
            "current_ratio": null,
            "debt_ratio": null,
            "inventory_turnover_ratio": null,
            "account_receivable_turnover_ratio": null,
            "reinvestment_rate": null,
            "research_to_sale_ratio": null,
            "price_fair": 0,
            "eps_avg_yearly": 0,
            "eps_latest_yearly": 0,
            "eps_growth_yearly": 0
        },
        "20122": {
            "year_quarter": 20122,
            "year": 2012,
            "quarter": 2,
            "eps": null,
            "eps_growth_year": null,
            "eps_4q": null,
            "eps_4q_growth_year": null,
            "roe": null,
            "roe_4q": 0,
            "gross_profit": null,
            "gross_margin": null,
            "gross_margin_4q_avg": 0,
            "net_income": null,
            "revenue": null,
            "common_shares": null,
            "book_valuer_per_share": null,
            "book_valuer_per_share_4q_avg": 4.08,
            "equity": null,
            "current_ratio": null,
            "debt_ratio": null,
            "inventory_turnover_ratio": null,
            "account_receivable_turnover_ratio": null,
            "reinvestment_rate": null,
            "research_to_sale_ratio": null,
            "price_fair": 0,
            "eps_avg_yearly": 0,
            "eps_latest_yearly": 0,
            "eps_growth_yearly": 0
        },
        "20123": {
            "year_quarter": 20123,
            "year": 2012,
            "quarter": 3,
            "eps": null,
            "eps_growth_year": null,
            "eps_4q": null,
            "eps_4q_growth_year": null,
            "roe": null,
            "roe_4q": 0,
            "gross_profit": null,
            "gross_margin": null,
            "gross_margin_4q_avg": 0,
            "net_income": null,
            "revenue": null,
            "common_shares": null,
            "book_valuer_per_share": null,
            "book_valuer_per_share_4q_avg": 4.08,
            "equity": null,
            "current_ratio": null,
            "debt_ratio": null,
            "inventory_turnover_ratio": null,
            "account_receivable_turnover_ratio": null,
            "reinvestment_rate": null,
            "research_to_sale_ratio": null,
            "price_fair": 0,
            "eps_avg_yearly": 0,
            "eps_latest_yearly": 0,
            "eps_growth_yearly": 0
        },
        "20124": {
            "year_quarter": 20124,
            "year": 2012,
            "quarter": 4,
            "eps": null,
            "eps_growth_year": null,
            "eps_4q": null,
            "eps_4q_growth_year": null,
            "roe": null,
            "roe_4q": 0,
            "gross_profit": null,
            "gross_margin": null,
            "gross_margin_4q_avg": 0,
            "net_income": null,
            "revenue": null,
            "common_shares": 148000,
            "book_valuer_per_share": 17.01,
            "book_valuer_per_share_4q_avg": 4.25,
            "equity": 251754,
            "current_ratio": 267.73,
            "debt_ratio": 28.51,
            "inventory_turnover_ratio": null,
            "account_receivable_turnover_ratio": null,
            "reinvestment_rate": null,
            "research_to_sale_ratio": null,
            "price_fair": 0,
            "eps_avg_yearly": 0,
            "eps_latest_yearly": 0,
            "eps_growth_yearly": 0
        },
        "20131": {
            "year_quarter": 20131,
            "year": 2013,
            "quarter": 1,
            "eps": null,
            "eps_growth_year": null,
            "eps_4q": null,
            "eps_4q_growth_year": null,
            "roe": null,
            "roe_4q": 0,
            "gross_profit": 42985,
            "gross_margin": null,
            "gross_margin_4q_avg": 0,
            "net_income": 23388,
            "revenue": 142509,
            "common_shares": 148000,
            "book_valuer_per_share": 18.73,
            "book_valuer_per_share_4q_avg": 8.94,
            "equity": 277255,
            "current_ratio": 291.87,
            "debt_ratio": 27.07,
            "inventory_turnover_ratio": null,
            "account_receivable_turnover_ratio": null,
            "reinvestment_rate": null,
            "research_to_sale_ratio": null,
            "price_fair": 0,
            "eps_avg_yearly": 0,
            "eps_latest_yearly": 0,
            "eps_growth_yearly": 0
        },
        "20132": {
            "year_quarter": 20132,
            "year": 2013,
            "quarter": 2,
            "eps": null,
            "eps_growth_year": null,
            "eps_4q": null,
            "eps_4q_growth_year": null,
            "roe": null,
            "roe_4q": 0,
            "gross_profit": 21520,
            "gross_margin": null,
            "gross_margin_4q_avg": 0,
            "net_income": 5757,
            "revenue": 93413,
            "common_shares": 148000,
            "book_valuer_per_share": 16.72,
            "book_valuer_per_share_4q_avg": 13.12,
            "equity": 247399,
            "current_ratio": 282.1,
            "debt_ratio": 25.54,
            "inventory_turnover_ratio": null,
            "account_receivable_turnover_ratio": null,
            "reinvestment_rate": null,
            "research_to_sale_ratio": null,
            "price_fair": 0,
            "eps_avg_yearly": 0,
            "eps_latest_yearly": 0,
            "eps_growth_yearly": 0
        },
        "20133": {
            "year_quarter": 20133,
            "year": 2013,
            "quarter": 3,
            "eps": null,
            "eps_growth_year": null,
            "eps_4q": null,
            "eps_4q_growth_year": null,
            "roe": null,
            "roe_4q": 0,
            "gross_profit": 31652,
            "gross_margin": null,
            "gross_margin_4q_avg": 0,
            "net_income": 15563,
            "revenue": 106943,
            "common_shares": 171840,
            "book_valuer_per_share": 17.21,
            "book_valuer_per_share_4q_avg": 17.42,
            "equity": 295771,
            "current_ratio": 353.81,
            "debt_ratio": 21.75,
            "inventory_turnover_ratio": null,
            "account_receivable_turnover_ratio": null,
            "reinvestment_rate": null,
            "research_to_sale_ratio": null,
            "price_fair": 0,
            "eps_avg_yearly": 0,
            "eps_latest_yearly": 0,
            "eps_growth_yearly": 0
        },
        "20134": {
            "year_quarter": 20134,
            "year": 2013,
            "quarter": 4,
            "eps": null,
            "eps_growth_year": null,
            "eps_4q": null,
            "eps_4q_growth_year": null,
            "roe": null,
            "roe_4q": 0,
            "gross_profit": 41836,
            "gross_margin": null,
            "gross_margin_4q_avg": 0,
            "net_income": 19835,
            "revenue": 143966,
            "common_shares": 171840,
            "book_valuer_per_share": 18.5,
            "book_valuer_per_share_4q_avg": 17.79,
            "equity": 317957,
            "current_ratio": 318.46,
            "debt_ratio": 24.74,
            "inventory_turnover_ratio": null,
            "account_receivable_turnover_ratio": null,
            "reinvestment_rate": null,
            "research_to_sale_ratio": null,
            "price_fair": 0,
            "eps_avg_yearly": 0,
            "eps_latest_yearly": 0,
            "eps_growth_yearly": 0
        },
        "20141": {
            "year_quarter": 20141,
            "year": 2014,
            "quarter": 1,
            "eps": 1.36,
            "eps_growth_year": null,
            "eps_4q": 1.36,
            "eps_4q_growth_year": null,
            "roe": 7.02,
            "roe_4q": 7.02,
            "gross_profit": 43914,
            "gross_margin": 32.5,
            "gross_margin_4q_avg": 8.13,
            "net_income": 23291,
            "revenue": 135127,
            "common_shares": 171840,
            "book_valuer_per_share": 20.09,
            "book_valuer_per_share_4q_avg": 18.13,
            "equity": 345167,
            "current_ratio": 358.65,
            "debt_ratio": 22.49,
            "inventory_turnover_ratio": null,
            "account_receivable_turnover_ratio": 1.93,
            "reinvestment_rate": null,
            "research_to_sale_ratio": null,
            "price_fair": 0,
            "eps_avg_yearly": 0,
            "eps_latest_yearly": 0,
            "eps_growth_yearly": 0
        },
        "20142": {
            "year_quarter": 20142,
            "year": 2014,
            "quarter": 2,
            "eps": 0,
            "eps_growth_year": null,
            "eps_4q": 1.36,
            "eps_4q_growth_year": null,
            "roe": 0,
            "roe_4q": 7.02,
            "gross_profit": 0,
            "gross_margin": null,
            "gross_margin_4q_avg": 8.13,
            "net_income": 0,
            "revenue": 0,
            "common_shares": 171840,
            "book_valuer_per_share": 18.05,
            "book_valuer_per_share_4q_avg": 18.46,
            "equity": 310126,
            "current_ratio": 390.98,
            "debt_ratio": 20.31,
            "inventory_turnover_ratio": null,
            "account_receivable_turnover_ratio": 0,
            "reinvestment_rate": null,
            "research_to_sale_ratio": null,
            "price_fair": 0,
            "eps_avg_yearly": 0,
            "eps_latest_yearly": 0,
            "eps_growth_yearly": 0
        },
        "20143": {
            "year_quarter": 20143,
            "year": 2014,
            "quarter": 3,
            "eps": 0.86,
            "eps_growth_year": null,
            "eps_4q": 2.22,
            "eps_4q_growth_year": null,
            "roe": 4.55,
            "roe_4q": 11.57,
            "gross_profit": 32048,
            "gross_margin": 25.28,
            "gross_margin_4q_avg": 14.45,
            "net_income": 14530,
            "revenue": 126776,
            "common_shares": 171840,
            "book_valuer_per_share": 18.87,
            "book_valuer_per_share_4q_avg": 18.88,
            "equity": 329070,
            "current_ratio": 396.22,
            "debt_ratio": 20.34,
            "inventory_turnover_ratio": null,
            "account_receivable_turnover_ratio": 2.24,
            "reinvestment_rate": null,
            "research_to_sale_ratio": null,
            "price_fair": 0,
            "eps_avg_yearly": 0,
            "eps_latest_yearly": 0,
            "eps_growth_yearly": 0
        },
        "20144": {
            "year_quarter": 20144,
            "year": 2014,
            "quarter": 4,
            "eps": 0.57,
            "eps_growth_year": null,
            "eps_4q": 2.59,
            "eps_4q_growth_year": null,
            "roe": 2.71,
            "roe_4q": 14.28,
            "gross_profit": 33337,
            "gross_margin": 23.7,
            "gross_margin_4q_avg": 20.37,
            "net_income": 10072,
            "revenue": 140633,
            "common_shares": 188000,
            "book_valuer_per_share": 21.75,
            "book_valuer_per_share_4q_avg": 19.69,
            "equity": 413094,
            "current_ratio": 366.54,
            "debt_ratio": 20.26,
            "inventory_turnover_ratio": null,
            "account_receivable_turnover_ratio": 2.08,
            "reinvestment_rate": null,
            "research_to_sale_ratio": null,
            "price_fair": 6.84,
            "eps_avg_yearly": 2.28,
            "eps_latest_yearly": 2.28,
            "eps_growth_yearly": -134.88
        },
        "20151": {
            "year_quarter": 20151,
            "year": 2015,
            "quarter": 1,
            "eps": 1.31,
            "eps_growth_year": -3.68,
            "eps_4q": 2.67,
            "eps_4q_growth_year": 96.68,
            "roe": 5.86,
            "roe_4q": 13.120000000000001,
            "gross_profit": 43840,
            "gross_margin": 29.31,
            "gross_margin_4q_avg": 19.57,
            "net_income": 24937,
            "revenue": 149559,
            "common_shares": 188000,
            "book_valuer_per_share": 23.03,
            "book_valuer_per_share_4q_avg": 20.43,
            "equity": 437434,
            "current_ratio": 400.91,
            "debt_ratio": 19.22,
            "inventory_turnover_ratio": null,
            "account_receivable_turnover_ratio": 2.15,
            "reinvestment_rate": null,
            "research_to_sale_ratio": null,
            "price_fair": 131.6,
            "eps_avg_yearly": 3.76,
            "eps_latest_yearly": 5.24,
            "eps_growth_yearly": 192.21
        },
        "20152": {
            "year_quarter": 20152,
            "year": 2015,
            "quarter": 2,
            "eps": 0.49,
            "eps_growth_year": null,
            "eps_4q": 2.61,
            "eps_4q_growth_year": 92.6,
            "roe": 2.53,
            "roe_4q": 15.650000000000002,
            "gross_profit": 31474,
            "gross_margin": 25.14,
            "gross_margin_4q_avg": 25.86,
            "net_income": 10871,
            "revenue": 125212,
            "common_shares": 188000,
            "book_valuer_per_share": 22.21,
            "book_valuer_per_share_4q_avg": 21.47,
            "equity": 421218,
            "current_ratio": 385.96,
            "debt_ratio": 19.77,
            "inventory_turnover_ratio": null,
            "account_receivable_turnover_ratio": 2.03,
            "reinvestment_rate": null,
            "research_to_sale_ratio": null,
            "price_fair": 110.6,
            "eps_avg_yearly": 3.16,
            "eps_latest_yearly": 1.96,
            "eps_growth_yearly": 44.68
        },
        "20153": {
            "year_quarter": 20153,
            "year": 2015,
            "quarter": 3,
            "eps": 1.05,
            "eps_growth_year": 22.09,
            "eps_4q": 3.04,
            "eps_4q_growth_year": 37.25,
            "roe": 5.67,
            "roe_4q": 16.77,
            "gross_profit": 37831,
            "gross_margin": 22.82,
            "gross_margin_4q_avg": 25.24,
            "net_income": 24096,
            "revenue": 165751,
            "common_shares": 236880,
            "book_valuer_per_share": 17.89,
            "book_valuer_per_share_4q_avg": 21.22,
            "equity": 428358,
            "current_ratio": 394.21,
            "debt_ratio": 19.77,
            "inventory_turnover_ratio": null,
            "account_receivable_turnover_ratio": 2.55,
            "reinvestment_rate": null,
            "research_to_sale_ratio": null,
            "price_fair": 119.7,
            "eps_avg_yearly": 3.42,
            "eps_latest_yearly": 4.2,
            "eps_growth_yearly": 147.79
        },
        "20154": {
            "year_quarter": 20154,
            "year": 2015,
            "quarter": 4,
            "eps": 0.53,
            "eps_growth_year": -6.88,
            "eps_4q": 3.12,
            "eps_4q_growth_year": 20.21,
            "roe": 2.34,
            "roe_4q": 16.4,
            "gross_profit": 39016,
            "gross_margin": 24.06,
            "gross_margin_4q_avg": 25.33,
            "net_income": 10092,
            "revenue": 162141,
            "common_shares": 236880,
            "book_valuer_per_share": 18.21,
            "book_valuer_per_share_4q_avg": 20.34,
            "equity": 433490,
            "current_ratio": 342.94,
            "debt_ratio": 22.78,
            "inventory_turnover_ratio": null,
            "account_receivable_turnover_ratio": 1.97,
            "reinvestment_rate": null,
            "research_to_sale_ratio": null,
            "price_fair": 110.6,
            "eps_avg_yearly": 3.16,
            "eps_latest_yearly": 2.12,
            "eps_growth_yearly": 78.62
        },
        "20161": {
            "year_quarter": 20161,
            "year": 2016,
            "quarter": 1,
            "eps": 0.92,
            "eps_growth_year": -29.77,
            "eps_4q": 3,
            "eps_4q_growth_year": 12.37,
            "roe": 4.41,
            "roe_4q": 14.95,
            "gross_profit": 45726,
            "gross_margin": 29.06,
            "gross_margin_4q_avg": 25.27,
            "net_income": 19727,
            "revenue": 157325,
            "common_shares": 236880,
            "book_valuer_per_share": 19.38,
            "book_valuer_per_share_4q_avg": 19.42,
            "equity": 461270,
            "current_ratio": 393.57,
            "debt_ratio": 20.64,
            "inventory_turnover_ratio": null,
            "account_receivable_turnover_ratio": 1.85,
            "reinvestment_rate": null,
            "research_to_sale_ratio": null,
            "price_fair": 113.63,
            "eps_avg_yearly": 3.25,
            "eps_latest_yearly": 3.68,
            "eps_growth_yearly": 114.57
        },
        "20162": {
            "year_quarter": 20162,
            "year": 2016,
            "quarter": 2,
            "eps": 0.83,
            "eps_growth_year": 69.39,
            "eps_4q": 3.33,
            "eps_4q_growth_year": 27.71,
            "roe": 4.3,
            "roe_4q": 16.72,
            "gross_profit": 40924,
            "gross_margin": 22.68,
            "gross_margin_4q_avg": 24.66,
            "net_income": 18631,
            "revenue": 180431,
            "common_shares": 236880,
            "book_valuer_per_share": 17.11,
            "book_valuer_per_share_4q_avg": 18.15,
            "equity": 405407,
            "current_ratio": 253.2,
            "debt_ratio": 30.71,
            "inventory_turnover_ratio": null,
            "account_receivable_turnover_ratio": 2.33,
            "reinvestment_rate": null,
            "research_to_sale_ratio": null,
            "price_fair": 114,
            "eps_avg_yearly": 3.26,
            "eps_latest_yearly": 3.32,
            "eps_growth_yearly": 92.61
        },
        "20163": {
            "year_quarter": 20163,
            "year": 2016,
            "quarter": 3,
            "eps": 1.11,
            "eps_growth_year": 5.71,
            "eps_4q": 3.39,
            "eps_4q_growth_year": 11.44,
            "roe": 6.32,
            "roe_4q": 17.37,
            "gross_profit": 42719,
            "gross_margin": 22.02,
            "gross_margin_4q_avg": 24.46,
            "net_income": 26264,
            "revenue": 194019,
            "common_shares": 236880,
            "book_valuer_per_share": 17.96,
            "book_valuer_per_share_4q_avg": 18.17,
            "equity": 425455,
            "current_ratio": 362.65,
            "debt_ratio": 22.23,
            "inventory_turnover_ratio": null,
            "account_receivable_turnover_ratio": 2.41,
            "reinvestment_rate": null,
            "research_to_sale_ratio": null,
            "price_fair": 119.18,
            "eps_avg_yearly": 3.41,
            "eps_latest_yearly": 4.44,
            "eps_growth_yearly": 97.9
        },
        "20164": {
            "year_quarter": 20164,
            "year": 2016,
            "quarter": 4,
            "eps": 0.76,
            "eps_growth_year": 43.91,
            "eps_4q": 3.62,
            "eps_4q_growth_year": 16.11,
            "roe": 4.12,
            "roe_4q": 19.150000000000002,
            "gross_profit": 42230,
            "gross_margin": 22.13,
            "gross_margin_4q_avg": 23.97,
            "net_income": 18085,
            "revenue": 190836,
            "common_shares": 236880,
            "book_valuer_per_share": 19.07,
            "book_valuer_per_share_4q_avg": 18.38,
            "equity": 451727,
            "current_ratio": 312.85,
            "debt_ratio": 25.85,
            "inventory_turnover_ratio": null,
            "account_receivable_turnover_ratio": 1.97,
            "reinvestment_rate": -1.99,
            "research_to_sale_ratio": null,
            "price_fair": 117.76,
            "eps_avg_yearly": 3.36,
            "eps_latest_yearly": 3.04,
            "eps_growth_yearly": 73.01
        },
        "20171": {
            "year_quarter": 20171,
            "year": 2017,
            "quarter": 1,
            "eps": 1.07,
            "eps_growth_year": 16.3,
            "eps_4q": 3.77,
            "eps_4q_growth_year": 25.89,
            "roe": 5.41,
            "roe_4q": 20.150000000000002,
            "gross_profit": 51542,
            "gross_margin": 26.2,
            "gross_margin_4q_avg": 23.26,
            "net_income": 25242,
            "revenue": 196711,
            "common_shares": 236880,
            "book_valuer_per_share": 20.34,
            "book_valuer_per_share_4q_avg": 18.62,
            "equity": 481870,
            "current_ratio": 390.67,
            "debt_ratio": 21.44,
            "inventory_turnover_ratio": null,
            "account_receivable_turnover_ratio": 2.16,
            "reinvestment_rate": -3.25,
            "research_to_sale_ratio": null,
            "price_fair": 120.96,
            "eps_avg_yearly": 3.46,
            "eps_latest_yearly": 4.28,
            "eps_growth_yearly": 82.03
        },
        "20172": {
            "year_quarter": 20172,
            "year": 2017,
            "quarter": 2,
            "eps": 0.68,
            "eps_growth_year": -18.07,
            "eps_4q": 3.62,
            "eps_4q_growth_year": 8.62,
            "roe": 3.56,
            "roe_4q": 19.41,
            "gross_profit": 33198,
            "gross_margin": 23.95,
            "gross_margin_4q_avg": 23.58,
            "net_income": 16190,
            "revenue": 138629,
            "common_shares": 236880,
            "book_valuer_per_share": 18.09,
            "book_valuer_per_share_4q_avg": 18.87,
            "equity": 428444,
            "current_ratio": 279.34,
            "debt_ratio": 28.48,
            "inventory_turnover_ratio": null,
            "account_receivable_turnover_ratio": 2.14,
            "reinvestment_rate": -7.14,
            "research_to_sale_ratio": null,
            "price_fair": 118.62,
            "eps_avg_yearly": 3.39,
            "eps_latest_yearly": 2.72,
            "eps_growth_yearly": 61.32
        },
        "20173": {
            "year_quarter": 20173,
            "year": 2017,
            "quarter": 3,
            "eps": 1.28,
            "eps_growth_year": 15.32,
            "eps_4q": 3.79,
            "eps_4q_growth_year": 11.98,
            "roe": 6.9,
            "roe_4q": 19.990000000000002,
            "gross_profit": 36818,
            "gross_margin": 24.86,
            "gross_margin_4q_avg": 24.29,
            "net_income": 30365,
            "revenue": 148129,
            "common_shares": 236880,
            "book_valuer_per_share": 19.09,
            "book_valuer_per_share_4q_avg": 19.15,
            "equity": 452238,
            "current_ratio": 434.28,
            "debt_ratio": 18.97,
            "inventory_turnover_ratio": null,
            "account_receivable_turnover_ratio": 2.28,
            "reinvestment_rate": -4.35,
            "research_to_sale_ratio": null,
            "price_fair": 123.67,
            "eps_avg_yearly": 3.53,
            "eps_latest_yearly": 5.12,
            "eps_growth_yearly": 85.62
        },
        "20174": {
            "year_quarter": 20174,
            "year": 2017,
            "quarter": 4,
            "eps": 0.76,
            "eps_growth_year": -1,
            "eps_4q": 3.79,
            "eps_4q_growth_year": 4.56,
            "roe": 3.91,
            "roe_4q": 19.78,
            "gross_profit": 42452,
            "gross_margin": 24.66,
            "gross_margin_4q_avg": 24.92,
            "net_income": 17904,
            "revenue": 172148,
            "common_shares": 236880,
            "book_valuer_per_share": 19.59,
            "book_valuer_per_share_4q_avg": 19.28,
            "equity": 463936,
            "current_ratio": 325.58,
            "debt_ratio": 22.16,
            "inventory_turnover_ratio": null,
            "account_receivable_turnover_ratio": 2.1,
            "reinvestment_rate": 12.39,
            "research_to_sale_ratio": null,
            "price_fair": 122.34,
            "eps_avg_yearly": 3.5,
            "eps_latest_yearly": 3.04,
            "eps_growth_yearly": 66.53
        },
        "20181": {
            "year_quarter": 20181,
            "year": 2018,
            "quarter": 1,
            "eps": 0.79,
            "eps_growth_year": -26.17,
            "eps_4q": 3.51,
            "eps_4q_growth_year": -7.01,
            "roe": 3.79,
            "roe_4q": 18.16,
            "gross_profit": 45005,
            "gross_margin": 25.24,
            "gross_margin_4q_avg": 24.68,
            "net_income": 18319,
            "revenue": 178338,
            "common_shares": 236880,
            "book_valuer_per_share": 20.96,
            "book_valuer_per_share_4q_avg": 19.43,
            "equity": 502923,
            "current_ratio": 281.5,
            "debt_ratio": 25.62,
            "inventory_turnover_ratio": null,
            "account_receivable_turnover_ratio": 2.18,
            "reinvestment_rate": -24.08,
            "research_to_sale_ratio": null,
            "price_fair": 121.5,
            "eps_avg_yearly": 3.47,
            "eps_latest_yearly": 3.16,
            "eps_growth_yearly": 62.91
        },
        "20182": {
            "year_quarter": 20182,
            "year": 2018,
            "quarter": 2,
            "eps": 1.05,
            "eps_growth_year": 54.41,
            "eps_4q": 3.88,
            "eps_4q_growth_year": 7.07,
            "roe": 4.67,
            "roe_4q": 19.270000000000003,
            "gross_profit": 49299,
            "gross_margin": 25.68,
            "gross_margin_4q_avg": 25.11,
            "net_income": 22199,
            "revenue": 191955,
            "common_shares": 236880,
            "book_valuer_per_share": 18.35,
            "book_valuer_per_share_4q_avg": 19.5,
            "equity": 448540,
            "current_ratio": 212.35,
            "debt_ratio": 34.39,
            "inventory_turnover_ratio": null,
            "account_receivable_turnover_ratio": 2.6,
            "reinvestment_rate": -1.27,
            "research_to_sale_ratio": null,
            "price_fair": 123.2,
            "eps_avg_yearly": 3.52,
            "eps_latest_yearly": 4.2,
            "eps_growth_yearly": 67.49
        },
        "20183": {
            "year_quarter": 20183,
            "year": 2018,
            "quarter": 3,
            "eps": 0.57,
            "eps_growth_year": -55.47,
            "eps_4q": 3.16,
            "eps_4q_growth_year": -16.66,
            "roe": 2.23,
            "roe_4q": 14.600000000000001,
            "gross_profit": 37301,
            "gross_margin": 24.04,
            "gross_margin_4q_avg": 24.91,
            "net_income": 9947,
            "revenue": 155136,
            "common_shares": 236880,
            "book_valuer_per_share": 18.34,
            "book_valuer_per_share_4q_avg": 19.31,
            "equity": 444335,
            "current_ratio": 301.57,
            "debt_ratio": 24.85,
            "inventory_turnover_ratio": null,
            "account_receivable_turnover_ratio": 2.13,
            "reinvestment_rate": -0.61,
            "research_to_sale_ratio": null,
            "price_fair": 120.49,
            "eps_avg_yearly": 3.44,
            "eps_latest_yearly": 2.28,
            "eps_growth_yearly": 51.84
        },
        "20184": {
            "year_quarter": 20184,
            "year": 2018,
            "quarter": 4,
            "eps": 0.79,
            "eps_growth_year": 5,
            "eps_4q": 3.2,
            "eps_4q_growth_year": -15.49,
            "roe": 3.21,
            "roe_4q": 13.899999999999999,
            "gross_profit": 47153,
            "gross_margin": 24.16,
            "gross_margin_4q_avg": 24.78,
            "net_income": 14405,
            "revenue": 195177,
            "common_shares": 236880,
            "book_valuer_per_share": 18.84,
            "book_valuer_per_share_4q_avg": 19.12,
            "equity": 451961,
            "current_ratio": 262.54,
            "debt_ratio": 30.22,
            "inventory_turnover_ratio": null,
            "account_receivable_turnover_ratio": 2.29,
            "reinvestment_rate": -16.84,
            "research_to_sale_ratio": null,
            "price_fair": 122.41,
            "eps_avg_yearly": 3.5,
            "eps_latest_yearly": 3.16,
            "eps_growth_yearly": 69.92
        },
        "20191": {
            "year_quarter": 20191,
            "year": 2019,
            "quarter": 1,
            "eps": 0.53,
            "eps_growth_year": -32.91,
            "eps_4q": 2.95,
            "eps_4q_growth_year": -15.98,
            "roe": 1.65,
            "roe_4q": 11.76,
            "gross_profit": 38454,
            "gross_margin": 23.44,
            "gross_margin_4q_avg": 24.33,
            "net_income": 7594,
            "revenue": 164085,
            "common_shares": 236880,
            "book_valuer_per_share": 19.68,
            "book_valuer_per_share_4q_avg": 18.8,
            "equity": 466829,
            "current_ratio": 269.76,
            "debt_ratio": 31.73,
            "inventory_turnover_ratio": null,
            "account_receivable_turnover_ratio": 2.04,
            "reinvestment_rate": -17.12,
            "research_to_sale_ratio": null,
            "price_fair": 115.59,
            "eps_avg_yearly": 3.3,
            "eps_latest_yearly": 2.12,
            "eps_growth_yearly": 29.24
        },
        "20192": {
            "year_quarter": 20192,
            "year": 2019,
            "quarter": 2,
            "eps": 0.83,
            "eps_growth_year": -20.95,
            "eps_4q": 2.59,
            "eps_4q_growth_year": -33.15,
            "roe": 3.8,
            "roe_4q": 10.89,
            "gross_profit": 49824,
            "gross_margin": 24.79,
            "gross_margin_4q_avg": 24.11,
            "net_income": 18166,
            "revenue": 200986,
            "common_shares": 250243,
            "book_valuer_per_share": 19.55,
            "book_valuer_per_share_4q_avg": 19.1,
            "equity": 489100,
            "current_ratio": 180.44,
            "debt_ratio": 37.61,
            "inventory_turnover_ratio": null,
            "account_receivable_turnover_ratio": 2.9,
            "reinvestment_rate": -12.84,
            "research_to_sale_ratio": null,
            "price_fair": 118.56,
            "eps_avg_yearly": 3.39,
            "eps_latest_yearly": 3.32,
            "eps_growth_yearly": 59.04
        },
        "20193": {
            "year_quarter": 20193,
            "year": 2019,
            "quarter": 3,
            "eps": 0.85,
            "eps_growth_year": 49.12,
            "eps_4q": 2.91,
            "eps_4q_growth_year": -8.13,
            "roe": 4.24,
            "roe_4q": 12.899999999999999,
            "gross_profit": 49224,
            "gross_margin": 20.42,
            "gross_margin_4q_avg": 23.2,
            "net_income": 21271,
            "revenue": 241000,
            "common_shares": 250243,
            "book_valuer_per_share": 20.59,
            "book_valuer_per_share_4q_avg": 19.67,
            "equity": 515232,
            "current_ratio": 222.94,
            "debt_ratio": 31.47,
            "inventory_turnover_ratio": null,
            "account_receivable_turnover_ratio": 2.64,
            "reinvestment_rate": -13.45,
            "research_to_sale_ratio": null,
            "price_fair": 116.81,
            "eps_avg_yearly": 3.34,
            "eps_latest_yearly": 3.4,
            "eps_growth_yearly": 31.07
        },
        "20194": {
            "year_quarter": 20194,
            "year": 2019,
            "quarter": 4,
            "eps": 0.82,
            "eps_growth_year": 3.73,
            "eps_4q": 2.98,
            "eps_4q_growth_year": -6.97,
            "roe": 3.9,
            "roe_4q": 13.590000000000002,
            "gross_profit": 51640,
            "gross_margin": 20.06,
            "gross_margin_4q_avg": 22.18,
            "net_income": 20481,
            "revenue": 257449,
            "common_shares": 250243,
            "book_valuer_per_share": 21.43,
            "book_valuer_per_share_4q_avg": 20.31,
            "equity": 536249,
            "current_ratio": 211.85,
            "debt_ratio": 33.76,
            "inventory_turnover_ratio": null,
            "account_receivable_turnover_ratio": 2.11,
            "reinvestment_rate": -13.47,
            "research_to_sale_ratio": null,
            "price_fair": 119.35,
            "eps_avg_yearly": 3.41,
            "eps_latest_yearly": 3.28,
            "eps_growth_yearly": 42.57
        },
        "20201": {
            "year_quarter": 20201,
            "year": 2020,
            "quarter": 1,
            "eps": 0.75,
            "eps_growth_year": 41.51,
            "eps_4q": 3.22,
            "eps_4q_growth_year": 9.28,
            "roe": 3.45,
            "roe_4q": 15.39,
            "gross_profit": 48660,
            "gross_margin": 19.68,
            "gross_margin_4q_avg": 21.24,
            "net_income": 18665,
            "revenue": 247295,
            "common_shares": 250243,
            "book_valuer_per_share": 21.81,
            "book_valuer_per_share_4q_avg": 20.85,
            "equity": 545679,
            "current_ratio": 221.82,
            "debt_ratio": 31.82,
            "inventory_turnover_ratio": null,
            "account_receivable_turnover_ratio": 2.21,
            "reinvestment_rate": -12.64,
            "research_to_sale_ratio": null,
            "price_fair": 107.89,
            "eps_avg_yearly": 3.37,
            "eps_latest_yearly": 3,
            "eps_growth_yearly": 22.04
        },
        "20202": {
            "year_quarter": 20202,
            "year": 2020,
            "quarter": 2,
            "eps": 0.96,
            "eps_growth_year": 15.66,
            "eps_4q": 3.38,
            "eps_4q_growth_year": 30.41,
            "roe": 4.6,
            "roe_4q": 16.19,
            "gross_profit": 52083,
            "gross_margin": 22.46,
            "gross_margin_4q_avg": 20.66,
            "net_income": 24043,
            "revenue": 231923,
            "common_shares": 250243,
            "book_valuer_per_share": 19.96,
            "book_valuer_per_share_4q_avg": 20.95,
            "equity": 499534,
            "current_ratio": 176.62,
            "debt_ratio": 38.25,
            "inventory_turnover_ratio": null,
            "account_receivable_turnover_ratio": 2.63,
            "reinvestment_rate": -13.29,
            "research_to_sale_ratio": null,
            "price_fair": 119,
            "eps_avg_yearly": 3.4,
            "eps_latest_yearly": 3.84,
            "eps_growth_yearly": 31.48
        },
        "20203": {
            "year_quarter": 20203,
            "year": 2020,
            "quarter": 3,
            "eps": 0.72,
            "eps_growth_year": -15.29,
            "eps_4q": 3.25,
            "eps_4q_growth_year": 11.91,
            "roe": 3.55,
            "roe_4q": 15.499999999999998,
            "gross_profit": 41823,
            "gross_margin": 18.97,
            "gross_margin_4q_avg": 20.29,
            "net_income": 18051,
            "revenue": 220519,
            "common_shares": 250243,
            "book_valuer_per_share": 20.72,
            "book_valuer_per_share_4q_avg": 20.98,
            "equity": 518508,
            "current_ratio": 227.45,
            "debt_ratio": 29.62,
            "inventory_turnover_ratio": null,
            "account_receivable_turnover_ratio": 2.67,
            "reinvestment_rate": -13.31,
            "research_to_sale_ratio": null,
            "price_fair": 88.5,
            "eps_avg_yearly": 3.3,
            "eps_latest_yearly": 2.88,
            "eps_growth_yearly": 16.8
        },
        "20204": {
            "year_quarter": 20204,
            "year": 2020,
            "quarter": 4,
            "eps": 1.04,
            "eps_growth_year": 26.61,
            "eps_4q": 3.47,
            "eps_4q_growth_year": 16.57,
            "roe": 4.87,
            "roe_4q": 16.47,
            "gross_profit": 56095,
            "gross_margin": 26.12,
            "gross_margin_4q_avg": 21.81,
            "net_income": 26085,
            "revenue": 214793,
            "common_shares": 250243,
            "book_valuer_per_share": 22.08,
            "book_valuer_per_share_4q_avg": 21.14,
            "equity": 552529,
            "current_ratio": 219.94,
            "debt_ratio": 30.99,
            "inventory_turnover_ratio": null,
            "account_receivable_turnover_ratio": 2.25,
            "reinvestment_rate": -14.38,
            "research_to_sale_ratio": null,
            "price_fair": 118.04,
            "eps_avg_yearly": 3.37,
            "eps_latest_yearly": 4.16,
            "eps_growth_yearly": 35.79
        },
        "20211": {
            "year_quarter": 20211,
            "year": 2021,
            "quarter": 1,
            "eps": 0.64,
            "eps_growth_year": -14.67,
            "eps_4q": 3.36,
            "eps_4q_growth_year": 4.41,
            "roe": 2.82,
            "roe_4q": 15.839999999999998,
            "gross_profit": 40387,
            "gross_margin": 20.02,
            "gross_margin_4q_avg": 21.89,
            "net_income": 15941,
            "revenue": 201773,
            "common_shares": 250243,
            "book_valuer_per_share": 23.09,
            "book_valuer_per_share_4q_avg": 21.46,
            "equity": 577838,
            "current_ratio": 241.71,
            "debt_ratio": 28.48,
            "inventory_turnover_ratio": null,
            "account_receivable_turnover_ratio": 2.13,
            "reinvestment_rate": -14.45,
            "research_to_sale_ratio": null,
            "price_fair": 84.83,
            "eps_avg_yearly": 3.27,
            "eps_latest_yearly": 2.56,
            "eps_growth_yearly": 15.98
        },
        "20212": {
            "year_quarter": 20212,
            "year": 2021,
            "quarter": 2,
            "eps": 0.85,
            "eps_growth_year": -11.46,
            "eps_4q": 3.25,
            "eps_4q_growth_year": -3.84,
            "roe": 3.57,
            "roe_4q": 14.809999999999999,
            "gross_profit": 46244,
            "gross_margin": 22.26,
            "gross_margin_4q_avg": 21.84,
            "net_income": 21257,
            "revenue": 207716,
            "common_shares": 250243,
            "book_valuer_per_share": 24.54,
            "book_valuer_per_share_4q_avg": 22.61,
            "equity": 614069,
            "current_ratio": 275,
            "debt_ratio": 25.5,
            "inventory_turnover_ratio": null,
            "account_receivable_turnover_ratio": 2.83,
            "reinvestment_rate": -14.54,
            "research_to_sale_ratio": null,
            "price_fair": 115.76,
            "eps_avg_yearly": 3.31,
            "eps_latest_yearly": 3.4,
            "eps_growth_yearly": 33.3
        },
        "20213": {
            "year_quarter": 20213,
            "year": 2021,
            "quarter": 3,
            "eps": 0.48,
            "eps_growth_year": -33.33,
            "eps_4q": 3,
            "eps_4q_growth_year": -7.61,
            "roe": 2.06,
            "roe_4q": 13.32,
            "gross_profit": 35006,
            "gross_margin": 18.84,
            "gross_margin_4q_avg": 21.81,
            "net_income": 11890,
            "revenue": 185828,
            "common_shares": 250243,
            "book_valuer_per_share": 21.62,
            "book_valuer_per_share_4q_avg": 22.83,
            "equity": 540939,
            "current_ratio": 244.19,
            "debt_ratio": 26.57,
            "inventory_turnover_ratio": null,
            "account_receivable_turnover_ratio": 2.53,
            "reinvestment_rate": -18.04,
            "research_to_sale_ratio": null,
            "price_fair": 31.08,
            "eps_avg_yearly": 3.11,
            "eps_latest_yearly": 1.92,
            "eps_growth_yearly": 0.35
        },
        "20214": {
            "year_quarter": 20214,
            "year": 2021,
            "quarter": 4,
            "eps": 1.02,
            "eps_growth_year": -1.91,
            "eps_4q": 2.98,
            "eps_4q_growth_year": -14.01,
            "roe": 4.61,
            "roe_4q": 13.06,
            "gross_profit": 54765,
            "gross_margin": 25.21,
            "gross_margin_4q_avg": 21.58,
            "net_income": 25588,
            "revenue": 217253,
            "common_shares": 250243,
            "book_valuer_per_share": 22.74,
            "book_valuer_per_share_4q_avg": 23,
            "equity": 569016,
            "current_ratio": 252.63,
            "debt_ratio": 26.62,
            "inventory_turnover_ratio": null,
            "account_receivable_turnover_ratio": 2.63,
            "reinvestment_rate": -33.76,
            "research_to_sale_ratio": null,
            "price_fair": 111.04,
            "eps_avg_yearly": 3.17,
            "eps_latest_yearly": 4.08,
            "eps_growth_yearly": 38.64
        },
        "20221": {
            "year_quarter": 20221,
            "year": 2022,
            "quarter": 1,
            "eps": 0.48,
            "eps_growth_year": -25,
            "eps_4q": 2.83,
            "eps_4q_growth_year": -15.75,
            "roe": 2.12,
            "roe_4q": 12.360000000000001,
            "gross_profit": 37777,
            "gross_margin": 20.81,
            "gross_margin_4q_avg": 21.78,
            "net_income": 12135,
            "revenue": 181544,
            "common_shares": 250243,
            "book_valuer_per_share": 23.11,
            "book_valuer_per_share_4q_avg": 23,
            "equity": 578291,
            "current_ratio": 269.45,
            "debt_ratio": 26.06,
            "inventory_turnover_ratio": null,
            "account_receivable_turnover_ratio": 2.25,
            "reinvestment_rate": 0.29,
            "research_to_sale_ratio": null,
            "price_fair": 106.51,
            "eps_avg_yearly": 3.1,
            "eps_latest_yearly": 1.92,
            "eps_growth_yearly": 24.41
        },
        "20222": {
            "year_quarter": 20222,
            "year": 2022,
            "quarter": 2,
            "eps": 1.09,
            "eps_growth_year": 28.24,
            "eps_4q": 3.07,
            "eps_4q_growth_year": -5.55,
            "roe": 4.99,
            "roe_4q": 13.780000000000001,
            "gross_profit": 45928,
            "gross_margin": 24.03,
            "gross_margin_4q_avg": 22.22,
            "net_income": 27208,
            "revenue": 191122,
            "common_shares": 250243,
            "book_valuer_per_share": 20.47,
            "book_valuer_per_share_4q_avg": 21.99,
            "equity": 512208,
            "current_ratio": 240.97,
            "debt_ratio": 29.42,
            "inventory_turnover_ratio": null,
            "account_receivable_turnover_ratio": 2.72,
            "reinvestment_rate": -0.37,
            "research_to_sale_ratio": null,
            "price_fair": 108.68,
            "eps_avg_yearly": 3.11,
            "eps_latest_yearly": 4.36,
            "eps_growth_yearly": 47.96
        },
        "20223": {
            "year_quarter": 20223,
            "year": 2022,
            "quarter": 3,
            "eps": 0.33,
            "eps_growth_year": -31.25,
            "eps_4q": 2.93,
            "eps_4q_growth_year": -2.51,
            "roe": 1.63,
            "roe_4q": 13.350000000000001,
            "gross_profit": 31960,
            "gross_margin": 20.16,
            "gross_margin_4q_avg": 22.55,
            "net_income": 8358,
            "revenue": 158567,
            "common_shares": 250243,
            "book_valuer_per_share": 20.55,
            "book_valuer_per_share_4q_avg": 21.72,
            "equity": 514321,
            "current_ratio": 264.78,
            "debt_ratio": 28.58,
            "inventory_turnover_ratio": null,
            "account_receivable_turnover_ratio": 2.37,
            "reinvestment_rate": -0.6,
            "research_to_sale_ratio": null,
            "price_fair": 106.58,
            "eps_avg_yearly": 3.05,
            "eps_latest_yearly": 1.32,
            "eps_growth_yearly": 41.95
        },
        "20224": {
            "year_quarter": 20224,
            "year": 2022,
            "quarter": 4,
            "eps": 0.73,
            "eps_growth_year": -28.68,
            "eps_4q": 2.64,
            "eps_4q_growth_year": -11.68,
            "roe": 3.48,
            "roe_4q": 12.219999999999999,
            "gross_profit": 46867,
            "gross_margin": 22.68,
            "gross_margin_4q_avg": 21.92,
            "net_income": 18250,
            "revenue": 206683,
            "common_shares": 250243,
            "book_valuer_per_share": 21.35,
            "book_valuer_per_share_4q_avg": 21.37,
            "equity": 534176,
            "current_ratio": 244.93,
            "debt_ratio": 30.97,
            "inventory_turnover_ratio": null,
            "account_receivable_turnover_ratio": 2.67,
            "reinvestment_rate": -0.5,
            "research_to_sale_ratio": null,
            "price_fair": 106.05,
            "eps_avg_yearly": 3.03,
            "eps_latest_yearly": 2.92,
            "eps_growth_yearly": 62.61
        },
        "20231": {
            "year_quarter": 20231,
            "year": 2023,
            "quarter": 1,
            "eps": 0.31,
            "eps_growth_year": -35.42,
            "eps_4q": 2.46,
            "eps_4q_growth_year": -13.19,
            "roe": 1.5,
            "roe_4q": 11.600000000000001,
            "gross_profit": 30109,
            "gross_margin": 17.72,
            "gross_margin_4q_avg": 21.15,
            "net_income": 7703,
            "revenue": 169891,
            "common_shares": 250243,
            "book_valuer_per_share": 19.7,
            "book_valuer_per_share_4q_avg": 20.52,
            "equity": 492985,
            "current_ratio": 190.13,
            "debt_ratio": 36.59,
            "inventory_turnover_ratio": null,
            "account_receivable_turnover_ratio": 2.16,
            "reinvestment_rate": -0.58,
            "research_to_sale_ratio": null,
            "price_fair": 104.13,
            "eps_avg_yearly": 2.98,
            "eps_latest_yearly": 1.24,
            "eps_growth_yearly": 56.45
        }
    },
    "months": {
        "2013-11": {
            "month": "2013-11",
            "price": "34.58",
            "revenue": 36992
        },
        "2013-12": {
            "month": "2013-12",
            "price": "34.61",
            "revenue": 59764
        },
        "2014-01": {
            "month": "2014-01",
            "price": "35.51",
            "revenue": 40934
        },
        "2014-02": {
            "month": "2014-02",
            "price": "41.98",
            "revenue": 34907
        },
        "2014-03": {
            "month": "2014-03",
            "price": "49.15",
            "revenue": 59280
        },
        "2014-04": {
            "month": "2014-04",
            "price": "50.85",
            "revenue": 38210
        },
        "2014-05": {
            "month": "2014-05",
            "price": "55.33",
            "revenue": 38858
        },
        "2014-06": {
            "month": "2014-06",
            "price": "64.53",
            "revenue": 42845
        },
        "2014-07": {
            "month": "2014-07",
            "price": "64.89",
            "revenue": 35621
        },
        "2014-08": {
            "month": "2014-08",
            "price": "63.91",
            "revenue": 37053
        },
        "2014-09": {
            "month": "2014-09",
            "price": "61.59",
            "revenue": 54108
        },
        "2014-10": {
            "month": "2014-10",
            "price": "45.94",
            "revenue": 56324
        },
        "2014-11": {
            "month": "2014-11",
            "price": "45.57",
            "revenue": 32078
        },
        "2014-12": {
            "month": "2014-12",
            "price": "45.39",
            "revenue": 52231
        },
        "2015-01": {
            "month": "2015-01",
            "price": "45.92",
            "revenue": 53482
        },
        "2015-02": {
            "month": "2015-02",
            "price": "47.55",
            "revenue": 30529
        },
        "2015-03": {
            "month": "2015-03",
            "price": "47.99",
            "revenue": 65549
        },
        "2015-04": {
            "month": "2015-04",
            "price": "49.49",
            "revenue": 37464
        },
        "2015-05": {
            "month": "2015-05",
            "price": "60.11",
            "revenue": 39077
        },
        "2015-06": {
            "month": "2015-06",
            "price": "58.06",
            "revenue": 48670
        },
        "2015-07": {
            "month": "2015-07",
            "price": "55.91",
            "revenue": 48633
        },
        "2015-08": {
            "month": "2015-08",
            "price": "49.06",
            "revenue": 56600
        },
        "2015-09": {
            "month": "2015-09",
            "price": "43.99",
            "revenue": 60518
        },
        "2015-10": {
            "month": "2015-10",
            "price": "44.53",
            "revenue": 55279
        },
        "2015-11": {
            "month": "2015-11",
            "price": "44.59",
            "revenue": 44221
        },
        "2015-12": {
            "month": "2015-12",
            "price": "42.34",
            "revenue": 62641
        },
        "2016-01": {
            "month": "2016-01",
            "price": "41.09",
            "revenue": 54690
        },
        "2016-02": {
            "month": "2016-02",
            "price": "42.90",
            "revenue": 33149
        },
        "2016-03": {
            "month": "2016-03",
            "price": "44.59",
            "revenue": 69486
        },
        "2016-04": {
            "month": "2016-04",
            "price": "42.45",
            "revenue": 64843
        },
        "2016-05": {
            "month": "2016-05",
            "price": "42.79",
            "revenue": 59989
        },
        "2016-06": {
            "month": "2016-06",
            "price": "44.59",
            "revenue": 55599
        },
        "2016-07": {
            "month": "2016-07",
            "price": "43.65",
            "revenue": 64764
        },
        "2016-08": {
            "month": "2016-08",
            "price": "43.41",
            "revenue": 71569
        },
        "2016-09": {
            "month": "2016-09",
            "price": "43.72",
            "revenue": 57687
        },
        "2016-10": {
            "month": "2016-10",
            "price": "43.10",
            "revenue": 58628
        },
        "2016-11": {
            "month": "2016-11",
            "price": "42.63",
            "revenue": 50431
        },
        "2016-12": {
            "month": "2016-12",
            "price": "42.63",
            "revenue": 81776
        },
        "2017-01": {
            "month": "2017-01",
            "price": "42.94",
            "revenue": 57451
        },
        "2017-02": {
            "month": "2017-02",
            "price": "44.83",
            "revenue": 68102
        },
        "2017-03": {
            "month": "2017-03",
            "price": "46.16",
            "revenue": 71158
        },
        "2017-04": {
            "month": "2017-04",
            "price": "48.05",
            "revenue": 52159
        },
        "2017-05": {
            "month": "2017-05",
            "price": "48.67",
            "revenue": 43739
        },
        "2017-06": {
            "month": "2017-06",
            "price": "48.11",
            "revenue": 42731
        },
        "2017-07": {
            "month": "2017-07",
            "price": "46.24",
            "revenue": 43558
        },
        "2017-08": {
            "month": "2017-08",
            "price": "44.44",
            "revenue": 47500
        },
        "2017-09": {
            "month": "2017-09",
            "price": "43.21",
            "revenue": 57071
        },
        "2017-10": {
            "month": "2017-10",
            "price": "43.34",
            "revenue": 59718
        },
        "2017-11": {
            "month": "2017-11",
            "price": "43.68",
            "revenue": 48148
        },
        "2017-12": {
            "month": "2017-12",
            "price": "44.49",
            "revenue": 64282
        },
        "2018-01": {
            "month": "2018-01",
            "price": "45.67",
            "revenue": 65677
        },
        "2018-02": {
            "month": "2018-02",
            "price": "45.66",
            "revenue": 47398
        },
        "2018-03": {
            "month": "2018-03",
            "price": "48.33",
            "revenue": 65311
        },
        "2018-04": {
            "month": "2018-04",
            "price": "48.18",
            "revenue": 73989
        },
        "2018-05": {
            "month": "2018-05",
            "price": "46.51",
            "revenue": 61473
        },
        "2018-06": {
            "month": "2018-06",
            "price": "46.20",
            "revenue": 56500
        },
        "2018-07": {
            "month": "2018-07",
            "price": "44.83",
            "revenue": 48965
        },
        "2018-08": {
            "month": "2018-08",
            "price": "45.40",
            "revenue": 57935
        },
        "2018-09": {
            "month": "2018-09",
            "price": "45.78",
            "revenue": 48181
        },
        "2018-10": {
            "month": "2018-10",
            "price": "45.68",
            "revenue": 60830
        },
        "2018-11": {
            "month": "2018-11",
            "price": "45.20",
            "revenue": 55082
        },
        "2018-12": {
            "month": "2018-12",
            "price": "44.95",
            "revenue": 79265
        },
        "2019-01": {
            "month": "2019-01",
            "price": "45.48",
            "revenue": 59294
        },
        "2019-02": {
            "month": "2019-02",
            "price": "45.70",
            "revenue": 44078
        },
        "2019-03": {
            "month": "2019-03",
            "price": "46.08",
            "revenue": 60713
        },
        "2019-04": {
            "month": "2019-04",
            "price": "46.01",
            "revenue": 85235
        },
        "2019-05": {
            "month": "2019-05",
            "price": "45.14",
            "revenue": 51557
        },
        "2019-06": {
            "month": "2019-06",
            "price": "44.78",
            "revenue": 64194
        },
        "2019-07": {
            "month": "2019-07",
            "price": "44.46",
            "revenue": 73346
        },
        "2019-08": {
            "month": "2019-08",
            "price": "44.19",
            "revenue": 88035
        },
        "2019-09": {
            "month": "2019-09",
            "price": "44.92",
            "revenue": 79618
        },
        "2019-10": {
            "month": "2019-10",
            "price": "45.61",
            "revenue": 79222
        },
        "2019-11": {
            "month": "2019-11",
            "price": "45.02",
            "revenue": 85492
        },
        "2019-12": {
            "month": "2019-12",
            "price": "44.88",
            "revenue": 92735
        },
        "2020-01": {
            "month": "2020-01",
            "price": "45.32",
            "revenue": 77246
        },
        "2020-02": {
            "month": "2020-02",
            "price": "45.58",
            "revenue": 85977
        },
        "2020-03": {
            "month": "2020-03",
            "price": "45.06",
            "revenue": 84077
        },
        "2020-04": {
            "month": "2020-04",
            "price": "45.31",
            "revenue": 91209
        },
        "2020-05": {
            "month": "2020-05",
            "price": "46.44",
            "revenue": 60534
        },
        "2020-06": {
            "month": "2020-06",
            "price": "46.97",
            "revenue": 80175
        },
        "2020-07": {
            "month": "2020-07",
            "price": "46.02",
            "revenue": 99451
        },
        "2020-08": {
            "month": "2020-08",
            "price": "47.16",
            "revenue": 66779
        },
        "2020-09": {
            "month": "2020-09",
            "price": "46.89",
            "revenue": 54289
        },
        "2020-10": {
            "month": "2020-10",
            "price": "45.99",
            "revenue": 83059
        },
        "2020-11": {
            "month": "2020-11",
            "price": "45.77",
            "revenue": 55586
        },
        "2020-12": {
            "month": "2020-12",
            "price": "45.56",
            "revenue": 76148
        },
        "2021-01": {
            "month": "2021-01",
            "price": "45.58",
            "revenue": 85238
        },
        "2021-02": {
            "month": "2021-02",
            "price": "46.02",
            "revenue": 49077
        },
        "2021-03": {
            "month": "2021-03",
            "price": "48.34",
            "revenue": 67458
        },
        "2021-04": {
            "month": "2021-04",
            "price": "49.11",
            "revenue": 82922
        },
        "2021-05": {
            "month": "2021-05",
            "price": "48.99",
            "revenue": 66788
        },
        "2021-06": {
            "month": "2021-06",
            "price": "48.91",
            "revenue": 58006
        },
        "2021-07": {
            "month": "2021-07",
            "price": "48.21",
            "revenue": 75036
        },
        "2021-08": {
            "month": "2021-08",
            "price": "47.33",
            "revenue": 48602
        },
        "2021-09": {
            "month": "2021-09",
            "price": "47.21",
            "revenue": 62190
        },
        "2021-10": {
            "month": "2021-10",
            "price": "47.05",
            "revenue": 87420
        },
        "2021-11": {
            "month": "2021-11",
            "price": "47.25",
            "revenue": 58834
        },
        "2021-12": {
            "month": "2021-12",
            "price": "47.11",
            "revenue": 70999
        },
        "2022-01": {
            "month": "2022-01",
            "price": "47.05",
            "revenue": 61305
        },
        "2022-02": {
            "month": "2022-02",
            "price": "47.11",
            "revenue": 45203
        },
        "2022-03": {
            "month": "2022-03",
            "price": "47.78",
            "revenue": 75036
        },
        "2022-04": {
            "month": "2022-04",
            "price": "48.34",
            "revenue": 84913
        },
        "2022-05": {
            "month": "2022-05",
            "price": "48.58",
            "revenue": 46672
        },
        "2022-06": {
            "month": "2022-06",
            "price": "47.95",
            "revenue": 59537
        },
        "2022-07": {
            "month": "2022-07",
            "price": "46.99",
            "revenue": 49418
        },
        "2022-08": {
            "month": "2022-08",
            "price": "47.76",
            "revenue": 44716
        },
        "2022-09": {
            "month": "2022-09",
            "price": "47.55",
            "revenue": 64433
        },
        "2022-10": {
            "month": "2022-10",
            "price": "47.09",
            "revenue": 71887
        },
        "2022-11": {
            "month": "2022-11",
            "price": "47.35",
            "revenue": 56992
        },
        "2022-12": {
            "month": "2022-12",
            "price": "47.77",
            "revenue": 77804
        },
        "2023-01": {
            "month": "2023-01",
            "price": "47.80",
            "revenue": 54575
        },
        "2023-02": {
            "month": "2023-02",
            "price": "48.24",
            "revenue": 54115
        },
        "2023-03": {
            "month": "2023-03",
            "price": "48.59",
            "revenue": 61201
        },
        "2023-04": {
            "month": "2023-04",
            "price": "49.12",
            "revenue": 70932
        },
        "2023-05": {
            "month": "2023-05",
            "price": "49.12",
            "revenue": 60235
        }
    }
}
