{
    "summary": {
        "stock_name": "合庫金",
        "stock_id": "5880",
        "category": "金融",
        "main_business": "金融控股公司業",
        "website_url": "http://www.tcfhc.com.tw",
        "ceo": "陳美足",
        "pe_ratio": 19,
        "report_year_from": 2011,
        "report_year_to": 2023,
        "age": 13,
        "eps_negative_percentage": 0,
        "eps_growth_avg": {
            "last_all": 0.36,
            "last_2y": -4.71,
            "last_4y": -2.6,
            "last_8y": -0.35,
            "last_12y": null,
            "last_16y": null,
            "last_20y": null,
            "at_2006_last_3y": null,
            "at_2007_last_3y": null,
            "at_2008_last_3y": null,
            "at_2009_last_3y": null,
            "at_2010_last_3y": null,
            "at_2011_last_3y": null,
            "at_2012_last_3y": null,
            "at_2013_last_3y": null,
            "at_2014_last_3y": null,
            "at_2015_last_3y": null,
            "at_2016_last_3y": 2.55,
            "at_2017_last_3y": 4.15,
            "at_2018_last_3y": 2.47,
            "at_2019_last_3y": 1.88,
            "at_2020_last_3y": 1.97,
            "at_2021_last_3y": 6.7,
            "at_2022_last_3y": 4.46,
            "at_2023_last_3y": -4.85,
            "at_2024_last_3y": -4.85,
            "at_2006_last_all": null,
            "at_2007_last_all": null,
            "at_2008_last_all": null,
            "at_2009_last_all": null,
            "at_2010_last_all": null,
            "at_2011_last_all": null,
            "at_2012_last_all": null,
            "at_2013_last_all": null,
            "at_2014_last_all": 3.55,
            "at_2015_last_all": 5.29,
            "at_2016_last_all": 2.55,
            "at_2017_last_all": 2.39,
            "at_2018_last_all": 2.83,
            "at_2019_last_all": 3.34,
            "at_2020_last_all": 2.26,
            "at_2021_last_all": 4.3,
            "at_2022_last_all": 3.48,
            "at_2023_last_all": 0.36,
            "at_2024_last_all": 0.36
        },
        "latest_eps": 1.36,
        "latest_price": 25.7,
        "latest_roe": 9.29,
        "latest_gross_margin": null,
        "latest_equity": 234624979,
        "latest_revenue": 15696299,
        "latest_gross_profit": null,
        "latest_net_income": 5152993,
        "latest_debt_ratio": 94.96,
        "latest_current_ratio": null,
        "latest_account_receivable_turnover_ratio": null,
        "latest_inventory_turnover_ratio": null,
        "latest_reinvestment_rate": -1.57,
        "latest_research_to_sale_ratio": null
    },
    "eps_dividends": {
        "2001": {
            "cash": 0,
            "stock": 0,
            "eps": 0
        },
        "2002": {
            "cash": 0,
            "stock": 0,
            "eps": 0
        },
        "2003": {
            "cash": 0,
            "stock": 0,
            "eps": 0
        },
        "2004": {
            "cash": 0,
            "stock": 0,
            "eps": 0
        },
        "2005": {
            "cash": 0,
            "stock": 0,
            "eps": 0
        },
        "2006": {
            "cash": 0,
            "stock": 0,
            "eps": 0
        },
        "2007": {
            "cash": 0,
            "stock": 0,
            "eps": 0
        },
        "2008": {
            "cash": 0,
            "stock": 0,
            "eps": 0
        },
        "2009": {
            "cash": 0,
            "stock": 0,
            "eps": 0
        },
        "2010": {
            "cash": 0,
            "stock": 0,
            "eps": 0
        },
        "2011": {
            "cash": 0.5,
            "stock": 0.5,
            "eps": 0
        },
        "2012": {
            "cash": 0,
            "stock": 0,
            "eps": 1.07
        },
        "2013": {
            "cash": 0.4,
            "stock": 0.6,
            "eps": 1.02
        },
        "2014": {
            "cash": 0.5,
            "stock": 0.5,
            "eps": 1.14
        },
        "2015": {
            "cash": 0.5,
            "stock": 0.5,
            "eps": 1.24
        },
        "2016": {
            "cash": 0.3,
            "stock": 0.7,
            "eps": 1.17
        },
        "2017": {
            "cash": 0.75,
            "stock": 0.3,
            "eps": 1.19
        },
        "2018": {
            "cash": 0.75,
            "stock": 0.3,
            "eps": 1.25
        },
        "2019": {
            "cash": 0.75,
            "stock": 0.3,
            "eps": 1.33
        },
        "2020": {
            "cash": 0.85,
            "stock": 0.3,
            "eps": 1.26
        },
        "2021": {
            "cash": 0.85,
            "stock": 0.2,
            "eps": 1.52
        },
        "2022": {
            "cash": 1,
            "stock": 0.3,
            "eps": 1.46
        },
        "2023": {
            "cash": 0.5,
            "stock": 0.5,
            "eps": 1.01
        }
    },
    "dividends": {
        "2011-01-01": {
            "cash": 0.5,
            "stock": 0.5
        },
        "2013-03-25": {
            "cash": 0.4,
            "stock": 0.6
        },
        "2014-10-08": {
            "cash": 0.5,
            "stock": 0.5
        },
        "2015-09-25": {
            "cash": 0.5,
            "stock": 0.5
        },
        "2016-09-14": {
            "cash": 0.3,
            "stock": 0.7
        },
        "2017-09-18": {
            "cash": 0.75,
            "stock": 0.3
        },
        "2018-09-21": {
            "cash": 0.75,
            "stock": 0.3
        },
        "2019-09-18": {
            "cash": 0.75,
            "stock": 0.3
        },
        "2020-09-16": {
            "cash": 0.85,
            "stock": 0.3
        },
        "2021-08-31": {
            "cash": 0.85,
            "stock": 0.2
        },
        "2022-09-13": {
            "cash": 1,
            "stock": 0.3
        },
        "2023-09-12": {
            "cash": 0.5,
            "stock": 0.5
        }
    },
    "prices": {
        "200101": "無",
        "200102": "無",
        "200103": "無",
        "200104": "無",
        "200105": "無",
        "200106": "無",
        "200107": "無",
        "200108": "無",
        "200109": "無",
        "200110": "無",
        "200111": "無",
        "200112": "無",
        "200201": "無",
        "200202": "無",
        "200203": "無",
        "200204": "無",
        "200205": "無",
        "200206": "無",
        "200207": "無",
        "200208": "無",
        "200209": "無",
        "200210": "無",
        "200211": "無",
        "200212": "無",
        "200301": "無",
        "200302": "無",
        "200303": "無",
        "200304": "無",
        "200305": "無",
        "200306": "無",
        "200307": "無",
        "200308": "無",
        "200309": "無",
        "200310": "無",
        "200311": "無",
        "200312": "無",
        "200401": "無",
        "200402": "無",
        "200403": "無",
        "200404": "無",
        "200405": "無",
        "200406": "無",
        "200407": "無",
        "200408": "無",
        "200409": "無",
        "200410": "無",
        "200411": "無",
        "200412": "無",
        "200501": "無",
        "200502": "無",
        "200503": "無",
        "200504": "無",
        "200505": "無",
        "200506": "無",
        "200507": "無",
        "200508": "無",
        "200509": "無",
        "200510": "無",
        "200511": "無",
        "200512": "無",
        "200601": "無",
        "200602": "無",
        "200603": "無",
        "200604": "無",
        "200605": "無",
        "200606": "無",
        "200607": "無",
        "200608": "無",
        "200609": "無",
        "200610": "無",
        "200611": "無",
        "200612": "無",
        "200701": "無",
        "200702": "無",
        "200703": "無",
        "200704": "無",
        "200705": "無",
        "200706": "無",
        "200707": "無",
        "200708": "無",
        "200709": "無",
        "200710": "無",
        "200711": "無",
        "200712": "無",
        "200801": "無",
        "200802": "無",
        "200803": "無",
        "200804": "無",
        "200805": "無",
        "200806": "無",
        "200807": "無",
        "200808": "無",
        "200809": "無",
        "200810": "無",
        "200811": "無",
        "200812": "無",
        "200901": "無",
        "200902": "無",
        "200903": "無",
        "200904": "無",
        "200905": "無",
        "200906": "無",
        "200907": "無",
        "200908": "無",
        "200909": "無",
        "200910": "無",
        "200911": "無",
        "200912": "無",
        "201001": "無",
        "201002": "無",
        "201003": "無",
        "201004": "無",
        "201005": "無",
        "201006": "無",
        "201007": "無",
        "201008": "無",
        "201009": "無",
        "201010": "無",
        "201011": "無",
        "201012": "無",
        "201101": "無",
        "201102": "無",
        "201103": "無",
        "201104": "無",
        "201105": "無",
        "201106": "無",
        "201107": "無",
        "201108": "無",
        "201109": "無",
        "201110": "無",
        "201111": "無",
        "201112": "18.11",
        "201201": "17.88",
        "201202": "19.09",
        "201203": "18.87",
        "201204": "17.61",
        "201205": "17.58",
        "201206": "17.29",
        "201207": "17.79",
        "201208": "16.85",
        "201209": "16.50",
        "201210": "15.84",
        "201211": "15.45",
        "201212": "16.18",
        "201301": "16.39",
        "201302": "17.10",
        "201303": "16.97",
        "201304": "16.82",
        "201305": "17.13",
        "201306": "16.71",
        "201307": "16.89",
        "201308": "16.28",
        "201309": "16.26",
        "201310": "16.42",
        "201311": "16.24",
        "201312": "16.31",
        "201401": "16.34",
        "201402": "16.22",
        "201403": "16.14",
        "201404": "16.33",
        "201405": "16.31",
        "201406": "16.72",
        "201407": "17.43",
        "201408": "17.22",
        "201409": "16.64",
        "201410": "16.11",
        "201411": "16.24",
        "201412": "16.19",
        "201501": "16.15",
        "201502": "16.14",
        "201503": "15.98",
        "201504": "16.15",
        "201505": "16.42",
        "201506": "16.14",
        "201507": "16.03",
        "201508": "14.53",
        "201509": "13.76",
        "201510": "14.30",
        "201511": "14.18",
        "201512": "13.74",
        "201601": "13.20",
        "201602": "13.86",
        "201603": "14.38",
        "201604": "14.28",
        "201605": "13.86",
        "201606": "14.24",
        "201607": "14.69",
        "201608": "14.41",
        "201609": "13.99",
        "201610": "13.88",
        "201611": "13.78",
        "201612": "14.05",
        "201701": "14.19",
        "201702": "14.68",
        "201703": "14.87",
        "201704": "15.29",
        "201705": "15.62",
        "201706": "15.79",
        "201707": "16.42",
        "201708": "16.16",
        "201709": "15.75",
        "201710": "16.12",
        "201711": "16.35",
        "201712": "16.49",
        "201801": "17.22",
        "201802": "16.82",
        "201803": "17.07",
        "201804": "17.18",
        "201805": "17.55",
        "201806": "17.89",
        "201807": "17.96",
        "201808": "18.53",
        "201809": "18.23",
        "201810": "17.66",
        "201811": "17.78",
        "201812": "17.72",
        "201901": "18.16",
        "201902": "18.77",
        "201903": "19.18",
        "201904": "19.84",
        "201905": "20.10",
        "201906": "20.64",
        "201907": "20.90",
        "201908": "20.09",
        "201909": "20.52",
        "201910": "20.61",
        "201911": "20.92",
        "201912": "20.80",
        "202001": "20.93",
        "202002": "21.14",
        "202003": "18.84",
        "202004": "19.27",
        "202005": "20.01",
        "202006": "20.91",
        "202007": "21.18",
        "202008": "20.74",
        "202009": "19.79",
        "202010": "19.61",
        "202011": "20.15",
        "202012": "20.01",
        "202101": "19.90",
        "202102": "19.83",
        "202103": "20.54",
        "202104": "21.21",
        "202105": "20.86",
        "202106": "21.09",
        "202107": "21.63",
        "202108": "21.65",
        "202109": "22.11",
        "202110": "22.31",
        "202111": "23.32",
        "202112": "24.81",
        "202201": "26.46",
        "202202": "27.28",
        "202203": "27.54",
        "202204": "29.28",
        "202205": "27.05",
        "202206": "27.10",
        "202207": "26.14",
        "202208": "27.48",
        "202209": "26.98",
        "202210": "25.00",
        "202211": "26.03",
        "202212": "26.13",
        "202301": "26.55",
        "202302": "26.59",
        "202303": "26.07",
        "202304": "26.48",
        "202305": "27.68",
        "202306": "28.15",
        "202307": "28.37",
        "202308": "27.37",
        "202309": "26.08",
        "202310": "25.56",
        "202311": "26.18",
        "202312": "26.60"
    },
    "quarters": {
        "20011": {
            "year_quarter": 20011,
            "year": 2001,
            "quarter": 1,
            "eps": null,
            "eps_growth_year": null,
            "eps_4q": null,
            "eps_4q_growth_year": null,
            "roe": null,
            "roe_4q": 0,
            "gross_profit": null,
            "gross_margin": null,
            "gross_margin_4q_avg": 0,
            "net_income": null,
            "net_income_4q": null,
            "revenue": null,
            "revenue_4q": null,
            "common_shares": null,
            "book_valuer_per_share": null,
            "book_valuer_per_share_4q_avg": 0,
            "equity": null,
            "current_ratio": null,
            "debt_ratio": null,
            "inventory_turnover_ratio": null,
            "account_receivable_turnover_ratio": null,
            "reinvestment_rate": null,
            "research_to_sale_ratio": null,
            "price_fair": 0,
            "eps_avg_yearly": 0,
            "eps_latest_yearly": 0,
            "eps_growth_yearly": 0
        },
        "20012": {
            "year_quarter": 20012,
            "year": 2001,
            "quarter": 2,
            "eps": null,
            "eps_growth_year": null,
            "eps_4q": null,
            "eps_4q_growth_year": null,
            "roe": null,
            "roe_4q": 0,
            "gross_profit": null,
            "gross_margin": null,
            "gross_margin_4q_avg": 0,
            "net_income": null,
            "net_income_4q": null,
            "revenue": null,
            "revenue_4q": null,
            "common_shares": null,
            "book_valuer_per_share": null,
            "book_valuer_per_share_4q_avg": 0,
            "equity": null,
            "current_ratio": null,
            "debt_ratio": null,
            "inventory_turnover_ratio": null,
            "account_receivable_turnover_ratio": null,
            "reinvestment_rate": null,
            "research_to_sale_ratio": null,
            "price_fair": 0,
            "eps_avg_yearly": 0,
            "eps_latest_yearly": 0,
            "eps_growth_yearly": 0
        },
        "20013": {
            "year_quarter": 20013,
            "year": 2001,
            "quarter": 3,
            "eps": null,
            "eps_growth_year": null,
            "eps_4q": null,
            "eps_4q_growth_year": null,
            "roe": null,
            "roe_4q": 0,
            "gross_profit": null,
            "gross_margin": null,
            "gross_margin_4q_avg": 0,
            "net_income": null,
            "net_income_4q": null,
            "revenue": null,
            "revenue_4q": null,
            "common_shares": null,
            "book_valuer_per_share": null,
            "book_valuer_per_share_4q_avg": 0,
            "equity": null,
            "current_ratio": null,
            "debt_ratio": null,
            "inventory_turnover_ratio": null,
            "account_receivable_turnover_ratio": null,
            "reinvestment_rate": null,
            "research_to_sale_ratio": null,
            "price_fair": 0,
            "eps_avg_yearly": 0,
            "eps_latest_yearly": 0,
            "eps_growth_yearly": 0
        },
        "20014": {
            "year_quarter": 20014,
            "year": 2001,
            "quarter": 4,
            "eps": null,
            "eps_growth_year": null,
            "eps_4q": null,
            "eps_4q_growth_year": null,
            "roe": null,
            "roe_4q": 0,
            "gross_profit": null,
            "gross_margin": null,
            "gross_margin_4q_avg": 0,
            "net_income": null,
            "net_income_4q": null,
            "revenue": null,
            "revenue_4q": null,
            "common_shares": null,
            "book_valuer_per_share": null,
            "book_valuer_per_share_4q_avg": 0,
            "equity": null,
            "current_ratio": null,
            "debt_ratio": null,
            "inventory_turnover_ratio": null,
            "account_receivable_turnover_ratio": null,
            "reinvestment_rate": null,
            "research_to_sale_ratio": null,
            "price_fair": 0,
            "eps_avg_yearly": 0,
            "eps_latest_yearly": 0,
            "eps_growth_yearly": 0
        },
        "20021": {
            "year_quarter": 20021,
            "year": 2002,
            "quarter": 1,
            "eps": null,
            "eps_growth_year": null,
            "eps_4q": null,
            "eps_4q_growth_year": null,
            "roe": null,
            "roe_4q": 0,
            "gross_profit": null,
            "gross_margin": null,
            "gross_margin_4q_avg": 0,
            "net_income": null,
            "net_income_4q": null,
            "revenue": null,
            "revenue_4q": null,
            "common_shares": null,
            "book_valuer_per_share": null,
            "book_valuer_per_share_4q_avg": 0,
            "equity": null,
            "current_ratio": null,
            "debt_ratio": null,
            "inventory_turnover_ratio": null,
            "account_receivable_turnover_ratio": null,
            "reinvestment_rate": null,
            "research_to_sale_ratio": null,
            "price_fair": 0,
            "eps_avg_yearly": 0,
            "eps_latest_yearly": 0,
            "eps_growth_yearly": 0
        },
        "20022": {
            "year_quarter": 20022,
            "year": 2002,
            "quarter": 2,
            "eps": null,
            "eps_growth_year": null,
            "eps_4q": null,
            "eps_4q_growth_year": null,
            "roe": null,
            "roe_4q": 0,
            "gross_profit": null,
            "gross_margin": null,
            "gross_margin_4q_avg": 0,
            "net_income": null,
            "net_income_4q": null,
            "revenue": null,
            "revenue_4q": null,
            "common_shares": null,
            "book_valuer_per_share": null,
            "book_valuer_per_share_4q_avg": 0,
            "equity": null,
            "current_ratio": null,
            "debt_ratio": null,
            "inventory_turnover_ratio": null,
            "account_receivable_turnover_ratio": null,
            "reinvestment_rate": null,
            "research_to_sale_ratio": null,
            "price_fair": 0,
            "eps_avg_yearly": 0,
            "eps_latest_yearly": 0,
            "eps_growth_yearly": 0
        },
        "20023": {
            "year_quarter": 20023,
            "year": 2002,
            "quarter": 3,
            "eps": null,
            "eps_growth_year": null,
            "eps_4q": null,
            "eps_4q_growth_year": null,
            "roe": null,
            "roe_4q": 0,
            "gross_profit": null,
            "gross_margin": null,
            "gross_margin_4q_avg": 0,
            "net_income": null,
            "net_income_4q": null,
            "revenue": null,
            "revenue_4q": null,
            "common_shares": null,
            "book_valuer_per_share": null,
            "book_valuer_per_share_4q_avg": 0,
            "equity": null,
            "current_ratio": null,
            "debt_ratio": null,
            "inventory_turnover_ratio": null,
            "account_receivable_turnover_ratio": null,
            "reinvestment_rate": null,
            "research_to_sale_ratio": null,
            "price_fair": 0,
            "eps_avg_yearly": 0,
            "eps_latest_yearly": 0,
            "eps_growth_yearly": 0
        },
        "20024": {
            "year_quarter": 20024,
            "year": 2002,
            "quarter": 4,
            "eps": null,
            "eps_growth_year": null,
            "eps_4q": null,
            "eps_4q_growth_year": null,
            "roe": null,
            "roe_4q": 0,
            "gross_profit": null,
            "gross_margin": null,
            "gross_margin_4q_avg": 0,
            "net_income": null,
            "net_income_4q": null,
            "revenue": null,
            "revenue_4q": null,
            "common_shares": null,
            "book_valuer_per_share": null,
            "book_valuer_per_share_4q_avg": 0,
            "equity": null,
            "current_ratio": null,
            "debt_ratio": null,
            "inventory_turnover_ratio": null,
            "account_receivable_turnover_ratio": null,
            "reinvestment_rate": null,
            "research_to_sale_ratio": null,
            "price_fair": 0,
            "eps_avg_yearly": 0,
            "eps_latest_yearly": 0,
            "eps_growth_yearly": 0
        },
        "20031": {
            "year_quarter": 20031,
            "year": 2003,
            "quarter": 1,
            "eps": null,
            "eps_growth_year": null,
            "eps_4q": null,
            "eps_4q_growth_year": null,
            "roe": null,
            "roe_4q": 0,
            "gross_profit": null,
            "gross_margin": null,
            "gross_margin_4q_avg": 0,
            "net_income": null,
            "net_income_4q": null,
            "revenue": null,
            "revenue_4q": null,
            "common_shares": null,
            "book_valuer_per_share": null,
            "book_valuer_per_share_4q_avg": 0,
            "equity": null,
            "current_ratio": null,
            "debt_ratio": null,
            "inventory_turnover_ratio": null,
            "account_receivable_turnover_ratio": null,
            "reinvestment_rate": null,
            "research_to_sale_ratio": null,
            "price_fair": 0,
            "eps_avg_yearly": 0,
            "eps_latest_yearly": 0,
            "eps_growth_yearly": 0
        },
        "20032": {
            "year_quarter": 20032,
            "year": 2003,
            "quarter": 2,
            "eps": null,
            "eps_growth_year": null,
            "eps_4q": null,
            "eps_4q_growth_year": null,
            "roe": null,
            "roe_4q": 0,
            "gross_profit": null,
            "gross_margin": null,
            "gross_margin_4q_avg": 0,
            "net_income": null,
            "net_income_4q": null,
            "revenue": null,
            "revenue_4q": null,
            "common_shares": null,
            "book_valuer_per_share": null,
            "book_valuer_per_share_4q_avg": 0,
            "equity": null,
            "current_ratio": null,
            "debt_ratio": null,
            "inventory_turnover_ratio": null,
            "account_receivable_turnover_ratio": null,
            "reinvestment_rate": null,
            "research_to_sale_ratio": null,
            "price_fair": 0,
            "eps_avg_yearly": 0,
            "eps_latest_yearly": 0,
            "eps_growth_yearly": 0
        },
        "20033": {
            "year_quarter": 20033,
            "year": 2003,
            "quarter": 3,
            "eps": null,
            "eps_growth_year": null,
            "eps_4q": null,
            "eps_4q_growth_year": null,
            "roe": null,
            "roe_4q": 0,
            "gross_profit": null,
            "gross_margin": null,
            "gross_margin_4q_avg": 0,
            "net_income": null,
            "net_income_4q": null,
            "revenue": null,
            "revenue_4q": null,
            "common_shares": null,
            "book_valuer_per_share": null,
            "book_valuer_per_share_4q_avg": 0,
            "equity": null,
            "current_ratio": null,
            "debt_ratio": null,
            "inventory_turnover_ratio": null,
            "account_receivable_turnover_ratio": null,
            "reinvestment_rate": null,
            "research_to_sale_ratio": null,
            "price_fair": 0,
            "eps_avg_yearly": 0,
            "eps_latest_yearly": 0,
            "eps_growth_yearly": 0
        },
        "20034": {
            "year_quarter": 20034,
            "year": 2003,
            "quarter": 4,
            "eps": null,
            "eps_growth_year": null,
            "eps_4q": null,
            "eps_4q_growth_year": null,
            "roe": null,
            "roe_4q": 0,
            "gross_profit": null,
            "gross_margin": null,
            "gross_margin_4q_avg": 0,
            "net_income": null,
            "net_income_4q": null,
            "revenue": null,
            "revenue_4q": null,
            "common_shares": null,
            "book_valuer_per_share": null,
            "book_valuer_per_share_4q_avg": 0,
            "equity": null,
            "current_ratio": null,
            "debt_ratio": null,
            "inventory_turnover_ratio": null,
            "account_receivable_turnover_ratio": null,
            "reinvestment_rate": null,
            "research_to_sale_ratio": null,
            "price_fair": 0,
            "eps_avg_yearly": 0,
            "eps_latest_yearly": 0,
            "eps_growth_yearly": 0
        },
        "20041": {
            "year_quarter": 20041,
            "year": 2004,
            "quarter": 1,
            "eps": null,
            "eps_growth_year": null,
            "eps_4q": null,
            "eps_4q_growth_year": null,
            "roe": null,
            "roe_4q": 0,
            "gross_profit": null,
            "gross_margin": null,
            "gross_margin_4q_avg": 0,
            "net_income": null,
            "net_income_4q": null,
            "revenue": null,
            "revenue_4q": null,
            "common_shares": null,
            "book_valuer_per_share": null,
            "book_valuer_per_share_4q_avg": 0,
            "equity": null,
            "current_ratio": null,
            "debt_ratio": null,
            "inventory_turnover_ratio": null,
            "account_receivable_turnover_ratio": null,
            "reinvestment_rate": null,
            "research_to_sale_ratio": null,
            "price_fair": 0,
            "eps_avg_yearly": 0,
            "eps_latest_yearly": 0,
            "eps_growth_yearly": 0
        },
        "20042": {
            "year_quarter": 20042,
            "year": 2004,
            "quarter": 2,
            "eps": null,
            "eps_growth_year": null,
            "eps_4q": null,
            "eps_4q_growth_year": null,
            "roe": null,
            "roe_4q": 0,
            "gross_profit": null,
            "gross_margin": null,
            "gross_margin_4q_avg": 0,
            "net_income": null,
            "net_income_4q": null,
            "revenue": null,
            "revenue_4q": null,
            "common_shares": null,
            "book_valuer_per_share": null,
            "book_valuer_per_share_4q_avg": 0,
            "equity": null,
            "current_ratio": null,
            "debt_ratio": null,
            "inventory_turnover_ratio": null,
            "account_receivable_turnover_ratio": null,
            "reinvestment_rate": null,
            "research_to_sale_ratio": null,
            "price_fair": 0,
            "eps_avg_yearly": 0,
            "eps_latest_yearly": 0,
            "eps_growth_yearly": 0
        },
        "20043": {
            "year_quarter": 20043,
            "year": 2004,
            "quarter": 3,
            "eps": null,
            "eps_growth_year": null,
            "eps_4q": null,
            "eps_4q_growth_year": null,
            "roe": null,
            "roe_4q": 0,
            "gross_profit": null,
            "gross_margin": null,
            "gross_margin_4q_avg": 0,
            "net_income": null,
            "net_income_4q": null,
            "revenue": null,
            "revenue_4q": null,
            "common_shares": null,
            "book_valuer_per_share": null,
            "book_valuer_per_share_4q_avg": 0,
            "equity": null,
            "current_ratio": null,
            "debt_ratio": null,
            "inventory_turnover_ratio": null,
            "account_receivable_turnover_ratio": null,
            "reinvestment_rate": null,
            "research_to_sale_ratio": null,
            "price_fair": 0,
            "eps_avg_yearly": 0,
            "eps_latest_yearly": 0,
            "eps_growth_yearly": 0
        },
        "20044": {
            "year_quarter": 20044,
            "year": 2004,
            "quarter": 4,
            "eps": null,
            "eps_growth_year": null,
            "eps_4q": null,
            "eps_4q_growth_year": null,
            "roe": null,
            "roe_4q": 0,
            "gross_profit": null,
            "gross_margin": null,
            "gross_margin_4q_avg": 0,
            "net_income": null,
            "net_income_4q": null,
            "revenue": null,
            "revenue_4q": null,
            "common_shares": null,
            "book_valuer_per_share": null,
            "book_valuer_per_share_4q_avg": 0,
            "equity": null,
            "current_ratio": null,
            "debt_ratio": null,
            "inventory_turnover_ratio": null,
            "account_receivable_turnover_ratio": null,
            "reinvestment_rate": null,
            "research_to_sale_ratio": null,
            "price_fair": 0,
            "eps_avg_yearly": 0,
            "eps_latest_yearly": 0,
            "eps_growth_yearly": 0
        },
        "20051": {
            "year_quarter": 20051,
            "year": 2005,
            "quarter": 1,
            "eps": null,
            "eps_growth_year": null,
            "eps_4q": null,
            "eps_4q_growth_year": null,
            "roe": null,
            "roe_4q": 0,
            "gross_profit": null,
            "gross_margin": null,
            "gross_margin_4q_avg": 0,
            "net_income": null,
            "net_income_4q": null,
            "revenue": null,
            "revenue_4q": null,
            "common_shares": null,
            "book_valuer_per_share": null,
            "book_valuer_per_share_4q_avg": 0,
            "equity": null,
            "current_ratio": null,
            "debt_ratio": null,
            "inventory_turnover_ratio": null,
            "account_receivable_turnover_ratio": null,
            "reinvestment_rate": null,
            "research_to_sale_ratio": null,
            "price_fair": 0,
            "eps_avg_yearly": 0,
            "eps_latest_yearly": 0,
            "eps_growth_yearly": 0
        },
        "20052": {
            "year_quarter": 20052,
            "year": 2005,
            "quarter": 2,
            "eps": null,
            "eps_growth_year": null,
            "eps_4q": null,
            "eps_4q_growth_year": null,
            "roe": null,
            "roe_4q": 0,
            "gross_profit": null,
            "gross_margin": null,
            "gross_margin_4q_avg": 0,
            "net_income": null,
            "net_income_4q": null,
            "revenue": null,
            "revenue_4q": null,
            "common_shares": null,
            "book_valuer_per_share": null,
            "book_valuer_per_share_4q_avg": 0,
            "equity": null,
            "current_ratio": null,
            "debt_ratio": null,
            "inventory_turnover_ratio": null,
            "account_receivable_turnover_ratio": null,
            "reinvestment_rate": null,
            "research_to_sale_ratio": null,
            "price_fair": 0,
            "eps_avg_yearly": 0,
            "eps_latest_yearly": 0,
            "eps_growth_yearly": 0
        },
        "20053": {
            "year_quarter": 20053,
            "year": 2005,
            "quarter": 3,
            "eps": null,
            "eps_growth_year": null,
            "eps_4q": null,
            "eps_4q_growth_year": null,
            "roe": null,
            "roe_4q": 0,
            "gross_profit": null,
            "gross_margin": null,
            "gross_margin_4q_avg": 0,
            "net_income": null,
            "net_income_4q": null,
            "revenue": null,
            "revenue_4q": null,
            "common_shares": null,
            "book_valuer_per_share": null,
            "book_valuer_per_share_4q_avg": 0,
            "equity": null,
            "current_ratio": null,
            "debt_ratio": null,
            "inventory_turnover_ratio": null,
            "account_receivable_turnover_ratio": null,
            "reinvestment_rate": null,
            "research_to_sale_ratio": null,
            "price_fair": 0,
            "eps_avg_yearly": 0,
            "eps_latest_yearly": 0,
            "eps_growth_yearly": 0
        },
        "20054": {
            "year_quarter": 20054,
            "year": 2005,
            "quarter": 4,
            "eps": null,
            "eps_growth_year": null,
            "eps_4q": null,
            "eps_4q_growth_year": null,
            "roe": null,
            "roe_4q": 0,
            "gross_profit": null,
            "gross_margin": null,
            "gross_margin_4q_avg": 0,
            "net_income": null,
            "net_income_4q": null,
            "revenue": null,
            "revenue_4q": null,
            "common_shares": null,
            "book_valuer_per_share": null,
            "book_valuer_per_share_4q_avg": 0,
            "equity": null,
            "current_ratio": null,
            "debt_ratio": null,
            "inventory_turnover_ratio": null,
            "account_receivable_turnover_ratio": null,
            "reinvestment_rate": null,
            "research_to_sale_ratio": null,
            "price_fair": 0,
            "eps_avg_yearly": 0,
            "eps_latest_yearly": 0,
            "eps_growth_yearly": 0
        },
        "20061": {
            "year_quarter": 20061,
            "year": 2006,
            "quarter": 1,
            "eps": null,
            "eps_growth_year": null,
            "eps_4q": null,
            "eps_4q_growth_year": null,
            "roe": null,
            "roe_4q": 0,
            "gross_profit": null,
            "gross_margin": null,
            "gross_margin_4q_avg": 0,
            "net_income": null,
            "net_income_4q": null,
            "revenue": null,
            "revenue_4q": null,
            "common_shares": null,
            "book_valuer_per_share": null,
            "book_valuer_per_share_4q_avg": 0,
            "equity": null,
            "current_ratio": null,
            "debt_ratio": null,
            "inventory_turnover_ratio": null,
            "account_receivable_turnover_ratio": null,
            "reinvestment_rate": null,
            "research_to_sale_ratio": null,
            "price_fair": 0,
            "eps_avg_yearly": 0,
            "eps_latest_yearly": 0,
            "eps_growth_yearly": 0
        },
        "20062": {
            "year_quarter": 20062,
            "year": 2006,
            "quarter": 2,
            "eps": null,
            "eps_growth_year": null,
            "eps_4q": null,
            "eps_4q_growth_year": null,
            "roe": null,
            "roe_4q": 0,
            "gross_profit": null,
            "gross_margin": null,
            "gross_margin_4q_avg": 0,
            "net_income": null,
            "net_income_4q": null,
            "revenue": null,
            "revenue_4q": null,
            "common_shares": null,
            "book_valuer_per_share": null,
            "book_valuer_per_share_4q_avg": 0,
            "equity": null,
            "current_ratio": null,
            "debt_ratio": null,
            "inventory_turnover_ratio": null,
            "account_receivable_turnover_ratio": null,
            "reinvestment_rate": null,
            "research_to_sale_ratio": null,
            "price_fair": 0,
            "eps_avg_yearly": 0,
            "eps_latest_yearly": 0,
            "eps_growth_yearly": 0
        },
        "20063": {
            "year_quarter": 20063,
            "year": 2006,
            "quarter": 3,
            "eps": null,
            "eps_growth_year": null,
            "eps_4q": null,
            "eps_4q_growth_year": null,
            "roe": null,
            "roe_4q": 0,
            "gross_profit": null,
            "gross_margin": null,
            "gross_margin_4q_avg": 0,
            "net_income": null,
            "net_income_4q": null,
            "revenue": null,
            "revenue_4q": null,
            "common_shares": null,
            "book_valuer_per_share": null,
            "book_valuer_per_share_4q_avg": 0,
            "equity": null,
            "current_ratio": null,
            "debt_ratio": null,
            "inventory_turnover_ratio": null,
            "account_receivable_turnover_ratio": null,
            "reinvestment_rate": null,
            "research_to_sale_ratio": null,
            "price_fair": 0,
            "eps_avg_yearly": 0,
            "eps_latest_yearly": 0,
            "eps_growth_yearly": 0
        },
        "20064": {
            "year_quarter": 20064,
            "year": 2006,
            "quarter": 4,
            "eps": null,
            "eps_growth_year": null,
            "eps_4q": null,
            "eps_4q_growth_year": null,
            "roe": null,
            "roe_4q": 0,
            "gross_profit": null,
            "gross_margin": null,
            "gross_margin_4q_avg": 0,
            "net_income": null,
            "net_income_4q": null,
            "revenue": null,
            "revenue_4q": null,
            "common_shares": null,
            "book_valuer_per_share": null,
            "book_valuer_per_share_4q_avg": 0,
            "equity": null,
            "current_ratio": null,
            "debt_ratio": null,
            "inventory_turnover_ratio": null,
            "account_receivable_turnover_ratio": null,
            "reinvestment_rate": null,
            "research_to_sale_ratio": null,
            "price_fair": 0,
            "eps_avg_yearly": 0,
            "eps_latest_yearly": 0,
            "eps_growth_yearly": 0
        },
        "20071": {
            "year_quarter": 20071,
            "year": 2007,
            "quarter": 1,
            "eps": null,
            "eps_growth_year": null,
            "eps_4q": null,
            "eps_4q_growth_year": null,
            "roe": null,
            "roe_4q": 0,
            "gross_profit": null,
            "gross_margin": null,
            "gross_margin_4q_avg": 0,
            "net_income": null,
            "net_income_4q": null,
            "revenue": null,
            "revenue_4q": null,
            "common_shares": null,
            "book_valuer_per_share": null,
            "book_valuer_per_share_4q_avg": 0,
            "equity": null,
            "current_ratio": null,
            "debt_ratio": null,
            "inventory_turnover_ratio": null,
            "account_receivable_turnover_ratio": null,
            "reinvestment_rate": null,
            "research_to_sale_ratio": null,
            "price_fair": 0,
            "eps_avg_yearly": 0,
            "eps_latest_yearly": 0,
            "eps_growth_yearly": 0
        },
        "20072": {
            "year_quarter": 20072,
            "year": 2007,
            "quarter": 2,
            "eps": null,
            "eps_growth_year": null,
            "eps_4q": null,
            "eps_4q_growth_year": null,
            "roe": null,
            "roe_4q": 0,
            "gross_profit": null,
            "gross_margin": null,
            "gross_margin_4q_avg": 0,
            "net_income": null,
            "net_income_4q": null,
            "revenue": null,
            "revenue_4q": null,
            "common_shares": null,
            "book_valuer_per_share": null,
            "book_valuer_per_share_4q_avg": 0,
            "equity": null,
            "current_ratio": null,
            "debt_ratio": null,
            "inventory_turnover_ratio": null,
            "account_receivable_turnover_ratio": null,
            "reinvestment_rate": null,
            "research_to_sale_ratio": null,
            "price_fair": 0,
            "eps_avg_yearly": 0,
            "eps_latest_yearly": 0,
            "eps_growth_yearly": 0
        },
        "20073": {
            "year_quarter": 20073,
            "year": 2007,
            "quarter": 3,
            "eps": null,
            "eps_growth_year": null,
            "eps_4q": null,
            "eps_4q_growth_year": null,
            "roe": null,
            "roe_4q": 0,
            "gross_profit": null,
            "gross_margin": null,
            "gross_margin_4q_avg": 0,
            "net_income": null,
            "net_income_4q": null,
            "revenue": null,
            "revenue_4q": null,
            "common_shares": null,
            "book_valuer_per_share": null,
            "book_valuer_per_share_4q_avg": 0,
            "equity": null,
            "current_ratio": null,
            "debt_ratio": null,
            "inventory_turnover_ratio": null,
            "account_receivable_turnover_ratio": null,
            "reinvestment_rate": null,
            "research_to_sale_ratio": null,
            "price_fair": 0,
            "eps_avg_yearly": 0,
            "eps_latest_yearly": 0,
            "eps_growth_yearly": 0
        },
        "20074": {
            "year_quarter": 20074,
            "year": 2007,
            "quarter": 4,
            "eps": null,
            "eps_growth_year": null,
            "eps_4q": null,
            "eps_4q_growth_year": null,
            "roe": null,
            "roe_4q": 0,
            "gross_profit": null,
            "gross_margin": null,
            "gross_margin_4q_avg": 0,
            "net_income": null,
            "net_income_4q": null,
            "revenue": null,
            "revenue_4q": null,
            "common_shares": null,
            "book_valuer_per_share": null,
            "book_valuer_per_share_4q_avg": 0,
            "equity": null,
            "current_ratio": null,
            "debt_ratio": null,
            "inventory_turnover_ratio": null,
            "account_receivable_turnover_ratio": null,
            "reinvestment_rate": null,
            "research_to_sale_ratio": null,
            "price_fair": 0,
            "eps_avg_yearly": 0,
            "eps_latest_yearly": 0,
            "eps_growth_yearly": 0
        },
        "20081": {
            "year_quarter": 20081,
            "year": 2008,
            "quarter": 1,
            "eps": null,
            "eps_growth_year": null,
            "eps_4q": null,
            "eps_4q_growth_year": null,
            "roe": null,
            "roe_4q": 0,
            "gross_profit": null,
            "gross_margin": null,
            "gross_margin_4q_avg": 0,
            "net_income": null,
            "net_income_4q": null,
            "revenue": null,
            "revenue_4q": null,
            "common_shares": null,
            "book_valuer_per_share": null,
            "book_valuer_per_share_4q_avg": 0,
            "equity": null,
            "current_ratio": null,
            "debt_ratio": null,
            "inventory_turnover_ratio": null,
            "account_receivable_turnover_ratio": null,
            "reinvestment_rate": null,
            "research_to_sale_ratio": null,
            "price_fair": 0,
            "eps_avg_yearly": 0,
            "eps_latest_yearly": 0,
            "eps_growth_yearly": 0
        },
        "20082": {
            "year_quarter": 20082,
            "year": 2008,
            "quarter": 2,
            "eps": null,
            "eps_growth_year": null,
            "eps_4q": null,
            "eps_4q_growth_year": null,
            "roe": null,
            "roe_4q": 0,
            "gross_profit": null,
            "gross_margin": null,
            "gross_margin_4q_avg": 0,
            "net_income": null,
            "net_income_4q": null,
            "revenue": null,
            "revenue_4q": null,
            "common_shares": null,
            "book_valuer_per_share": null,
            "book_valuer_per_share_4q_avg": 0,
            "equity": null,
            "current_ratio": null,
            "debt_ratio": null,
            "inventory_turnover_ratio": null,
            "account_receivable_turnover_ratio": null,
            "reinvestment_rate": null,
            "research_to_sale_ratio": null,
            "price_fair": 0,
            "eps_avg_yearly": 0,
            "eps_latest_yearly": 0,
            "eps_growth_yearly": 0
        },
        "20083": {
            "year_quarter": 20083,
            "year": 2008,
            "quarter": 3,
            "eps": null,
            "eps_growth_year": null,
            "eps_4q": null,
            "eps_4q_growth_year": null,
            "roe": null,
            "roe_4q": 0,
            "gross_profit": null,
            "gross_margin": null,
            "gross_margin_4q_avg": 0,
            "net_income": null,
            "net_income_4q": null,
            "revenue": null,
            "revenue_4q": null,
            "common_shares": null,
            "book_valuer_per_share": null,
            "book_valuer_per_share_4q_avg": 0,
            "equity": null,
            "current_ratio": null,
            "debt_ratio": null,
            "inventory_turnover_ratio": null,
            "account_receivable_turnover_ratio": null,
            "reinvestment_rate": null,
            "research_to_sale_ratio": null,
            "price_fair": 0,
            "eps_avg_yearly": 0,
            "eps_latest_yearly": 0,
            "eps_growth_yearly": 0
        },
        "20084": {
            "year_quarter": 20084,
            "year": 2008,
            "quarter": 4,
            "eps": null,
            "eps_growth_year": null,
            "eps_4q": null,
            "eps_4q_growth_year": null,
            "roe": null,
            "roe_4q": 0,
            "gross_profit": null,
            "gross_margin": null,
            "gross_margin_4q_avg": 0,
            "net_income": null,
            "net_income_4q": null,
            "revenue": null,
            "revenue_4q": null,
            "common_shares": null,
            "book_valuer_per_share": null,
            "book_valuer_per_share_4q_avg": 0,
            "equity": null,
            "current_ratio": null,
            "debt_ratio": null,
            "inventory_turnover_ratio": null,
            "account_receivable_turnover_ratio": null,
            "reinvestment_rate": null,
            "research_to_sale_ratio": null,
            "price_fair": 0,
            "eps_avg_yearly": 0,
            "eps_latest_yearly": 0,
            "eps_growth_yearly": 0
        },
        "20091": {
            "year_quarter": 20091,
            "year": 2009,
            "quarter": 1,
            "eps": null,
            "eps_growth_year": null,
            "eps_4q": null,
            "eps_4q_growth_year": null,
            "roe": null,
            "roe_4q": 0,
            "gross_profit": null,
            "gross_margin": null,
            "gross_margin_4q_avg": 0,
            "net_income": null,
            "net_income_4q": null,
            "revenue": null,
            "revenue_4q": null,
            "common_shares": null,
            "book_valuer_per_share": null,
            "book_valuer_per_share_4q_avg": 0,
            "equity": null,
            "current_ratio": null,
            "debt_ratio": null,
            "inventory_turnover_ratio": null,
            "account_receivable_turnover_ratio": null,
            "reinvestment_rate": null,
            "research_to_sale_ratio": null,
            "price_fair": 0,
            "eps_avg_yearly": 0,
            "eps_latest_yearly": 0,
            "eps_growth_yearly": 0
        },
        "20092": {
            "year_quarter": 20092,
            "year": 2009,
            "quarter": 2,
            "eps": null,
            "eps_growth_year": null,
            "eps_4q": null,
            "eps_4q_growth_year": null,
            "roe": null,
            "roe_4q": 0,
            "gross_profit": null,
            "gross_margin": null,
            "gross_margin_4q_avg": 0,
            "net_income": null,
            "net_income_4q": null,
            "revenue": null,
            "revenue_4q": null,
            "common_shares": null,
            "book_valuer_per_share": null,
            "book_valuer_per_share_4q_avg": 0,
            "equity": null,
            "current_ratio": null,
            "debt_ratio": null,
            "inventory_turnover_ratio": null,
            "account_receivable_turnover_ratio": null,
            "reinvestment_rate": null,
            "research_to_sale_ratio": null,
            "price_fair": 0,
            "eps_avg_yearly": 0,
            "eps_latest_yearly": 0,
            "eps_growth_yearly": 0
        },
        "20093": {
            "year_quarter": 20093,
            "year": 2009,
            "quarter": 3,
            "eps": null,
            "eps_growth_year": null,
            "eps_4q": null,
            "eps_4q_growth_year": null,
            "roe": null,
            "roe_4q": 0,
            "gross_profit": null,
            "gross_margin": null,
            "gross_margin_4q_avg": 0,
            "net_income": null,
            "net_income_4q": null,
            "revenue": null,
            "revenue_4q": null,
            "common_shares": null,
            "book_valuer_per_share": null,
            "book_valuer_per_share_4q_avg": 0,
            "equity": null,
            "current_ratio": null,
            "debt_ratio": null,
            "inventory_turnover_ratio": null,
            "account_receivable_turnover_ratio": null,
            "reinvestment_rate": null,
            "research_to_sale_ratio": null,
            "price_fair": 0,
            "eps_avg_yearly": 0,
            "eps_latest_yearly": 0,
            "eps_growth_yearly": 0
        },
        "20094": {
            "year_quarter": 20094,
            "year": 2009,
            "quarter": 4,
            "eps": null,
            "eps_growth_year": null,
            "eps_4q": null,
            "eps_4q_growth_year": null,
            "roe": null,
            "roe_4q": 0,
            "gross_profit": null,
            "gross_margin": null,
            "gross_margin_4q_avg": 0,
            "net_income": null,
            "net_income_4q": null,
            "revenue": null,
            "revenue_4q": null,
            "common_shares": null,
            "book_valuer_per_share": null,
            "book_valuer_per_share_4q_avg": 0,
            "equity": null,
            "current_ratio": null,
            "debt_ratio": null,
            "inventory_turnover_ratio": null,
            "account_receivable_turnover_ratio": null,
            "reinvestment_rate": null,
            "research_to_sale_ratio": null,
            "price_fair": 0,
            "eps_avg_yearly": 0,
            "eps_latest_yearly": 0,
            "eps_growth_yearly": 0
        },
        "20101": {
            "year_quarter": 20101,
            "year": 2010,
            "quarter": 1,
            "eps": null,
            "eps_growth_year": null,
            "eps_4q": null,
            "eps_4q_growth_year": null,
            "roe": null,
            "roe_4q": 0,
            "gross_profit": null,
            "gross_margin": null,
            "gross_margin_4q_avg": 0,
            "net_income": null,
            "net_income_4q": null,
            "revenue": null,
            "revenue_4q": null,
            "common_shares": null,
            "book_valuer_per_share": null,
            "book_valuer_per_share_4q_avg": 0,
            "equity": null,
            "current_ratio": null,
            "debt_ratio": null,
            "inventory_turnover_ratio": null,
            "account_receivable_turnover_ratio": null,
            "reinvestment_rate": null,
            "research_to_sale_ratio": null,
            "price_fair": 0,
            "eps_avg_yearly": 0,
            "eps_latest_yearly": 0,
            "eps_growth_yearly": 0
        },
        "20102": {
            "year_quarter": 20102,
            "year": 2010,
            "quarter": 2,
            "eps": null,
            "eps_growth_year": null,
            "eps_4q": null,
            "eps_4q_growth_year": null,
            "roe": null,
            "roe_4q": 0,
            "gross_profit": null,
            "gross_margin": null,
            "gross_margin_4q_avg": 0,
            "net_income": null,
            "net_income_4q": null,
            "revenue": null,
            "revenue_4q": null,
            "common_shares": null,
            "book_valuer_per_share": null,
            "book_valuer_per_share_4q_avg": 0,
            "equity": null,
            "current_ratio": null,
            "debt_ratio": null,
            "inventory_turnover_ratio": null,
            "account_receivable_turnover_ratio": null,
            "reinvestment_rate": null,
            "research_to_sale_ratio": null,
            "price_fair": 0,
            "eps_avg_yearly": 0,
            "eps_latest_yearly": 0,
            "eps_growth_yearly": 0
        },
        "20103": {
            "year_quarter": 20103,
            "year": 2010,
            "quarter": 3,
            "eps": null,
            "eps_growth_year": null,
            "eps_4q": null,
            "eps_4q_growth_year": null,
            "roe": null,
            "roe_4q": 0,
            "gross_profit": null,
            "gross_margin": null,
            "gross_margin_4q_avg": 0,
            "net_income": null,
            "net_income_4q": null,
            "revenue": null,
            "revenue_4q": null,
            "common_shares": null,
            "book_valuer_per_share": null,
            "book_valuer_per_share_4q_avg": 0,
            "equity": null,
            "current_ratio": null,
            "debt_ratio": null,
            "inventory_turnover_ratio": null,
            "account_receivable_turnover_ratio": null,
            "reinvestment_rate": null,
            "research_to_sale_ratio": null,
            "price_fair": 0,
            "eps_avg_yearly": 0,
            "eps_latest_yearly": 0,
            "eps_growth_yearly": 0
        },
        "20104": {
            "year_quarter": 20104,
            "year": 2010,
            "quarter": 4,
            "eps": null,
            "eps_growth_year": null,
            "eps_4q": null,
            "eps_4q_growth_year": null,
            "roe": null,
            "roe_4q": 0,
            "gross_profit": null,
            "gross_margin": null,
            "gross_margin_4q_avg": 0,
            "net_income": null,
            "net_income_4q": null,
            "revenue": null,
            "revenue_4q": null,
            "common_shares": 0,
            "book_valuer_per_share": null,
            "book_valuer_per_share_4q_avg": 0,
            "equity": 0,
            "current_ratio": null,
            "debt_ratio": null,
            "inventory_turnover_ratio": null,
            "account_receivable_turnover_ratio": null,
            "reinvestment_rate": null,
            "research_to_sale_ratio": null,
            "price_fair": 0,
            "eps_avg_yearly": 0,
            "eps_latest_yearly": 0,
            "eps_growth_yearly": 0
        },
        "20111": {
            "year_quarter": 20111,
            "year": 2011,
            "quarter": 1,
            "eps": null,
            "eps_growth_year": null,
            "eps_4q": null,
            "eps_4q_growth_year": null,
            "roe": null,
            "roe_4q": 0,
            "gross_profit": null,
            "gross_margin": null,
            "gross_margin_4q_avg": 0,
            "net_income": 0,
            "net_income_4q": null,
            "revenue": 0,
            "revenue_4q": null,
            "common_shares": 0,
            "book_valuer_per_share": null,
            "book_valuer_per_share_4q_avg": 0,
            "equity": 0,
            "current_ratio": null,
            "debt_ratio": null,
            "inventory_turnover_ratio": null,
            "account_receivable_turnover_ratio": null,
            "reinvestment_rate": null,
            "research_to_sale_ratio": null,
            "price_fair": 0,
            "eps_avg_yearly": 0,
            "eps_latest_yearly": 0,
            "eps_growth_yearly": 0
        },
        "20112": {
            "year_quarter": 20112,
            "year": 2011,
            "quarter": 2,
            "eps": null,
            "eps_growth_year": null,
            "eps_4q": null,
            "eps_4q_growth_year": null,
            "roe": null,
            "roe_4q": 0,
            "gross_profit": null,
            "gross_margin": null,
            "gross_margin_4q_avg": 0,
            "net_income": 0,
            "net_income_4q": null,
            "revenue": 0,
            "revenue_4q": null,
            "common_shares": 0,
            "book_valuer_per_share": null,
            "book_valuer_per_share_4q_avg": 0,
            "equity": 0,
            "current_ratio": null,
            "debt_ratio": null,
            "inventory_turnover_ratio": null,
            "account_receivable_turnover_ratio": null,
            "reinvestment_rate": null,
            "research_to_sale_ratio": null,
            "price_fair": 0,
            "eps_avg_yearly": 0,
            "eps_latest_yearly": 0,
            "eps_growth_yearly": 0
        },
        "20113": {
            "year_quarter": 20113,
            "year": 2011,
            "quarter": 3,
            "eps": null,
            "eps_growth_year": null,
            "eps_4q": null,
            "eps_4q_growth_year": null,
            "roe": null,
            "roe_4q": 0,
            "gross_profit": null,
            "gross_margin": null,
            "gross_margin_4q_avg": 0,
            "net_income": 0,
            "net_income_4q": null,
            "revenue": 0,
            "revenue_4q": null,
            "common_shares": 0,
            "book_valuer_per_share": null,
            "book_valuer_per_share_4q_avg": 0,
            "equity": 0,
            "current_ratio": null,
            "debt_ratio": null,
            "inventory_turnover_ratio": null,
            "account_receivable_turnover_ratio": null,
            "reinvestment_rate": null,
            "research_to_sale_ratio": null,
            "price_fair": 0,
            "eps_avg_yearly": 0,
            "eps_latest_yearly": 0,
            "eps_growth_yearly": 0
        },
        "20114": {
            "year_quarter": 20114,
            "year": 2011,
            "quarter": 4,
            "eps": null,
            "eps_growth_year": null,
            "eps_4q": null,
            "eps_4q_growth_year": null,
            "roe": null,
            "roe_4q": 0,
            "gross_profit": null,
            "gross_margin": null,
            "gross_margin_4q_avg": 0,
            "net_income": 260848,
            "net_income_4q": null,
            "revenue": 2934834,
            "revenue_4q": null,
            "common_shares": 65968254,
            "book_valuer_per_share": 19.26,
            "book_valuer_per_share_4q_avg": 4.82,
            "equity": 123093642,
            "current_ratio": null,
            "debt_ratio": 95.58,
            "inventory_turnover_ratio": null,
            "account_receivable_turnover_ratio": null,
            "reinvestment_rate": null,
            "research_to_sale_ratio": null,
            "price_fair": 0,
            "eps_avg_yearly": 0,
            "eps_latest_yearly": 0,
            "eps_growth_yearly": 0
        },
        "20121": {
            "year_quarter": 20121,
            "year": 2012,
            "quarter": 1,
            "eps": 0.34,
            "eps_growth_year": null,
            "eps_4q": 0.34,
            "eps_4q_growth_year": null,
            "roe": 1.74,
            "roe_4q": 1.74,
            "gross_profit": null,
            "gross_margin": null,
            "gross_margin_4q_avg": 0,
            "net_income": 2174748,
            "net_income_4q": null,
            "revenue": 8394398,
            "revenue_4q": null,
            "common_shares": 65968254,
            "book_valuer_per_share": 19.8,
            "book_valuer_per_share_4q_avg": 9.77,
            "equity": 126500105,
            "current_ratio": null,
            "debt_ratio": 95.49,
            "inventory_turnover_ratio": null,
            "account_receivable_turnover_ratio": null,
            "reinvestment_rate": null,
            "research_to_sale_ratio": null,
            "price_fair": 0,
            "eps_avg_yearly": 0,
            "eps_latest_yearly": 0,
            "eps_growth_yearly": 0
        },
        "20122": {
            "year_quarter": 20122,
            "year": 2012,
            "quarter": 2,
            "eps": 0.33,
            "eps_growth_year": null,
            "eps_4q": 0.66,
            "eps_4q_growth_year": null,
            "roe": 1.78,
            "roe_4q": 3.52,
            "gross_profit": null,
            "gross_margin": null,
            "gross_margin_4q_avg": 0,
            "net_income": 2255492,
            "net_income_4q": null,
            "revenue": 9620286,
            "revenue_4q": null,
            "common_shares": 65968254,
            "book_valuer_per_share": 19.79,
            "book_valuer_per_share_4q_avg": 14.71,
            "equity": 126459477,
            "current_ratio": null,
            "debt_ratio": 95.65,
            "inventory_turnover_ratio": null,
            "account_receivable_turnover_ratio": null,
            "reinvestment_rate": null,
            "research_to_sale_ratio": null,
            "price_fair": 3.96,
            "eps_avg_yearly": 1.32,
            "eps_latest_yearly": 1.32,
            "eps_growth_yearly": -11.76
        },
        "20123": {
            "year_quarter": 20123,
            "year": 2012,
            "quarter": 3,
            "eps": 0.26,
            "eps_growth_year": null,
            "eps_4q": 0.82,
            "eps_4q_growth_year": null,
            "roe": 1.46,
            "roe_4q": 4.98,
            "gross_profit": null,
            "gross_margin": null,
            "gross_margin_4q_avg": 0,
            "net_income": 2011563,
            "net_income_4q": null,
            "revenue": 8467371,
            "revenue_4q": null,
            "common_shares": 81266667,
            "book_valuer_per_share": 18.81,
            "book_valuer_per_share_4q_avg": 19.42,
            "equity": 148792713,
            "current_ratio": null,
            "debt_ratio": 94.9,
            "inventory_turnover_ratio": null,
            "account_receivable_turnover_ratio": null,
            "reinvestment_rate": null,
            "research_to_sale_ratio": null,
            "price_fair": 3.54,
            "eps_avg_yearly": 1.18,
            "eps_latest_yearly": 1.04,
            "eps_growth_yearly": -48.31
        },
        "20124": {
            "year_quarter": 20124,
            "year": 2012,
            "quarter": 4,
            "eps": 0.14,
            "eps_growth_year": null,
            "eps_4q": 0.96,
            "eps_4q_growth_year": null,
            "roe": 0.73,
            "roe_4q": 5.71,
            "gross_profit": null,
            "gross_margin": null,
            "gross_margin_4q_avg": 0,
            "net_income": 1094207,
            "net_income_4q": null,
            "revenue": 9017615,
            "revenue_4q": null,
            "common_shares": 81266667,
            "book_valuer_per_share": 18.95,
            "book_valuer_per_share_4q_avg": 19.34,
            "equity": 149896375,
            "current_ratio": null,
            "debt_ratio": 94.98,
            "inventory_turnover_ratio": null,
            "account_receivable_turnover_ratio": null,
            "reinvestment_rate": null,
            "research_to_sale_ratio": null,
            "price_fair": 2.92,
            "eps_avg_yearly": 0.97,
            "eps_latest_yearly": 0.56,
            "eps_growth_yearly": -93.74
        },
        "20131": {
            "year_quarter": 20131,
            "year": 2013,
            "quarter": 1,
            "eps": 0.3,
            "eps_growth_year": -11.76,
            "eps_4q": 0.98,
            "eps_4q_growth_year": 188.82,
            "roe": 1.63,
            "roe_4q": 5.6,
            "gross_profit": null,
            "gross_margin": null,
            "gross_margin_4q_avg": 0,
            "net_income": 2408829,
            "net_income_4q": null,
            "revenue": 9754793,
            "revenue_4q": null,
            "common_shares": 81266667,
            "book_valuer_per_share": 18.12,
            "book_valuer_per_share_4q_avg": 18.92,
            "equity": 146545186,
            "current_ratio": null,
            "debt_ratio": 95.1,
            "inventory_turnover_ratio": null,
            "account_receivable_turnover_ratio": null,
            "reinvestment_rate": null,
            "research_to_sale_ratio": null,
            "price_fair": 36.05,
            "eps_avg_yearly": 1.03,
            "eps_latest_yearly": 1.2,
            "eps_growth_yearly": 43.98
        },
        "20132": {
            "year_quarter": 20132,
            "year": 2013,
            "quarter": 2,
            "eps": 0.27,
            "eps_growth_year": -19.38,
            "eps_4q": 0.92,
            "eps_4q_growth_year": 40.12,
            "roe": 1.56,
            "roe_4q": 5.38,
            "gross_profit": null,
            "gross_margin": null,
            "gross_margin_4q_avg": 0,
            "net_income": 2272327,
            "net_income_4q": null,
            "revenue": 8889609,
            "revenue_4q": null,
            "common_shares": 81266667,
            "book_valuer_per_share": 17.91,
            "book_valuer_per_share_4q_avg": 18.45,
            "equity": 145131009,
            "current_ratio": null,
            "debt_ratio": 95.14,
            "inventory_turnover_ratio": null,
            "account_receivable_turnover_ratio": null,
            "reinvestment_rate": null,
            "research_to_sale_ratio": null,
            "price_fair": 36.4,
            "eps_avg_yearly": 1.04,
            "eps_latest_yearly": 1.08,
            "eps_growth_yearly": 27.18
        },
        "20133": {
            "year_quarter": 20133,
            "year": 2013,
            "quarter": 3,
            "eps": 0.26,
            "eps_growth_year": -0.16,
            "eps_4q": 0.93,
            "eps_4q_growth_year": 13.31,
            "roe": 1.51,
            "roe_4q": 5.43,
            "gross_profit": null,
            "gross_margin": null,
            "gross_margin_4q_avg": 0,
            "net_income": 2213847,
            "net_income_4q": null,
            "revenue": 8746790,
            "revenue_4q": null,
            "common_shares": 86142667,
            "book_valuer_per_share": 17.04,
            "book_valuer_per_share_4q_avg": 18.01,
            "equity": 148360676,
            "current_ratio": null,
            "debt_ratio": 95.07,
            "inventory_turnover_ratio": null,
            "account_receivable_turnover_ratio": null,
            "reinvestment_rate": null,
            "research_to_sale_ratio": null,
            "price_fair": 31.39,
            "eps_avg_yearly": 1.04,
            "eps_latest_yearly": 1.04,
            "eps_growth_yearly": 20.18
        },
        "20134": {
            "year_quarter": 20134,
            "year": 2013,
            "quarter": 4,
            "eps": 0.19,
            "eps_growth_year": 40.06,
            "eps_4q": 0.99,
            "eps_4q_growth_year": 3.18,
            "roe": 1.12,
            "roe_4q": 5.819999999999999,
            "gross_profit": null,
            "gross_margin": null,
            "gross_margin_4q_avg": 0,
            "net_income": 1687658,
            "net_income_4q": null,
            "revenue": 7463492,
            "revenue_4q": null,
            "common_shares": 86142667,
            "book_valuer_per_share": 17.33,
            "book_valuer_per_share_4q_avg": 17.6,
            "equity": 152366053,
            "current_ratio": null,
            "debt_ratio": 95.04,
            "inventory_turnover_ratio": null,
            "account_receivable_turnover_ratio": null,
            "reinvestment_rate": null,
            "research_to_sale_ratio": null,
            "price_fair": 11.92,
            "eps_avg_yearly": 1,
            "eps_latest_yearly": 0.76,
            "eps_growth_yearly": 1.92
        },
        "20141": {
            "year_quarter": 20141,
            "year": 2014,
            "quarter": 1,
            "eps": 0.28,
            "eps_growth_year": -6.67,
            "eps_4q": 0.99,
            "eps_4q_growth_year": 1.12,
            "roe": 1.62,
            "roe_4q": 5.8100000000000005,
            "gross_profit": null,
            "gross_margin": null,
            "gross_margin_4q_avg": 0,
            "net_income": 2493057,
            "net_income_4q": null,
            "revenue": 8764098,
            "revenue_4q": null,
            "common_shares": 86142667,
            "book_valuer_per_share": 17.64,
            "book_valuer_per_share_4q_avg": 17.48,
            "equity": 155085108,
            "current_ratio": null,
            "debt_ratio": 95.02,
            "inventory_turnover_ratio": null,
            "account_receivable_turnover_ratio": null,
            "reinvestment_rate": null,
            "research_to_sale_ratio": null,
            "price_fair": 35.53,
            "eps_avg_yearly": 1.02,
            "eps_latest_yearly": 1.12,
            "eps_growth_yearly": 25.36
        },
        "20142": {
            "year_quarter": 20142,
            "year": 2014,
            "quarter": 2,
            "eps": 0.31,
            "eps_growth_year": 14.81,
            "eps_4q": 1.01,
            "eps_4q_growth_year": 9.4,
            "roe": 1.85,
            "roe_4q": 6.1,
            "gross_profit": null,
            "gross_margin": null,
            "gross_margin_4q_avg": 0,
            "net_income": 2852039,
            "net_income_4q": null,
            "revenue": 8136599,
            "revenue_4q": null,
            "common_shares": 86142667,
            "book_valuer_per_share": 17.44,
            "book_valuer_per_share_4q_avg": 17.36,
            "equity": 153210299,
            "current_ratio": null,
            "debt_ratio": 95.08,
            "inventory_turnover_ratio": null,
            "account_receivable_turnover_ratio": null,
            "reinvestment_rate": null,
            "research_to_sale_ratio": null,
            "price_fair": 36.4,
            "eps_avg_yearly": 1.04,
            "eps_latest_yearly": 1.24,
            "eps_growth_yearly": 27.3
        },
        "20143": {
            "year_quarter": 20143,
            "year": 2014,
            "quarter": 3,
            "eps": 0.32,
            "eps_growth_year": 23.08,
            "eps_4q": 1.08,
            "eps_4q_growth_year": 16.65,
            "roe": 1.9,
            "roe_4q": 6.49,
            "gross_profit": null,
            "gross_margin": null,
            "gross_margin_4q_avg": 0,
            "net_income": 2924523,
            "net_income_4q": null,
            "revenue": 10144209,
            "revenue_4q": null,
            "common_shares": 90449800,
            "book_valuer_per_share": 16.82,
            "book_valuer_per_share_4q_avg": 17.31,
            "equity": 155023900,
            "current_ratio": null,
            "debt_ratio": 94.98,
            "inventory_turnover_ratio": null,
            "account_receivable_turnover_ratio": null,
            "reinvestment_rate": null,
            "research_to_sale_ratio": null,
            "price_fair": 37.24,
            "eps_avg_yearly": 1.06,
            "eps_latest_yearly": 1.28,
            "eps_growth_yearly": 25.86
        },
        "20144": {
            "year_quarter": 20144,
            "year": 2014,
            "quarter": 4,
            "eps": 0.23,
            "eps_growth_year": 20.59,
            "eps_4q": 1.13,
            "eps_4q_growth_year": 14.74,
            "roe": 1.37,
            "roe_4q": 6.74,
            "gross_profit": null,
            "gross_margin": null,
            "gross_margin_4q_avg": 0,
            "net_income": 2143377,
            "net_income_4q": null,
            "revenue": 8441567,
            "revenue_4q": null,
            "common_shares": 90449800,
            "book_valuer_per_share": 17.18,
            "book_valuer_per_share_4q_avg": 17.27,
            "equity": 158588770,
            "current_ratio": null,
            "debt_ratio": 94.85,
            "inventory_turnover_ratio": null,
            "account_receivable_turnover_ratio": null,
            "reinvestment_rate": 152.23,
            "research_to_sale_ratio": null,
            "price_fair": 24.47,
            "eps_avg_yearly": 1.05,
            "eps_latest_yearly": 0.92,
            "eps_growth_yearly": 13.29
        },
        "20151": {
            "year_quarter": 20151,
            "year": 2015,
            "quarter": 1,
            "eps": 0.3,
            "eps_growth_year": 7.14,
            "eps_4q": 1,
            "eps_4q_growth_year": 0.64,
            "roe": 1.66,
            "roe_4q": 6.779999999999999,
            "gross_profit": null,
            "gross_margin": null,
            "gross_margin_4q_avg": 0,
            "net_income": 2851023,
            "net_income_4q": null,
            "revenue": 9504435,
            "revenue_4q": null,
            "common_shares": 105449800,
            "book_valuer_per_share": 17.11,
            "book_valuer_per_share_4q_avg": 17.14,
            "equity": 183939158,
            "current_ratio": null,
            "debt_ratio": 94.15,
            "inventory_turnover_ratio": null,
            "account_receivable_turnover_ratio": null,
            "reinvestment_rate": 137.71,
            "research_to_sale_ratio": null,
            "price_fair": 34.37,
            "eps_avg_yearly": 1.06,
            "eps_latest_yearly": 1.2,
            "eps_growth_yearly": 22.32
        },
        "20152": {
            "year_quarter": 20152,
            "year": 2015,
            "quarter": 2,
            "eps": 0.3,
            "eps_growth_year": -3.23,
            "eps_4q": 0.99,
            "eps_4q_growth_year": -1.52,
            "roe": 1.88,
            "roe_4q": 6.8100000000000005,
            "gross_profit": null,
            "gross_margin": null,
            "gross_margin_4q_avg": 0,
            "net_income": 3428634,
            "net_income_4q": null,
            "revenue": 10228580,
            "revenue_4q": null,
            "common_shares": 105449800,
            "book_valuer_per_share": 16.9,
            "book_valuer_per_share_4q_avg": 17,
            "equity": 181784838,
            "current_ratio": null,
            "debt_ratio": 94.21,
            "inventory_turnover_ratio": null,
            "account_receivable_turnover_ratio": null,
            "reinvestment_rate": 123.15,
            "research_to_sale_ratio": null,
            "price_fair": 32.87,
            "eps_avg_yearly": 1.07,
            "eps_latest_yearly": 1.2,
            "eps_growth_yearly": 20.61
        },
        "20153": {
            "year_quarter": 20153,
            "year": 2015,
            "quarter": 3,
            "eps": 0.34,
            "eps_growth_year": 6.25,
            "eps_4q": 1.07,
            "eps_4q_growth_year": -0.94,
            "roe": 2.09,
            "roe_4q": 7,
            "gross_profit": null,
            "gross_margin": null,
            "gross_margin_4q_avg": 0,
            "net_income": 3840732,
            "net_income_4q": null,
            "revenue": 9546393,
            "revenue_4q": null,
            "common_shares": 110722290,
            "book_valuer_per_share": 16.52,
            "book_valuer_per_share_4q_avg": 16.93,
            "equity": 186454028,
            "current_ratio": null,
            "debt_ratio": 94.2,
            "inventory_turnover_ratio": null,
            "account_receivable_turnover_ratio": null,
            "reinvestment_rate": 110.13,
            "research_to_sale_ratio": null,
            "price_fair": 36.05,
            "eps_avg_yearly": 1.09,
            "eps_latest_yearly": 1.36,
            "eps_growth_yearly": 22.94
        },
        "20154": {
            "year_quarter": 20154,
            "year": 2015,
            "quarter": 4,
            "eps": 0.3,
            "eps_growth_year": 28.66,
            "eps_4q": 1.18,
            "eps_4q_growth_year": 4.38,
            "roe": 1.77,
            "roe_4q": 7.4,
            "gross_profit": null,
            "gross_margin": null,
            "gross_margin_4q_avg": 0,
            "net_income": 3341322,
            "net_income_4q": null,
            "revenue": 9043286,
            "revenue_4q": null,
            "common_shares": 110722290,
            "book_valuer_per_share": 16.85,
            "book_valuer_per_share_4q_avg": 16.85,
            "equity": 190321886,
            "current_ratio": null,
            "debt_ratio": 94.12,
            "inventory_turnover_ratio": null,
            "account_receivable_turnover_ratio": null,
            "reinvestment_rate": 6.55,
            "research_to_sale_ratio": null,
            "price_fair": 31.14,
            "eps_avg_yearly": 1.1,
            "eps_latest_yearly": 1.2,
            "eps_growth_yearly": 18.28
        },
        "20161": {
            "year_quarter": 20161,
            "year": 2016,
            "quarter": 1,
            "eps": 0.28,
            "eps_growth_year": -6.67,
            "eps_4q": 1.22,
            "eps_4q_growth_year": 21.86,
            "roe": 1.68,
            "roe_4q": 7.42,
            "gross_profit": null,
            "gross_margin": null,
            "gross_margin_4q_avg": 0,
            "net_income": 3237658,
            "net_income_4q": null,
            "revenue": 11046868,
            "revenue_4q": null,
            "common_shares": 110722290,
            "book_valuer_per_share": 17.25,
            "book_valuer_per_share_4q_avg": 16.88,
            "equity": 194926117,
            "current_ratio": null,
            "debt_ratio": 94.09,
            "inventory_turnover_ratio": null,
            "account_receivable_turnover_ratio": null,
            "reinvestment_rate": 3.02,
            "research_to_sale_ratio": null,
            "price_fair": 28.08,
            "eps_avg_yearly": 1.1,
            "eps_latest_yearly": 1.12,
            "eps_growth_yearly": 15.47
        },
        "20162": {
            "year_quarter": 20162,
            "year": 2016,
            "quarter": 2,
            "eps": 0.3,
            "eps_growth_year": 0,
            "eps_4q": 1.16,
            "eps_4q_growth_year": 16.89,
            "roe": 1.87,
            "roe_4q": 7.41,
            "gross_profit": null,
            "gross_margin": null,
            "gross_margin_4q_avg": 0,
            "net_income": 3652502,
            "net_income_4q": null,
            "revenue": 10414466,
            "revenue_4q": null,
            "common_shares": 110722290,
            "book_valuer_per_share": 17.27,
            "book_valuer_per_share_4q_avg": 16.97,
            "equity": 195150891,
            "current_ratio": null,
            "debt_ratio": 94.1,
            "inventory_turnover_ratio": null,
            "account_receivable_turnover_ratio": null,
            "reinvestment_rate": 5.35,
            "research_to_sale_ratio": null,
            "price_fair": 30.65,
            "eps_avg_yearly": 1.1,
            "eps_latest_yearly": 1.2,
            "eps_growth_yearly": 17.99
        },
        "20163": {
            "year_quarter": 20163,
            "year": 2016,
            "quarter": 3,
            "eps": 0.32,
            "eps_growth_year": -5.88,
            "eps_4q": 1.17,
            "eps_4q_growth_year": 8.79,
            "roe": 2.01,
            "roe_4q": 7.33,
            "gross_profit": null,
            "gross_margin": null,
            "gross_margin_4q_avg": 0,
            "net_income": 3966361,
            "net_income_4q": null,
            "revenue": 10722310,
            "revenue_4q": null,
            "common_shares": 118472850,
            "book_valuer_per_share": 16.49,
            "book_valuer_per_share_4q_avg": 16.97,
            "equity": 199527042,
            "current_ratio": null,
            "debt_ratio": 93.98,
            "inventory_turnover_ratio": null,
            "account_receivable_turnover_ratio": null,
            "reinvestment_rate": 4.41,
            "research_to_sale_ratio": null,
            "price_fair": 38.8,
            "eps_avg_yearly": 1.11,
            "eps_latest_yearly": 1.28,
            "eps_growth_yearly": 24.96
        },
        "20164": {
            "year_quarter": 20164,
            "year": 2016,
            "quarter": 4,
            "eps": 0.27,
            "eps_growth_year": -8.4,
            "eps_4q": 1.16,
            "eps_4q_growth_year": -1.64,
            "roe": 1.65,
            "roe_4q": 7.209999999999999,
            "gross_profit": null,
            "gross_margin": null,
            "gross_margin_4q_avg": 0,
            "net_income": 3282642,
            "net_income_4q": null,
            "revenue": 10400089,
            "revenue_4q": null,
            "common_shares": 118472850,
            "book_valuer_per_share": 16.43,
            "book_valuer_per_share_4q_avg": 16.86,
            "equity": 198480861,
            "current_ratio": null,
            "debt_ratio": 94.06,
            "inventory_turnover_ratio": null,
            "account_receivable_turnover_ratio": null,
            "reinvestment_rate": 2.39,
            "research_to_sale_ratio": null,
            "price_fair": 39.99,
            "eps_avg_yearly": 1.14,
            "eps_latest_yearly": 1.08,
            "eps_growth_yearly": 32.59
        },
        "20171": {
            "year_quarter": 20171,
            "year": 2017,
            "quarter": 1,
            "eps": 0.29,
            "eps_growth_year": 3.57,
            "eps_4q": 1.18,
            "eps_4q_growth_year": -2.9,
            "roe": 1.74,
            "roe_4q": 7.27,
            "gross_profit": null,
            "gross_margin": null,
            "gross_margin_4q_avg": 0,
            "net_income": 3495361,
            "net_income_4q": null,
            "revenue": 10923095,
            "revenue_4q": null,
            "common_shares": 118472850,
            "book_valuer_per_share": 16.74,
            "book_valuer_per_share_4q_avg": 16.73,
            "equity": 202237270,
            "current_ratio": null,
            "debt_ratio": 93.89,
            "inventory_turnover_ratio": null,
            "account_receivable_turnover_ratio": null,
            "reinvestment_rate": -3.84,
            "research_to_sale_ratio": null,
            "price_fair": 18.09,
            "eps_avg_yearly": 1.14,
            "eps_latest_yearly": 1.16,
            "eps_growth_yearly": 5.87
        },
        "20172": {
            "year_quarter": 20172,
            "year": 2017,
            "quarter": 2,
            "eps": 0.32,
            "eps_growth_year": 6.67,
            "eps_4q": 1.17,
            "eps_4q_growth_year": 0.82,
            "roe": 1.98,
            "roe_4q": 7.379999999999999,
            "gross_profit": null,
            "gross_margin": null,
            "gross_margin_4q_avg": 0,
            "net_income": 3963354,
            "net_income_4q": null,
            "revenue": 11570312,
            "revenue_4q": null,
            "common_shares": 118472850,
            "book_valuer_per_share": 16.42,
            "book_valuer_per_share_4q_avg": 16.52,
            "equity": 198562467,
            "current_ratio": null,
            "debt_ratio": 94.04,
            "inventory_turnover_ratio": null,
            "account_receivable_turnover_ratio": null,
            "reinvestment_rate": -3.06,
            "research_to_sale_ratio": null,
            "price_fair": 24.15,
            "eps_avg_yearly": 1.15,
            "eps_latest_yearly": 1.28,
            "eps_growth_yearly": 10.96
        },
        "20173": {
            "year_quarter": 20173,
            "year": 2017,
            "quarter": 3,
            "eps": 0.37,
            "eps_growth_year": 15.62,
            "eps_4q": 1.22,
            "eps_4q_growth_year": 4.73,
            "roe": 2.29,
            "roe_4q": 7.66,
            "gross_profit": null,
            "gross_margin": null,
            "gross_margin_4q_avg": 0,
            "net_income": 4589320,
            "net_income_4q": null,
            "revenue": 12165485,
            "revenue_4q": null,
            "common_shares": 122027036,
            "book_valuer_per_share": 16.3,
            "book_valuer_per_share_4q_avg": 16.47,
            "equity": 203078204,
            "current_ratio": null,
            "debt_ratio": 93.95,
            "inventory_turnover_ratio": null,
            "account_receivable_turnover_ratio": null,
            "reinvestment_rate": -3.97,
            "research_to_sale_ratio": null,
            "price_fair": 30.43,
            "eps_avg_yearly": 1.18,
            "eps_latest_yearly": 1.48,
            "eps_growth_yearly": 15.79
        },
        "20174": {
            "year_quarter": 20174,
            "year": 2017,
            "quarter": 4,
            "eps": 0.21,
            "eps_growth_year": -21.03,
            "eps_4q": 1.17,
            "eps_4q_growth_year": 0.99,
            "roe": 1.3,
            "roe_4q": 7.3100000000000005,
            "gross_profit": null,
            "gross_margin": null,
            "gross_margin_4q_avg": 0,
            "net_income": 2664050,
            "net_income_4q": null,
            "revenue": 11969508,
            "revenue_4q": null,
            "common_shares": 122027036,
            "book_valuer_per_share": 16.48,
            "book_valuer_per_share_4q_avg": 16.49,
            "equity": 205496296,
            "current_ratio": null,
            "debt_ratio": 93.98,
            "inventory_turnover_ratio": null,
            "account_receivable_turnover_ratio": null,
            "reinvestment_rate": -9.33,
            "research_to_sale_ratio": null,
            "price_fair": 25.73,
            "eps_avg_yearly": 1.19,
            "eps_latest_yearly": 0.84,
            "eps_growth_yearly": 11.71
        },
        "20181": {
            "year_quarter": 20181,
            "year": 2018,
            "quarter": 1,
            "eps": 0.3,
            "eps_growth_year": 3.45,
            "eps_4q": 1.2,
            "eps_4q_growth_year": 1.57,
            "roe": 1.85,
            "roe_4q": 7.42,
            "gross_profit": null,
            "gross_margin": null,
            "gross_margin_4q_avg": 0,
            "net_income": 3842659,
            "net_income_4q": null,
            "revenue": 12296480,
            "revenue_4q": null,
            "common_shares": 122027036,
            "book_valuer_per_share": 16.89,
            "book_valuer_per_share_4q_avg": 16.52,
            "equity": 210384981,
            "current_ratio": null,
            "debt_ratio": 93.89,
            "inventory_turnover_ratio": null,
            "account_receivable_turnover_ratio": null,
            "reinvestment_rate": -8.93,
            "research_to_sale_ratio": null,
            "price_fair": 24.49,
            "eps_avg_yearly": 1.19,
            "eps_latest_yearly": 1.2,
            "eps_growth_yearly": 10.58
        },
        "20182": {
            "year_quarter": 20182,
            "year": 2018,
            "quarter": 2,
            "eps": 0.33,
            "eps_growth_year": 3.12,
            "eps_4q": 1.19,
            "eps_4q_growth_year": 1.67,
            "roe": 2.04,
            "roe_4q": 7.48,
            "gross_profit": null,
            "gross_margin": null,
            "gross_margin_4q_avg": 0,
            "net_income": 4251285,
            "net_income_4q": null,
            "revenue": 10565283,
            "revenue_4q": null,
            "common_shares": 122027036,
            "book_valuer_per_share": 16.53,
            "book_valuer_per_share_4q_avg": 16.55,
            "equity": 205950633,
            "current_ratio": null,
            "debt_ratio": 94.14,
            "inventory_turnover_ratio": null,
            "account_receivable_turnover_ratio": null,
            "reinvestment_rate": -9.69,
            "research_to_sale_ratio": null,
            "price_fair": 24.38,
            "eps_avg_yearly": 1.2,
            "eps_latest_yearly": 1.32,
            "eps_growth_yearly": 10.4
        },
        "20183": {
            "year_quarter": 20183,
            "year": 2018,
            "quarter": 3,
            "eps": 0.35,
            "eps_growth_year": -5.41,
            "eps_4q": 1.18,
            "eps_4q_growth_year": -3.25,
            "roe": 2.16,
            "roe_4q": 7.3500000000000005,
            "gross_profit": null,
            "gross_margin": null,
            "gross_margin_4q_avg": 0,
            "net_income": 4496052,
            "net_income_4q": null,
            "revenue": 12112584,
            "revenue_4q": null,
            "common_shares": 125687847,
            "book_valuer_per_share": 16.46,
            "book_valuer_per_share_4q_avg": 16.59,
            "equity": 211291668,
            "current_ratio": null,
            "debt_ratio": 93.97,
            "inventory_turnover_ratio": null,
            "account_receivable_turnover_ratio": null,
            "reinvestment_rate": -10.15,
            "research_to_sale_ratio": null,
            "price_fair": 25.39,
            "eps_avg_yearly": 1.2,
            "eps_latest_yearly": 1.4,
            "eps_growth_yearly": 11.11
        },
        "20184": {
            "year_quarter": 20184,
            "year": 2018,
            "quarter": 4,
            "eps": 0.27,
            "eps_growth_year": 24.99,
            "eps_4q": 1.24,
            "eps_4q_growth_year": 5.91,
            "roe": 1.62,
            "roe_4q": 7.67,
            "gross_profit": null,
            "gross_margin": null,
            "gross_margin_4q_avg": 0,
            "net_income": 3426258,
            "net_income_4q": null,
            "revenue": 11898332,
            "revenue_4q": null,
            "common_shares": 125687847,
            "book_valuer_per_share": 16.57,
            "book_valuer_per_share_4q_avg": 16.61,
            "equity": 212474009,
            "current_ratio": null,
            "debt_ratio": 93.94,
            "inventory_turnover_ratio": null,
            "account_receivable_turnover_ratio": null,
            "reinvestment_rate": -11.41,
            "research_to_sale_ratio": null,
            "price_fair": 27.2,
            "eps_avg_yearly": 1.21,
            "eps_latest_yearly": 1.08,
            "eps_growth_yearly": 12.43
        },
        "20191": {
            "year_quarter": 20191,
            "year": 2019,
            "quarter": 1,
            "eps": 0.31,
            "eps_growth_year": 3.33,
            "eps_4q": 1.26,
            "eps_4q_growth_year": 4.94,
            "roe": 1.88,
            "roe_4q": 7.7,
            "gross_profit": null,
            "gross_margin": null,
            "gross_margin_4q_avg": 0,
            "net_income": 4065993,
            "net_income_4q": null,
            "revenue": 12210025,
            "revenue_4q": null,
            "common_shares": 125687847,
            "book_valuer_per_share": 17.18,
            "book_valuer_per_share_4q_avg": 16.69,
            "equity": 220759641,
            "current_ratio": null,
            "debt_ratio": 93.89,
            "inventory_turnover_ratio": null,
            "account_receivable_turnover_ratio": null,
            "reinvestment_rate": -11.27,
            "research_to_sale_ratio": null,
            "price_fair": 22.51,
            "eps_avg_yearly": 1.22,
            "eps_latest_yearly": 1.24,
            "eps_growth_yearly": 8.52
        },
        "20192": {
            "year_quarter": 20192,
            "year": 2019,
            "quarter": 2,
            "eps": 0.33,
            "eps_growth_year": 0,
            "eps_4q": 1.24,
            "eps_4q_growth_year": 3.89,
            "roe": 2.02,
            "roe_4q": 7.68,
            "gross_profit": null,
            "gross_margin": null,
            "gross_margin_4q_avg": 0,
            "net_income": 4429052,
            "net_income_4q": null,
            "revenue": 11885787,
            "revenue_4q": null,
            "common_shares": 125687847,
            "book_valuer_per_share": 16.98,
            "book_valuer_per_share_4q_avg": 16.8,
            "equity": 218425635,
            "current_ratio": null,
            "debt_ratio": 94.01,
            "inventory_turnover_ratio": null,
            "account_receivable_turnover_ratio": null,
            "reinvestment_rate": -10.73,
            "research_to_sale_ratio": null,
            "price_fair": 24.62,
            "eps_avg_yearly": 1.22,
            "eps_latest_yearly": 1.32,
            "eps_growth_yearly": 10.14
        },
        "20193": {
            "year_quarter": 20193,
            "year": 2019,
            "quarter": 3,
            "eps": 0.36,
            "eps_growth_year": 2.86,
            "eps_4q": 1.26,
            "eps_4q_growth_year": 6.28,
            "roe": 2.14,
            "roe_4q": 7.66,
            "gross_profit": null,
            "gross_margin": null,
            "gross_margin_4q_avg": 0,
            "net_income": 4723062,
            "net_income_4q": null,
            "revenue": 12174535,
            "revenue_4q": null,
            "common_shares": 129458483,
            "book_valuer_per_share": 16.77,
            "book_valuer_per_share_4q_avg": 16.88,
            "equity": 222379351,
            "current_ratio": null,
            "debt_ratio": 93.96,
            "inventory_turnover_ratio": null,
            "account_receivable_turnover_ratio": null,
            "reinvestment_rate": -10.15,
            "research_to_sale_ratio": null,
            "price_fair": 23.42,
            "eps_avg_yearly": 1.23,
            "eps_latest_yearly": 1.44,
            "eps_growth_yearly": 9.08
        },
        "20194": {
            "year_quarter": 20194,
            "year": 2019,
            "quarter": 4,
            "eps": 0.33,
            "eps_growth_year": 24.84,
            "eps_4q": 1.33,
            "eps_4q_growth_year": 7.14,
            "roe": 1.96,
            "roe_4q": 7.999999999999999,
            "gross_profit": null,
            "gross_margin": null,
            "gross_margin_4q_avg": 0,
            "net_income": 4394309,
            "net_income_4q": null,
            "revenue": 12825778,
            "revenue_4q": null,
            "common_shares": 129458483,
            "book_valuer_per_share": 17.1,
            "book_valuer_per_share_4q_avg": 17.01,
            "equity": 226907304,
            "current_ratio": null,
            "debt_ratio": 93.93,
            "inventory_turnover_ratio": null,
            "account_receivable_turnover_ratio": null,
            "reinvestment_rate": -9.36,
            "research_to_sale_ratio": null,
            "price_fair": 24.62,
            "eps_avg_yearly": 1.24,
            "eps_latest_yearly": 1.32,
            "eps_growth_yearly": 9.93
        },
        "20201": {
            "year_quarter": 20201,
            "year": 2020,
            "quarter": 1,
            "eps": 0.3,
            "eps_growth_year": -3.23,
            "eps_4q": 1.33,
            "eps_4q_growth_year": 5.67,
            "roe": 1.81,
            "roe_4q": 7.93,
            "gross_profit": null,
            "gross_margin": null,
            "gross_margin_4q_avg": 0,
            "net_income": 4104412,
            "net_income_4q": null,
            "revenue": 11313752,
            "revenue_4q": null,
            "common_shares": 129458483,
            "book_valuer_per_share": 17.15,
            "book_valuer_per_share_4q_avg": 17,
            "equity": 227181784,
            "current_ratio": null,
            "debt_ratio": 93.99,
            "inventory_turnover_ratio": null,
            "account_receivable_turnover_ratio": null,
            "reinvestment_rate": -9.17,
            "research_to_sale_ratio": null,
            "price_fair": 23.97,
            "eps_avg_yearly": 1.24,
            "eps_latest_yearly": 1.2,
            "eps_growth_yearly": 9.33
        },
        "20202": {
            "year_quarter": 20202,
            "year": 2020,
            "quarter": 2,
            "eps": 0.29,
            "eps_growth_year": -12.12,
            "eps_4q": 1.25,
            "eps_4q_growth_year": 1.45,
            "roe": 1.74,
            "roe_4q": 7.65,
            "gross_profit": null,
            "gross_margin": null,
            "gross_margin_4q_avg": 0,
            "net_income": 3950139,
            "net_income_4q": null,
            "revenue": 12858299,
            "revenue_4q": null,
            "common_shares": 129458483,
            "book_valuer_per_share": 17.11,
            "book_valuer_per_share_4q_avg": 17.03,
            "equity": 227230200,
            "current_ratio": null,
            "debt_ratio": 94.24,
            "inventory_turnover_ratio": null,
            "account_receivable_turnover_ratio": null,
            "reinvestment_rate": -8.13,
            "research_to_sale_ratio": null,
            "price_fair": 20.68,
            "eps_avg_yearly": 1.24,
            "eps_latest_yearly": 1.16,
            "eps_growth_yearly": 6.71
        },
        "20203": {
            "year_quarter": 20203,
            "year": 2020,
            "quarter": 3,
            "eps": 0.32,
            "eps_growth_year": -11.11,
            "eps_4q": 1.22,
            "eps_4q_growth_year": -2.81,
            "roe": 1.89,
            "roe_4q": 7.3999999999999995,
            "gross_profit": null,
            "gross_margin": null,
            "gross_margin_4q_avg": 0,
            "net_income": 4332838,
            "net_income_4q": null,
            "revenue": 13952031,
            "revenue_4q": null,
            "common_shares": 133342237,
            "book_valuer_per_share": 16.93,
            "book_valuer_per_share_4q_avg": 17.07,
            "equity": 231993274,
            "current_ratio": null,
            "debt_ratio": 94.2,
            "inventory_turnover_ratio": null,
            "account_receivable_turnover_ratio": null,
            "reinvestment_rate": -7.78,
            "research_to_sale_ratio": null,
            "price_fair": 21.82,
            "eps_avg_yearly": 1.24,
            "eps_latest_yearly": 1.28,
            "eps_growth_yearly": 7.63
        },
        "20204": {
            "year_quarter": 20204,
            "year": 2020,
            "quarter": 4,
            "eps": 0.35,
            "eps_growth_year": 3.68,
            "eps_4q": 1.24,
            "eps_4q_growth_year": -6.58,
            "roe": 2.02,
            "roe_4q": 7.460000000000001,
            "gross_profit": null,
            "gross_margin": null,
            "gross_margin_4q_avg": 0,
            "net_income": 4747602,
            "net_income_4q": null,
            "revenue": 13641905,
            "revenue_4q": null,
            "common_shares": 133342237,
            "book_valuer_per_share": 17.33,
            "book_valuer_per_share_4q_avg": 17.13,
            "equity": 237681557,
            "current_ratio": null,
            "debt_ratio": 94.27,
            "inventory_turnover_ratio": null,
            "account_receivable_turnover_ratio": null,
            "reinvestment_rate": -7.47,
            "research_to_sale_ratio": null,
            "price_fair": 30.03,
            "eps_avg_yearly": 1.26,
            "eps_latest_yearly": 1.4,
            "eps_growth_yearly": 13.88
        },
        "20211": {
            "year_quarter": 20211,
            "year": 2021,
            "quarter": 1,
            "eps": 0.34,
            "eps_growth_year": 13.33,
            "eps_4q": 1.29,
            "eps_4q_growth_year": -3.26,
            "roe": 2,
            "roe_4q": 7.6499999999999995,
            "gross_profit": null,
            "gross_margin": null,
            "gross_margin_4q_avg": 0,
            "net_income": 4777532,
            "net_income_4q": null,
            "revenue": 13009215,
            "revenue_4q": null,
            "common_shares": 133342237,
            "book_valuer_per_share": 17.58,
            "book_valuer_per_share_4q_avg": 17.24,
            "equity": 241120747,
            "current_ratio": null,
            "debt_ratio": 94.26,
            "inventory_turnover_ratio": null,
            "account_receivable_turnover_ratio": null,
            "reinvestment_rate": -7.28,
            "research_to_sale_ratio": null,
            "price_fair": 27.07,
            "eps_avg_yearly": 1.27,
            "eps_latest_yearly": 1.36,
            "eps_growth_yearly": 11.31
        },
        "20212": {
            "year_quarter": 20212,
            "year": 2021,
            "quarter": 2,
            "eps": 0.39,
            "eps_growth_year": 34.48,
            "eps_4q": 1.39,
            "eps_4q_growth_year": 11.05,
            "roe": 2.22,
            "roe_4q": 8.13,
            "gross_profit": null,
            "gross_margin": null,
            "gross_margin_4q_avg": 0,
            "net_income": 5422345,
            "net_income_4q": null,
            "revenue": 13450757,
            "revenue_4q": null,
            "common_shares": 133342237,
            "book_valuer_per_share": 18.12,
            "book_valuer_per_share_4q_avg": 17.49,
            "equity": 248343843,
            "current_ratio": null,
            "debt_ratio": 94.24,
            "inventory_turnover_ratio": null,
            "account_receivable_turnover_ratio": null,
            "reinvestment_rate": -7.61,
            "research_to_sale_ratio": null,
            "price_fair": 28.84,
            "eps_avg_yearly": 1.29,
            "eps_latest_yearly": 1.56,
            "eps_growth_yearly": 12.4
        },
        "20213": {
            "year_quarter": 20213,
            "year": 2021,
            "quarter": 3,
            "eps": 0.45,
            "eps_growth_year": 40.62,
            "eps_4q": 1.51,
            "eps_4q_growth_year": 23.42,
            "roe": 2.56,
            "roe_4q": 8.8,
            "gross_profit": null,
            "gross_margin": null,
            "gross_margin_4q_avg": 0,
            "net_income": 6264024,
            "net_income_4q": null,
            "revenue": 15096193,
            "revenue_4q": null,
            "common_shares": 136009082,
            "book_valuer_per_share": 17.21,
            "book_valuer_per_share_4q_avg": 17.56,
            "equity": 240758951,
            "current_ratio": null,
            "debt_ratio": 94.42,
            "inventory_turnover_ratio": null,
            "account_receivable_turnover_ratio": null,
            "reinvestment_rate": -7.36,
            "research_to_sale_ratio": null,
            "price_fair": 29.21,
            "eps_avg_yearly": 1.31,
            "eps_latest_yearly": 1.8,
            "eps_growth_yearly": 12.34
        },
        "20214": {
            "year_quarter": 20214,
            "year": 2021,
            "quarter": 4,
            "eps": 0.34,
            "eps_growth_year": -1.4,
            "eps_4q": 1.51,
            "eps_4q_growth_year": 21.39,
            "roe": 1.96,
            "roe_4q": 8.74,
            "gross_profit": null,
            "gross_margin": null,
            "gross_margin_4q_avg": 0,
            "net_income": 4747829,
            "net_income_4q": null,
            "revenue": 12856528,
            "revenue_4q": null,
            "common_shares": 136009082,
            "book_valuer_per_share": 17.37,
            "book_valuer_per_share_4q_avg": 17.57,
            "equity": 242878592,
            "current_ratio": null,
            "debt_ratio": 94.52,
            "inventory_turnover_ratio": null,
            "account_receivable_turnover_ratio": null,
            "reinvestment_rate": -1.01,
            "research_to_sale_ratio": null,
            "price_fair": 36.24,
            "eps_avg_yearly": 1.34,
            "eps_latest_yearly": 1.36,
            "eps_growth_yearly": 17.04
        },
        "20221": {
            "year_quarter": 20221,
            "year": 2022,
            "quarter": 1,
            "eps": 0.32,
            "eps_growth_year": -5.88,
            "eps_4q": 1.49,
            "eps_4q_growth_year": 15.87,
            "roe": 1.85,
            "roe_4q": 8.59,
            "gross_profit": null,
            "gross_margin": null,
            "gross_margin_4q_avg": 0,
            "net_income": 4476913,
            "net_income_4q": null,
            "revenue": 11556147,
            "revenue_4q": null,
            "common_shares": 136009082,
            "book_valuer_per_share": 17.22,
            "book_valuer_per_share_4q_avg": 17.48,
            "equity": 240535200,
            "current_ratio": null,
            "debt_ratio": 94.56,
            "inventory_turnover_ratio": null,
            "account_receivable_turnover_ratio": null,
            "reinvestment_rate": -1.57,
            "research_to_sale_ratio": null,
            "price_fair": 19.98,
            "eps_avg_yearly": 1.35,
            "eps_latest_yearly": 1.28,
            "eps_growth_yearly": 4.86
        },
        "20222": {
            "year_quarter": 20222,
            "year": 2022,
            "quarter": 2,
            "eps": 0.33,
            "eps_growth_year": -15.38,
            "eps_4q": 1.41,
            "eps_4q_growth_year": 1.51,
            "roe": 2.16,
            "roe_4q": 8.53,
            "gross_profit": null,
            "gross_margin": null,
            "gross_margin_4q_avg": 0,
            "net_income": 4871165,
            "net_income_4q": null,
            "revenue": 12231317,
            "revenue_4q": null,
            "common_shares": 136009082,
            "book_valuer_per_share": 15.16,
            "book_valuer_per_share_4q_avg": 16.74,
            "equity": 211553829,
            "current_ratio": null,
            "debt_ratio": 95.1,
            "inventory_turnover_ratio": null,
            "account_receivable_turnover_ratio": null,
            "reinvestment_rate": -1.34,
            "research_to_sale_ratio": null,
            "price_fair": 17.67,
            "eps_avg_yearly": 1.35,
            "eps_latest_yearly": 1.32,
            "eps_growth_yearly": 3.14
        },
        "20223": {
            "year_quarter": 20223,
            "year": 2022,
            "quarter": 3,
            "eps": 0.42,
            "eps_growth_year": -6.67,
            "eps_4q": 1.39,
            "eps_4q_growth_year": -7.84,
            "roe": 2.85,
            "roe_4q": 8.82,
            "gross_profit": null,
            "gross_margin": null,
            "gross_margin_4q_avg": 0,
            "net_income": 5950691,
            "net_income_4q": null,
            "revenue": 15423830,
            "revenue_4q": null,
            "common_shares": 140089354,
            "book_valuer_per_share": 14.4,
            "book_valuer_per_share_4q_avg": 16.04,
            "equity": 206681205,
            "current_ratio": null,
            "debt_ratio": 95.39,
            "inventory_turnover_ratio": null,
            "account_receivable_turnover_ratio": null,
            "reinvestment_rate": -0.94,
            "research_to_sale_ratio": null,
            "price_fair": 25.13,
            "eps_avg_yearly": 1.36,
            "eps_latest_yearly": 1.68,
            "eps_growth_yearly": 8.44
        },
        "20224": {
            "year_quarter": 20224,
            "year": 2022,
            "quarter": 4,
            "eps": 0.39,
            "eps_growth_year": 13.43,
            "eps_4q": 1.45,
            "eps_4q_growth_year": -4.26,
            "roe": 2.58,
            "roe_4q": 9.44,
            "gross_profit": null,
            "gross_margin": null,
            "gross_margin_4q_avg": 0,
            "net_income": 5518523,
            "net_income_4q": null,
            "revenue": 13970858,
            "revenue_4q": null,
            "common_shares": 140089354,
            "book_valuer_per_share": 15.38,
            "book_valuer_per_share_4q_avg": 15.54,
            "equity": 220763177,
            "current_ratio": null,
            "debt_ratio": 95.07,
            "inventory_turnover_ratio": null,
            "account_receivable_turnover_ratio": null,
            "reinvestment_rate": -0.89,
            "research_to_sale_ratio": null,
            "price_fair": 31.15,
            "eps_avg_yearly": 1.39,
            "eps_latest_yearly": 1.56,
            "eps_growth_yearly": 12.37
        },
        "20231": {
            "year_quarter": 20231,
            "year": 2023,
            "quarter": 1,
            "eps": 0.35,
            "eps_growth_year": 9.38,
            "eps_4q": 1.49,
            "eps_4q_growth_year": -0.35,
            "roe": 2.22,
            "roe_4q": 9.81,
            "gross_profit": null,
            "gross_margin": null,
            "gross_margin_4q_avg": 0,
            "net_income": 5036635,
            "net_income_4q": null,
            "revenue": 14747394,
            "revenue_4q": null,
            "common_shares": 140089354,
            "book_valuer_per_share": 16.18,
            "book_valuer_per_share_4q_avg": 15.28,
            "equity": 232251946,
            "current_ratio": null,
            "debt_ratio": 94.98,
            "inventory_turnover_ratio": null,
            "account_receivable_turnover_ratio": null,
            "reinvestment_rate": -1,
            "research_to_sale_ratio": null,
            "price_fair": 22.58,
            "eps_avg_yearly": 1.4,
            "eps_latest_yearly": 1.4,
            "eps_growth_yearly": 6.1
        },
        "20232": {
            "year_quarter": 20232,
            "year": 2023,
            "quarter": 2,
            "eps": 0.32,
            "eps_growth_year": -3.03,
            "eps_4q": 1.41,
            "eps_4q_growth_year": -0.26,
            "roe": 2.07,
            "roe_4q": 9.72,
            "gross_profit": null,
            "gross_margin": null,
            "gross_margin_4q_avg": 0,
            "net_income": 4799989,
            "net_income_4q": null,
            "revenue": 15596269,
            "revenue_4q": null,
            "common_shares": 140089354,
            "book_valuer_per_share": 16.19,
            "book_valuer_per_share_4q_avg": 15.54,
            "equity": 232364968,
            "current_ratio": null,
            "debt_ratio": 94.99,
            "inventory_turnover_ratio": null,
            "account_receivable_turnover_ratio": null,
            "reinvestment_rate": -1.19,
            "research_to_sale_ratio": null,
            "price_fair": 17.29,
            "eps_avg_yearly": 1.4,
            "eps_latest_yearly": 1.28,
            "eps_growth_yearly": 2.35
        },
        "20233": {
            "year_quarter": 20233,
            "year": 2023,
            "quarter": 3,
            "eps": 0.34,
            "eps_growth_year": -19.05,
            "eps_4q": 1.36,
            "eps_4q_growth_year": -2.4,
            "roe": 2.21,
            "roe_4q": 9.08,
            "gross_profit": null,
            "gross_margin": null,
            "gross_margin_4q_avg": 0,
            "net_income": 5152993,
            "net_income_4q": null,
            "revenue": 15696299,
            "revenue_4q": null,
            "common_shares": 147093822,
            "book_valuer_per_share": 15.58,
            "book_valuer_per_share_4q_avg": 15.83,
            "equity": 234624979,
            "current_ratio": null,
            "debt_ratio": 94.96,
            "inventory_turnover_ratio": null,
            "account_receivable_turnover_ratio": null,
            "reinvestment_rate": -1.57,
            "research_to_sale_ratio": null,
            "price_fair": 16.23,
            "eps_avg_yearly": 1.4,
            "eps_latest_yearly": 1.36,
            "eps_growth_yearly": 1.64
        }
    },
    "months": {
        "2011-12": {
            "month": "2011-12",
            "price": "18.11",
            "revenue": 280867
        },
        "2012-01": {
            "month": "2012-01",
            "price": "17.88",
            "revenue": 755912
        },
        "2012-02": {
            "month": "2012-02",
            "price": "19.09",
            "revenue": 738612
        },
        "2012-03": {
            "month": "2012-03",
            "price": "18.87",
            "revenue": 728384
        },
        "2012-04": {
            "month": "2012-04",
            "price": "17.61",
            "revenue": 704298
        },
        "2012-05": {
            "month": "2012-05",
            "price": "17.58",
            "revenue": 838583
        },
        "2012-06": {
            "month": "2012-06",
            "price": "17.29",
            "revenue": 752109
        },
        "2012-07": {
            "month": "2012-07",
            "price": "17.79",
            "revenue": 742870
        },
        "2012-08": {
            "month": "2012-08",
            "price": "16.85",
            "revenue": 758868
        },
        "2012-09": {
            "month": "2012-09",
            "price": "16.50",
            "revenue": 608045
        },
        "2012-10": {
            "month": "2012-10",
            "price": "15.84",
            "revenue": 661448
        },
        "2012-11": {
            "month": "2012-11",
            "price": "15.45",
            "revenue": 368091
        },
        "2012-12": {
            "month": "2012-12",
            "price": "16.18",
            "revenue": 116594
        },
        "2013-01": {
            "month": "2013-01",
            "price": "16.39",
            "revenue": 3545856
        },
        "2013-02": {
            "month": "2013-02",
            "price": "17.10",
            "revenue": 2799177
        },
        "2013-03": {
            "month": "2013-03",
            "price": "16.97",
            "revenue": 3342372
        },
        "2013-04": {
            "month": "2013-04",
            "price": "16.82",
            "revenue": 2968639
        },
        "2013-05": {
            "month": "2013-05",
            "price": "17.13",
            "revenue": 3036799
        },
        "2013-06": {
            "month": "2013-06",
            "price": "16.71",
            "revenue": 2929389
        },
        "2013-07": {
            "month": "2013-07",
            "price": "16.89",
            "revenue": 2930437
        },
        "2013-08": {
            "month": "2013-08",
            "price": "16.28",
            "revenue": 3037894
        },
        "2013-09": {
            "month": "2013-09",
            "price": "16.26",
            "revenue": 2769746
        },
        "2013-10": {
            "month": "2013-10",
            "price": "16.42",
            "revenue": 2528482
        },
        "2013-11": {
            "month": "2013-11",
            "price": "16.24",
            "revenue": 2447045
        },
        "2013-12": {
            "month": "2013-12",
            "price": "16.31",
            "revenue": 2623633
        },
        "2014-01": {
            "month": "2014-01",
            "price": "16.34",
            "revenue": 3275716
        },
        "2014-02": {
            "month": "2014-02",
            "price": "16.22",
            "revenue": 3036591
        },
        "2014-03": {
            "month": "2014-03",
            "price": "16.14",
            "revenue": 2448861
        },
        "2014-04": {
            "month": "2014-04",
            "price": "16.33",
            "revenue": 2780152
        },
        "2014-05": {
            "month": "2014-05",
            "price": "16.31",
            "revenue": 2521089
        },
        "2014-06": {
            "month": "2014-06",
            "price": "16.72",
            "revenue": 2845197
        },
        "2014-07": {
            "month": "2014-07",
            "price": "17.43",
            "revenue": 2533260
        },
        "2014-08": {
            "month": "2014-08",
            "price": "17.22",
            "revenue": 4830966
        },
        "2014-09": {
            "month": "2014-09",
            "price": "16.64",
            "revenue": 2756248
        },
        "2014-10": {
            "month": "2014-10",
            "price": "16.11",
            "revenue": 2536327
        },
        "2014-11": {
            "month": "2014-11",
            "price": "16.24",
            "revenue": 2858182
        },
        "2014-12": {
            "month": "2014-12",
            "price": "16.19",
            "revenue": 3058827
        },
        "2015-01": {
            "month": "2015-01",
            "price": "16.15",
            "revenue": 3355171
        },
        "2015-02": {
            "month": "2015-02",
            "price": "16.14",
            "revenue": 3142192
        },
        "2015-03": {
            "month": "2015-03",
            "price": "15.98",
            "revenue": 3021292
        },
        "2015-04": {
            "month": "2015-04",
            "price": "16.15",
            "revenue": 3548337
        },
        "2015-05": {
            "month": "2015-05",
            "price": "16.42",
            "revenue": 3446925
        },
        "2015-06": {
            "month": "2015-06",
            "price": "16.14",
            "revenue": 3170752
        },
        "2015-07": {
            "month": "2015-07",
            "price": "16.03",
            "revenue": 3118544
        },
        "2015-08": {
            "month": "2015-08",
            "price": "14.53",
            "revenue": 3074977
        },
        "2015-09": {
            "month": "2015-09",
            "price": "13.76",
            "revenue": 3383973
        },
        "2015-10": {
            "month": "2015-10",
            "price": "14.30",
            "revenue": 2875022
        },
        "2015-11": {
            "month": "2015-11",
            "price": "14.18",
            "revenue": 3061524
        },
        "2015-12": {
            "month": "2015-12",
            "price": "13.74",
            "revenue": 3099181
        },
        "2016-01": {
            "month": "2016-01",
            "price": "13.20",
            "revenue": 4320742
        },
        "2016-02": {
            "month": "2016-02",
            "price": "13.86",
            "revenue": 3268570
        },
        "2016-03": {
            "month": "2016-03",
            "price": "14.38",
            "revenue": 3494569
        },
        "2016-04": {
            "month": "2016-04",
            "price": "14.28",
            "revenue": 3680763
        },
        "2016-05": {
            "month": "2016-05",
            "price": "13.86",
            "revenue": 3313215
        },
        "2016-06": {
            "month": "2016-06",
            "price": "14.24",
            "revenue": 3366698
        },
        "2016-07": {
            "month": "2016-07",
            "price": "14.69",
            "revenue": 3795225
        },
        "2016-08": {
            "month": "2016-08",
            "price": "14.41",
            "revenue": 3668131
        },
        "2016-09": {
            "month": "2016-09",
            "price": "13.99",
            "revenue": 3326382
        },
        "2016-10": {
            "month": "2016-10",
            "price": "13.88",
            "revenue": 3498665
        },
        "2016-11": {
            "month": "2016-11",
            "price": "13.78",
            "revenue": 3546759
        },
        "2016-12": {
            "month": "2016-12",
            "price": "14.05",
            "revenue": 3350714
        },
        "2017-01": {
            "month": "2017-01",
            "price": "14.19",
            "revenue": 4068962
        },
        "2017-02": {
            "month": "2017-02",
            "price": "14.68",
            "revenue": 3312122
        },
        "2017-03": {
            "month": "2017-03",
            "price": "14.87",
            "revenue": 3611760
        },
        "2017-04": {
            "month": "2017-04",
            "price": "15.29",
            "revenue": 3532568
        },
        "2017-05": {
            "month": "2017-05",
            "price": "15.62",
            "revenue": 3781759
        },
        "2017-06": {
            "month": "2017-06",
            "price": "15.79",
            "revenue": 4169370
        },
        "2017-07": {
            "month": "2017-07",
            "price": "16.42",
            "revenue": 4244962
        },
        "2017-08": {
            "month": "2017-08",
            "price": "16.16",
            "revenue": 4158750
        },
        "2017-09": {
            "month": "2017-09",
            "price": "15.75",
            "revenue": 3777013
        },
        "2017-10": {
            "month": "2017-10",
            "price": "16.12",
            "revenue": 3741608
        },
        "2017-11": {
            "month": "2017-11",
            "price": "16.35",
            "revenue": 3819508
        },
        "2017-12": {
            "month": "2017-12",
            "price": "16.49",
            "revenue": 4413850
        },
        "2018-01": {
            "month": "2018-01",
            "price": "17.22",
            "revenue": 4947873
        },
        "2018-02": {
            "month": "2018-02",
            "price": "16.82",
            "revenue": 3414898
        },
        "2018-03": {
            "month": "2018-03",
            "price": "17.07",
            "revenue": 3975229
        },
        "2018-04": {
            "month": "2018-04",
            "price": "17.18",
            "revenue": 3486921
        },
        "2018-05": {
            "month": "2018-05",
            "price": "17.55",
            "revenue": 3658866
        },
        "2018-06": {
            "month": "2018-06",
            "price": "17.89",
            "revenue": 3295363
        },
        "2018-07": {
            "month": "2018-07",
            "price": "17.96",
            "revenue": 4367732
        },
        "2018-08": {
            "month": "2018-08",
            "price": "18.53",
            "revenue": 3979398
        },
        "2018-09": {
            "month": "2018-09",
            "price": "18.23",
            "revenue": 3767590
        },
        "2018-10": {
            "month": "2018-10",
            "price": "17.66",
            "revenue": 3820474
        },
        "2018-11": {
            "month": "2018-11",
            "price": "17.78",
            "revenue": 3902184
        },
        "2018-12": {
            "month": "2018-12",
            "price": "17.72",
            "revenue": 4066079
        },
        "2019-01": {
            "month": "2019-01",
            "price": "18.16",
            "revenue": 4447251
        },
        "2019-02": {
            "month": "2019-02",
            "price": "18.77",
            "revenue": 3654702
        },
        "2019-03": {
            "month": "2019-03",
            "price": "19.18",
            "revenue": 4064276
        },
        "2019-04": {
            "month": "2019-04",
            "price": "19.84",
            "revenue": 3860556
        },
        "2019-05": {
            "month": "2019-05",
            "price": "20.10",
            "revenue": 3402977
        },
        "2019-06": {
            "month": "2019-06",
            "price": "20.64",
            "revenue": 4617391
        },
        "2019-07": {
            "month": "2019-07",
            "price": "20.90",
            "revenue": 4578114
        },
        "2019-08": {
            "month": "2019-08",
            "price": "20.09",
            "revenue": 3770066
        },
        "2019-09": {
            "month": "2019-09",
            "price": "20.52",
            "revenue": 3839669
        },
        "2019-10": {
            "month": "2019-10",
            "price": "20.61",
            "revenue": 4583652
        },
        "2019-11": {
            "month": "2019-11",
            "price": "20.92",
            "revenue": 4012855
        },
        "2019-12": {
            "month": "2019-12",
            "price": "20.80",
            "revenue": 4224195
        },
        "2020-01": {
            "month": "2020-01",
            "price": "20.93",
            "revenue": 4061295
        },
        "2020-02": {
            "month": "2020-02",
            "price": "21.14",
            "revenue": 3797722
        },
        "2020-03": {
            "month": "2020-03",
            "price": "18.84",
            "revenue": 3453667
        },
        "2020-04": {
            "month": "2020-04",
            "price": "19.27",
            "revenue": 4333290
        },
        "2020-05": {
            "month": "2020-05",
            "price": "20.01",
            "revenue": 3899595
        },
        "2020-06": {
            "month": "2020-06",
            "price": "20.91",
            "revenue": 4635559
        },
        "2020-07": {
            "month": "2020-07",
            "price": "21.18",
            "revenue": 5582275
        },
        "2020-08": {
            "month": "2020-08",
            "price": "20.74",
            "revenue": 4327507
        },
        "2020-09": {
            "month": "2020-09",
            "price": "19.79",
            "revenue": 3959910
        },
        "2020-10": {
            "month": "2020-10",
            "price": "19.61",
            "revenue": 4386735
        },
        "2020-11": {
            "month": "2020-11",
            "price": "20.15",
            "revenue": 4519388
        },
        "2020-12": {
            "month": "2020-12",
            "price": "20.01",
            "revenue": 4714481
        },
        "2021-01": {
            "month": "2021-01",
            "price": "19.90",
            "revenue": 4581406
        },
        "2021-02": {
            "month": "2021-02",
            "price": "19.83",
            "revenue": 4114550
        },
        "2021-03": {
            "month": "2021-03",
            "price": "20.54",
            "revenue": 4254126
        },
        "2021-04": {
            "month": "2021-04",
            "price": "21.21",
            "revenue": 4612615
        },
        "2021-05": {
            "month": "2021-05",
            "price": "20.86",
            "revenue": 4301933
        },
        "2021-06": {
            "month": "2021-06",
            "price": "21.09",
            "revenue": 4525083
        },
        "2021-07": {
            "month": "2021-07",
            "price": "21.63",
            "revenue": 5378780
        },
        "2021-08": {
            "month": "2021-08",
            "price": "21.65",
            "revenue": 5433338
        },
        "2021-09": {
            "month": "2021-09",
            "price": "22.11",
            "revenue": 4258318
        },
        "2021-10": {
            "month": "2021-10",
            "price": "22.31",
            "revenue": 4216038
        },
        "2021-11": {
            "month": "2021-11",
            "price": "23.32",
            "revenue": 4122091
        },
        "2021-12": {
            "month": "2021-12",
            "price": "24.81",
            "revenue": 4438083
        },
        "2022-01": {
            "month": "2022-01",
            "price": "26.46",
            "revenue": 3997257
        },
        "2022-02": {
            "month": "2022-02",
            "price": "27.28",
            "revenue": 3454573
        },
        "2022-03": {
            "month": "2022-03",
            "price": "27.54",
            "revenue": 3951327
        },
        "2022-04": {
            "month": "2022-04",
            "price": "29.28",
            "revenue": 3433852
        },
        "2022-05": {
            "month": "2022-05",
            "price": "27.05",
            "revenue": 4248953
        },
        "2022-06": {
            "month": "2022-06",
            "price": "27.10",
            "revenue": 4462032
        },
        "2022-07": {
            "month": "2022-07",
            "price": "26.14",
            "revenue": 6505321
        },
        "2022-08": {
            "month": "2022-08",
            "price": "27.48",
            "revenue": 4795374
        },
        "2022-09": {
            "month": "2022-09",
            "price": "26.98",
            "revenue": 3957459
        },
        "2022-10": {
            "month": "2022-10",
            "price": "25.00",
            "revenue": 4088455
        },
        "2022-11": {
            "month": "2022-11",
            "price": "26.03",
            "revenue": 4888866
        },
        "2022-12": {
            "month": "2022-12",
            "price": "26.13",
            "revenue": 4993820
        },
        "2023-01": {
            "month": "2023-01",
            "price": "26.55",
            "revenue": 4896870
        },
        "2023-02": {
            "month": "2023-02",
            "price": "26.59",
            "revenue": 4263806
        },
        "2023-03": {
            "month": "2023-03",
            "price": "26.07",
            "revenue": 5622340
        },
        "2023-04": {
            "month": "2023-04",
            "price": "26.48",
            "revenue": 5010375
        },
        "2023-05": {
            "month": "2023-05",
            "price": "27.68",
            "revenue": 4635401
        },
        "2023-06": {
            "month": "2023-06",
            "price": "28.15",
            "revenue": 5975965
        },
        "2023-07": {
            "month": "2023-07",
            "price": "28.37",
            "revenue": 5961716
        },
        "2023-08": {
            "month": "2023-08",
            "price": "27.37",
            "revenue": 4994556
        },
        "2023-09": {
            "month": "2023-09",
            "price": "26.08",
            "revenue": 4738180
        },
        "2023-10": {
            "month": "2023-10",
            "price": "25.56",
            "revenue": 4670175
        },
        "2023-11": {
            "month": "2023-11",
            "price": "26.18",
            "revenue": 5779514
        },
        "2023-12": {
            "month": "2023-12",
            "price": "26.60",
            "revenue": 5089571
        }
    }
}
