{
    "summary": {
        "stock_name": "德記",
        "stock_id": "5902",
        "category": "貿易百貨",
        "main_business": "通路銷售及物流服務事業<br>品牌及產品代理事業",
        "website_url": "http://www.tait.com.tw　　",
        "ceo": "孫名通",
        "pe_ratio": 22,
        "report_year_from": 2001,
        "report_year_to": 2023,
        "age": 22,
        "eps_negative_percentage": 39,
        "eps_growth_avg": {
            "last_all": 17.78,
            "last_2y": 46.06,
            "last_4y": 45.79,
            "last_8y": 34.81,
            "last_12y": 41.33,
            "last_16y": 41.33,
            "last_20y": 17.78,
            "at_2006_last_3y": -100,
            "at_2007_last_3y": -100,
            "at_2008_last_3y": null,
            "at_2009_last_3y": null,
            "at_2010_last_3y": null,
            "at_2011_last_3y": null,
            "at_2012_last_3y": null,
            "at_2013_last_3y": 100,
            "at_2014_last_3y": 30.95,
            "at_2015_last_3y": 53.97,
            "at_2016_last_3y": 52.01,
            "at_2017_last_3y": 21.09,
            "at_2018_last_3y": 34.93,
            "at_2019_last_3y": 28.31,
            "at_2020_last_3y": 41.77,
            "at_2021_last_3y": 51.34,
            "at_2022_last_3y": 52.92,
            "at_2023_last_3y": 52.92,
            "at_2006_last_all": -100,
            "at_2007_last_all": -100,
            "at_2008_last_all": -100,
            "at_2009_last_all": -100,
            "at_2010_last_all": -100,
            "at_2011_last_all": -100,
            "at_2012_last_all": -100,
            "at_2013_last_all": -33.33,
            "at_2014_last_all": -34.52,
            "at_2015_last_all": -7.62,
            "at_2016_last_all": 1.34,
            "at_2017_last_all": -2.23,
            "at_2018_last_all": 0.2,
            "at_2019_last_all": 8.35,
            "at_2020_last_all": 17.51,
            "at_2021_last_all": 17.25,
            "at_2022_last_all": 17.78,
            "at_2023_last_all": 17.78
        },
        "latest_eps": 1.92,
        "latest_price": 42.5,
        "latest_roe": 15.64,
        "latest_gross_margin": 23.26,
        "latest_equity": 1195638,
        "latest_revenue": 559388,
        "latest_gross_profit": 130117,
        "latest_net_income": 49882,
        "latest_debt_ratio": 25.02,
        "latest_current_ratio": 267.86,
        "latest_account_receivable_turnover_ratio": 2.25,
        "latest_inventory_turnover_ratio": 3.3,
        "latest_reinvestment_rate": -0.26,
        "latest_research_to_sale_ratio": 0.3
    },
    "eps_dividends": {
        "1996": {
            "cash": 0,
            "stock": 1,
            "eps": 0
        },
        "1997": {
            "cash": 0,
            "stock": 1,
            "eps": 0
        },
        "2000": {
            "cash": 0,
            "stock": 1,
            "eps": 0
        },
        "2001": {
            "cash": 1,
            "stock": 0,
            "eps": 0.65
        },
        "2002": {
            "cash": 1,
            "stock": 0,
            "eps": -0.07
        },
        "2003": {
            "cash": 0,
            "stock": 0,
            "eps": 0.44
        },
        "2004": {
            "cash": 0,
            "stock": 0,
            "eps": -2.16
        },
        "2005": {
            "cash": 0,
            "stock": 0,
            "eps": -1.84
        },
        "2006": {
            "cash": 0,
            "stock": 0,
            "eps": -0.89
        },
        "2007": {
            "cash": 0,
            "stock": 0,
            "eps": -1.01
        },
        "2008": {
            "cash": 0,
            "stock": 0,
            "eps": -5.63
        },
        "2009": {
            "cash": 0,
            "stock": 0,
            "eps": -0.88
        },
        "2010": {
            "cash": 0,
            "stock": 0,
            "eps": -1.23
        },
        "2011": {
            "cash": 0,
            "stock": 0,
            "eps": -0.71
        },
        "2012": {
            "cash": 0,
            "stock": 0,
            "eps": 0.01
        },
        "2013": {
            "cash": 0,
            "stock": 0,
            "eps": 0.21
        },
        "2014": {
            "cash": 0,
            "stock": 0,
            "eps": 0.13
        },
        "2015": {
            "cash": 0,
            "stock": 0,
            "eps": 0.26
        },
        "2016": {
            "cash": 0,
            "stock": 0,
            "eps": 0.38
        },
        "2017": {
            "cash": 0,
            "stock": 0,
            "eps": 0.29
        },
        "2018": {
            "cash": 0,
            "stock": 0,
            "eps": 0.34
        },
        "2019": {
            "cash": 0,
            "stock": 0,
            "eps": 0.59
        },
        "2020": {
            "cash": 0,
            "stock": 0,
            "eps": 1.37
        },
        "2021": {
            "cash": 0,
            "stock": 0,
            "eps": 1.57
        },
        "2022": {
            "cash": 1,
            "stock": 0,
            "eps": 1.94
        },
        "2023": {
            "cash": 2,
            "stock": 0,
            "eps": 0.53
        }
    },
    "dividends": {
        "1996-06-03": {
            "cash": 0.2,
            "stock": 0.8
        },
        "1997-05-30": {
            "cash": 0.2,
            "stock": 0.8
        },
        "2000-06-21": {
            "cash": 0,
            "stock": 0.69
        },
        "2001-05-22": {
            "cash": 0.8,
            "stock": 0
        },
        "2002-06-18": {
            "cash": 0.5,
            "stock": 0
        },
        "2022-07-11": {
            "cash": 1.2,
            "stock": 0
        },
        "2023-02-24": {
            "cash": 1.5,
            "stock": 0
        }
    },
    "prices": {
        "200101": "9.96",
        "200102": "10.40",
        "200103": "10.64",
        "200104": "11.14",
        "200105": "10.26",
        "200106": "8.51",
        "200107": "7.25",
        "200108": "7.46",
        "200109": "6.45",
        "200110": "6.45",
        "200111": "6.51",
        "200112": "6.82",
        "200201": "7.07",
        "200202": "7.20",
        "200203": "7.27",
        "200204": "8.85",
        "200205": "9.20",
        "200206": "8.42",
        "200207": "8.94",
        "200208": "8.94",
        "200209": "9.08",
        "200210": "8.77",
        "200211": "8.41",
        "200212": "8.86",
        "200301": "8.97",
        "200302": "7.60",
        "200303": "6.82",
        "200304": "6.36",
        "200305": "5.41",
        "200306": "6.38",
        "200307": "6.20",
        "200308": "5.95",
        "200309": "5.30",
        "200310": "6.24",
        "200311": "6.84",
        "200312": "6.65",
        "200401": "7.12",
        "200402": "9.55",
        "200403": "9.36",
        "200404": "8.50",
        "200405": "7.34",
        "200406": "7.52",
        "200407": "7.60",
        "200408": "7.11",
        "200409": "7.07",
        "200410": "6.60",
        "200411": "6.39",
        "200412": "6.21",
        "200501": "6.33",
        "200502": "5.85",
        "200503": "5.39",
        "200504": "4.78",
        "200505": "4.56",
        "200506": "4.82",
        "200507": "5.16",
        "200508": "4.67",
        "200509": "4.57",
        "200510": "4.42",
        "200511": "3.81",
        "200512": "3.77",
        "200601": "3.98",
        "200602": "3.84",
        "200603": "3.71",
        "200604": "3.81",
        "200605": "4.43",
        "200606": "3.93",
        "200607": "5.35",
        "200608": "6.45",
        "200609": "6.51",
        "200610": "6.80",
        "200611": "8.13",
        "200612": "9.10",
        "200701": "10.04",
        "200702": "9.61",
        "200703": "9.08",
        "200704": "9.27",
        "200705": "8.67",
        "200706": "8.19",
        "200707": "9.71",
        "200708": "10.29",
        "200709": "9.85",
        "200710": "10.17",
        "200711": "9.39",
        "200712": "8.04",
        "200801": "7.44",
        "200802": "6.80",
        "200803": "7.67",
        "200804": "7.84",
        "200805": "7.82",
        "200806": "7.73",
        "200807": "7.55",
        "200808": "6.55",
        "200809": "4.85",
        "200810": "3.69",
        "200811": "2.91",
        "200812": "3.00",
        "200901": "3.06",
        "200902": "2.97",
        "200903": "3.21",
        "200904": "3.79",
        "200905": "2.33",
        "200906": "2.18",
        "200907": "2.17",
        "200908": "2.22",
        "200909": "2.53",
        "200910": "2.99",
        "200911": "12.19",
        "200912": "11.80",
        "201001": "11.92",
        "201002": "10.29",
        "201003": "10.55",
        "201004": "11.77",
        "201005": "10.33",
        "201006": "10.13",
        "201007": "11.11",
        "201008": "13.35",
        "201009": "15.52",
        "201010": "13.68",
        "201011": "11.78",
        "201012": "11.83",
        "201101": "12.08",
        "201102": "11.60",
        "201103": "10.63",
        "201104": "10.91",
        "201105": "10.94",
        "201106": "10.89",
        "201107": "12.24",
        "201108": "11.12",
        "201109": "9.96",
        "201110": "9.09",
        "201111": "9.38",
        "201112": "8.80",
        "201201": "8.63",
        "201202": "9.93",
        "201203": "11.73",
        "201204": "11.41",
        "201205": "11.50",
        "201206": "11.65",
        "201207": "12.12",
        "201208": "13.21",
        "201209": "13.73",
        "201210": "13.65",
        "201211": "12.63",
        "201212": "12.50",
        "201301": "13.21",
        "201302": "13.44",
        "201303": "13.44",
        "201304": "16.08",
        "201305": "17.28",
        "201306": "21.77",
        "201307": "26.11",
        "201308": "24.77",
        "201309": "21.99",
        "201310": "21.50",
        "201311": "21.47",
        "201312": "22.11",
        "201401": "21.71",
        "201402": "22.22",
        "201403": "21.78",
        "201404": "21.15",
        "201405": "19.42",
        "201406": "18.68",
        "201407": "17.85",
        "201408": "17.33",
        "201409": "15.83",
        "201410": "14.67",
        "201411": "14.81",
        "201412": "13.26",
        "201501": "13.14",
        "201502": "13.62",
        "201503": "13.87",
        "201504": "13.87",
        "201505": "13.63",
        "201506": "12.95",
        "201507": "12.52",
        "201508": "10.83",
        "201509": "10.01",
        "201510": "9.34",
        "201511": "9.93",
        "201512": "10.30",
        "201601": "9.88",
        "201602": "10.40",
        "201603": "10.40",
        "201604": "11.38",
        "201605": "11.63",
        "201606": "13.02",
        "201607": "12.36",
        "201608": "12.88",
        "201609": "12.75",
        "201610": "12.53",
        "201611": "12.08",
        "201612": "12.12",
        "201701": "12.30",
        "201702": "12.79",
        "201703": "13.20",
        "201704": "13.64",
        "201705": "14.18",
        "201706": "13.80",
        "201707": "13.59",
        "201708": "13.09",
        "201709": "12.61",
        "201710": "12.32",
        "201711": "12.02",
        "201712": "12.14",
        "201801": "12.67",
        "201802": "12.59",
        "201803": "12.79",
        "201804": "12.53",
        "201805": "12.03",
        "201806": "11.92",
        "201807": "11.69",
        "201808": "11.05",
        "201809": "10.90",
        "201810": "10.81",
        "201811": "10.11",
        "201812": "9.59",
        "201901": "9.43",
        "201902": "9.51",
        "201903": "9.51",
        "201904": "9.51",
        "201905": "9.33",
        "201906": "9.20",
        "201907": "9.19",
        "201908": "9.36",
        "201909": "9.46",
        "201910": "9.49",
        "201911": "10.34",
        "201912": "10.67",
        "202001": "10.58",
        "202002": "10.26",
        "202003": "9.40",
        "202004": "9.82",
        "202005": "11.00",
        "202006": "12.02",
        "202007": "12.89",
        "202008": "15.86",
        "202009": "17.28",
        "202010": "16.80",
        "202011": "16.79",
        "202012": "17.05",
        "202101": "16.95",
        "202102": "16.97",
        "202103": "18.40",
        "202104": "22.44",
        "202105": "22.20",
        "202106": "23.80",
        "202107": "27.39",
        "202108": "27.06",
        "202109": "26.24",
        "202110": "25.36",
        "202111": "24.98",
        "202112": "24.39",
        "202201": "24.48",
        "202202": "24.56",
        "202203": "25.79",
        "202204": "26.71",
        "202205": "27.66",
        "202206": "27.53",
        "202207": "29.53",
        "202208": "36.17",
        "202209": "39.42",
        "202210": "37.25",
        "202211": "35.10",
        "202212": "34.38",
        "202301": "34.13",
        "202302": "36.18",
        "202303": "35.90",
        "202304": "38.10",
        "202305": "40.09"
    },
    "quarters": {
        "20011": {
            "year_quarter": 20011,
            "year": 2001,
            "quarter": 1,
            "eps": 0.35,
            "eps_growth_year": 20.69,
            "eps_4q": 0.99,
            "eps_4q_growth_year": 53.79,
            "roe": 2.35,
            "roe_4q": 2.35,
            "gross_profit": 275222,
            "gross_margin": 11.94,
            "gross_margin_4q_avg": 11.94,
            "net_income": 59901,
            "revenue": 2305978,
            "common_shares": 1735165,
            "book_valuer_per_share": 14.85,
            "book_valuer_per_share_4q_avg": 14.85,
            "equity": 2577382,
            "current_ratio": 196.38,
            "debt_ratio": 35.25,
            "inventory_turnover_ratio": 4.11,
            "account_receivable_turnover_ratio": null,
            "reinvestment_rate": null,
            "research_to_sale_ratio": null,
            "price_fair": 0,
            "eps_avg_yearly": 0,
            "eps_latest_yearly": 0,
            "eps_growth_yearly": 0
        },
        "20012": {
            "year_quarter": 20012,
            "year": 2001,
            "quarter": 2,
            "eps": 0.22,
            "eps_growth_year": 22.22,
            "eps_4q": 1.01,
            "eps_4q_growth_year": 78.15,
            "roe": 1.53,
            "roe_4q": 3.88,
            "gross_profit": 222641,
            "gross_margin": 12.41,
            "gross_margin_4q_avg": 12.18,
            "net_income": 38920,
            "revenue": 1794341,
            "common_shares": 1735165,
            "book_valuer_per_share": 14.4,
            "book_valuer_per_share_4q_avg": 14.63,
            "equity": 2498146,
            "current_ratio": 163.6,
            "debt_ratio": 47.05,
            "inventory_turnover_ratio": 1.84,
            "account_receivable_turnover_ratio": null,
            "reinvestment_rate": null,
            "research_to_sale_ratio": null,
            "price_fair": 0,
            "eps_avg_yearly": 0,
            "eps_latest_yearly": 0,
            "eps_growth_yearly": 0
        },
        "20013": {
            "year_quarter": 20013,
            "year": 2001,
            "quarter": 3,
            "eps": -0.01,
            "eps_growth_year": -104.55,
            "eps_4q": 0.81,
            "eps_4q_growth_year": 8.24,
            "roe": -0.07,
            "roe_4q": 3.81,
            "gross_profit": 180066,
            "gross_margin": 10.38,
            "gross_margin_4q_avg": 11.58,
            "net_income": -1825,
            "revenue": 1734596,
            "common_shares": 1735165,
            "book_valuer_per_share": 14.39,
            "book_valuer_per_share_4q_avg": 14.55,
            "equity": 2496321,
            "current_ratio": 160.11,
            "debt_ratio": 46.7,
            "inventory_turnover_ratio": 1.32,
            "account_receivable_turnover_ratio": null,
            "reinvestment_rate": null,
            "research_to_sale_ratio": null,
            "price_fair": 0,
            "eps_avg_yearly": 0,
            "eps_latest_yearly": 0,
            "eps_growth_yearly": 0
        },
        "20014": {
            "year_quarter": 20014,
            "year": 2001,
            "quarter": 4,
            "eps": 0.09,
            "eps_growth_year": -64,
            "eps_4q": 0.68,
            "eps_4q_growth_year": -23.67,
            "roe": 0.59,
            "roe_4q": 4.4,
            "gross_profit": 198478,
            "gross_margin": 9.94,
            "gross_margin_4q_avg": 11.17,
            "net_income": 14886,
            "revenue": 1997720,
            "common_shares": 1735165,
            "book_valuer_per_share": 14.47,
            "book_valuer_per_share_4q_avg": 14.53,
            "equity": 2511364,
            "current_ratio": 165.28,
            "debt_ratio": 36.9,
            "inventory_turnover_ratio": 2.03,
            "account_receivable_turnover_ratio": null,
            "reinvestment_rate": null,
            "research_to_sale_ratio": null,
            "price_fair": 0,
            "eps_avg_yearly": 0,
            "eps_latest_yearly": 0,
            "eps_growth_yearly": 0
        },
        "20021": {
            "year_quarter": 20021,
            "year": 2002,
            "quarter": 1,
            "eps": -0.09,
            "eps_growth_year": -125.71,
            "eps_4q": 0.19,
            "eps_4q_growth_year": -80.27,
            "roe": -0.66,
            "roe_4q": 1.39,
            "gross_profit": 133111,
            "gross_margin": 7.58,
            "gross_margin_4q_avg": 10.08,
            "net_income": -16434,
            "revenue": 1756715,
            "common_shares": 1735165,
            "book_valuer_per_share": 14.38,
            "book_valuer_per_share_4q_avg": 14.41,
            "equity": 2494864,
            "current_ratio": 184.59,
            "debt_ratio": 32.71,
            "inventory_turnover_ratio": 2.56,
            "account_receivable_turnover_ratio": null,
            "reinvestment_rate": null,
            "research_to_sale_ratio": null,
            "price_fair": 0,
            "eps_avg_yearly": 0,
            "eps_latest_yearly": 0,
            "eps_growth_yearly": 0
        },
        "20022": {
            "year_quarter": 20022,
            "year": 2002,
            "quarter": 2,
            "eps": 0.22,
            "eps_growth_year": 0,
            "eps_4q": 0.2,
            "eps_4q_growth_year": -80.14,
            "roe": 1.53,
            "roe_4q": 1.39,
            "gross_profit": 151072,
            "gross_margin": 12.12,
            "gross_margin_4q_avg": 10.01,
            "net_income": 37538,
            "revenue": 1246856,
            "common_shares": 1735165,
            "book_valuer_per_share": 13.9,
            "book_valuer_per_share_4q_avg": 14.29,
            "equity": 2412436,
            "current_ratio": 168.3,
            "debt_ratio": 37.39,
            "inventory_turnover_ratio": 1.65,
            "account_receivable_turnover_ratio": null,
            "reinvestment_rate": null,
            "research_to_sale_ratio": null,
            "price_fair": 0,
            "eps_avg_yearly": 0,
            "eps_latest_yearly": 0,
            "eps_growth_yearly": 0
        },
        "20023": {
            "year_quarter": 20023,
            "year": 2002,
            "quarter": 3,
            "eps": -0.13,
            "eps_growth_year": null,
            "eps_4q": 0.08,
            "eps_4q_growth_year": -90.08,
            "roe": -0.94,
            "roe_4q": 0.52,
            "gross_profit": 106640,
            "gross_margin": 6.56,
            "gross_margin_4q_avg": 9.05,
            "net_income": -22507,
            "revenue": 1625803,
            "common_shares": 1671385,
            "book_valuer_per_share": 14.11,
            "book_valuer_per_share_4q_avg": 14.22,
            "equity": 2358114,
            "current_ratio": 143.24,
            "debt_ratio": 47.46,
            "inventory_turnover_ratio": 1.76,
            "account_receivable_turnover_ratio": null,
            "reinvestment_rate": null,
            "research_to_sale_ratio": null,
            "price_fair": 0,
            "eps_avg_yearly": 0,
            "eps_latest_yearly": 0,
            "eps_growth_yearly": 0
        },
        "20024": {
            "year_quarter": 20024,
            "year": 2002,
            "quarter": 4,
            "eps": -0.07,
            "eps_growth_year": -177.78,
            "eps_4q": -0.08,
            "eps_4q_growth_year": -111.83,
            "roe": -0.52,
            "roe_4q": -0.59,
            "gross_profit": 210610,
            "gross_margin": 10.04,
            "gross_margin_4q_avg": 9.08,
            "net_income": -12271,
            "revenue": 2096661,
            "common_shares": 1661815,
            "book_valuer_per_share": 14.08,
            "book_valuer_per_share_4q_avg": 14.12,
            "equity": 2339397,
            "current_ratio": 170.4,
            "debt_ratio": 38.93,
            "inventory_turnover_ratio": 2.13,
            "account_receivable_turnover_ratio": null,
            "reinvestment_rate": 3.46,
            "research_to_sale_ratio": null,
            "price_fair": 0,
            "eps_avg_yearly": 0,
            "eps_latest_yearly": 0,
            "eps_growth_yearly": 0
        },
        "20031": {
            "year_quarter": 20031,
            "year": 2003,
            "quarter": 1,
            "eps": -0.04,
            "eps_growth_year": null,
            "eps_4q": -0.02,
            "eps_4q_growth_year": -112.06,
            "roe": -0.29,
            "roe_4q": -0.21999999999999997,
            "gross_profit": 77355,
            "gross_margin": 5.47,
            "gross_margin_4q_avg": 8.55,
            "net_income": -6679,
            "revenue": 1413522,
            "common_shares": 1661815,
            "book_valuer_per_share": 14.04,
            "book_valuer_per_share_4q_avg": 14.03,
            "equity": 2332718,
            "current_ratio": 177.98,
            "debt_ratio": 37,
            "inventory_turnover_ratio": 1.78,
            "account_receivable_turnover_ratio": null,
            "reinvestment_rate": 1.39,
            "research_to_sale_ratio": null,
            "price_fair": 0,
            "eps_avg_yearly": 0,
            "eps_latest_yearly": 0,
            "eps_growth_yearly": 0
        },
        "20032": {
            "year_quarter": 20032,
            "year": 2003,
            "quarter": 2,
            "eps": 0.19,
            "eps_growth_year": -13.64,
            "eps_4q": -0.06,
            "eps_4q_growth_year": -132.08,
            "roe": 1.32,
            "roe_4q": -0.42999999999999994,
            "gross_profit": 118011,
            "gross_margin": 7.68,
            "gross_margin_4q_avg": 7.44,
            "net_income": 30983,
            "revenue": 1537229,
            "common_shares": 1653705,
            "book_valuer_per_share": 14.29,
            "book_valuer_per_share_4q_avg": 14.13,
            "equity": 2363701,
            "current_ratio": 195.3,
            "debt_ratio": 31.87,
            "inventory_turnover_ratio": 1.72,
            "account_receivable_turnover_ratio": null,
            "reinvestment_rate": -1.43,
            "research_to_sale_ratio": null,
            "price_fair": 0,
            "eps_avg_yearly": 0,
            "eps_latest_yearly": 0,
            "eps_growth_yearly": 0
        },
        "20033": {
            "year_quarter": 20033,
            "year": 2003,
            "quarter": 3,
            "eps": 0.23,
            "eps_growth_year": null,
            "eps_4q": 0.3,
            "eps_4q_growth_year": 276.15,
            "roe": 1.58,
            "roe_4q": 2.0900000000000003,
            "gross_profit": 132896,
            "gross_margin": 9.06,
            "gross_margin_4q_avg": 8.06,
            "net_income": 37686,
            "revenue": 1467303,
            "common_shares": 1653705,
            "book_valuer_per_share": 14.52,
            "book_valuer_per_share_4q_avg": 14.23,
            "equity": 2401387,
            "current_ratio": 274.1,
            "debt_ratio": 46.27,
            "inventory_turnover_ratio": 1.17,
            "account_receivable_turnover_ratio": null,
            "reinvestment_rate": -6.43,
            "research_to_sale_ratio": null,
            "price_fair": 32.2,
            "eps_avg_yearly": 0.92,
            "eps_latest_yearly": 0.92,
            "eps_growth_yearly": 84.21
        },
        "20034": {
            "year_quarter": 20034,
            "year": 2003,
            "quarter": 4,
            "eps": 0.06,
            "eps_growth_year": null,
            "eps_4q": 0.46,
            "eps_4q_growth_year": null,
            "roe": 0.39,
            "roe_4q": 3,
            "gross_profit": 172932,
            "gross_margin": 9.19,
            "gross_margin_4q_avg": 7.85,
            "net_income": 9322,
            "revenue": 1882496,
            "common_shares": 1653705,
            "book_valuer_per_share": 14.58,
            "book_valuer_per_share_4q_avg": 14.36,
            "equity": 2411892,
            "current_ratio": 265.59,
            "debt_ratio": 49.84,
            "inventory_turnover_ratio": 1.08,
            "account_receivable_turnover_ratio": null,
            "reinvestment_rate": -28.15,
            "research_to_sale_ratio": null,
            "price_fair": 1.74,
            "eps_avg_yearly": 0.58,
            "eps_latest_yearly": 0.24,
            "eps_growth_yearly": -105.72
        },
        "20041": {
            "year_quarter": 20041,
            "year": 2004,
            "quarter": 1,
            "eps": 0.05,
            "eps_growth_year": null,
            "eps_4q": 0.54,
            "eps_4q_growth_year": null,
            "roe": 0.33,
            "roe_4q": 3.62,
            "gross_profit": 110115,
            "gross_margin": 6.38,
            "gross_margin_4q_avg": 8.08,
            "net_income": 8037,
            "revenue": 1724607,
            "common_shares": 1653705,
            "book_valuer_per_share": 14.63,
            "book_valuer_per_share_4q_avg": 14.51,
            "equity": 2419928,
            "current_ratio": 228.34,
            "debt_ratio": 40.73,
            "inventory_turnover_ratio": 1.02,
            "account_receivable_turnover_ratio": null,
            "reinvestment_rate": -36.4,
            "research_to_sale_ratio": null,
            "price_fair": 1.36,
            "eps_avg_yearly": 0.45,
            "eps_latest_yearly": 0.2,
            "eps_growth_yearly": -92.7
        },
        "20042": {
            "year_quarter": 20042,
            "year": 2004,
            "quarter": 2,
            "eps": -0.25,
            "eps_growth_year": -231.58,
            "eps_4q": 0.08,
            "eps_4q_growth_year": null,
            "roe": -1.75,
            "roe_4q": 0.5500000000000003,
            "gross_profit": 72062,
            "gross_margin": 4.34,
            "gross_margin_4q_avg": 7.24,
            "net_income": -41935,
            "revenue": 1660334,
            "common_shares": 1653705,
            "book_valuer_per_share": 14.37,
            "book_valuer_per_share_4q_avg": 14.53,
            "equity": 2376404,
            "current_ratio": 226.25,
            "debt_ratio": 45.24,
            "inventory_turnover_ratio": 1.09,
            "account_receivable_turnover_ratio": null,
            "reinvestment_rate": -69.78,
            "research_to_sale_ratio": null,
            "price_fair": 1.36,
            "eps_avg_yearly": 0.45,
            "eps_latest_yearly": 0.2,
            "eps_growth_yearly": -92.7
        },
        "20043": {
            "year_quarter": 20043,
            "year": 2004,
            "quarter": 3,
            "eps": 0.02,
            "eps_growth_year": -91.3,
            "eps_4q": -0.11,
            "eps_4q_growth_year": -135.94,
            "roe": 0.16,
            "roe_4q": -0.87,
            "gross_profit": 53668,
            "gross_margin": 3.61,
            "gross_margin_4q_avg": 5.88,
            "net_income": 3809,
            "revenue": 1487347,
            "common_shares": 1653705,
            "book_valuer_per_share": 14.4,
            "book_valuer_per_share_4q_avg": 14.5,
            "equity": 2380590,
            "current_ratio": 266.16,
            "debt_ratio": 49.07,
            "inventory_turnover_ratio": 0.93,
            "account_receivable_turnover_ratio": null,
            "reinvestment_rate": -113.76,
            "research_to_sale_ratio": null,
            "price_fair": 1.36,
            "eps_avg_yearly": 0.45,
            "eps_latest_yearly": 0.2,
            "eps_growth_yearly": -92.7
        },
        "20044": {
            "year_quarter": 20044,
            "year": 2004,
            "quarter": 4,
            "eps": -1.98,
            "eps_growth_year": -3400,
            "eps_4q": -2.16,
            "eps_4q_growth_year": -570.6,
            "roe": -14.85,
            "roe_4q": -16.11,
            "gross_profit": 55254,
            "gross_margin": 3.7,
            "gross_margin_4q_avg": 4.51,
            "net_income": -327937,
            "revenue": 1493349,
            "common_shares": 1653705,
            "book_valuer_per_share": 12.32,
            "book_valuer_per_share_4q_avg": 13.93,
            "equity": 2037151,
            "current_ratio": 137.54,
            "debt_ratio": 44.98,
            "inventory_turnover_ratio": 1.5,
            "account_receivable_turnover_ratio": null,
            "reinvestment_rate": null,
            "research_to_sale_ratio": null,
            "price_fair": 1.36,
            "eps_avg_yearly": 0.45,
            "eps_latest_yearly": 0.2,
            "eps_growth_yearly": -92.7
        },
        "20051": {
            "year_quarter": 20051,
            "year": 2005,
            "quarter": 1,
            "eps": -0.27,
            "eps_growth_year": -640,
            "eps_4q": -2.52,
            "eps_4q_growth_year": -571.08,
            "roe": -2.18,
            "roe_4q": -18.62,
            "gross_profit": 20674,
            "gross_margin": 5.08,
            "gross_margin_4q_avg": 4.18,
            "net_income": -43904,
            "revenue": 407287,
            "common_shares": 1653705,
            "book_valuer_per_share": 12.05,
            "book_valuer_per_share_4q_avg": 13.29,
            "equity": 1993308,
            "current_ratio": 128.37,
            "debt_ratio": 36.78,
            "inventory_turnover_ratio": 1.18,
            "account_receivable_turnover_ratio": null,
            "reinvestment_rate": null,
            "research_to_sale_ratio": null,
            "price_fair": 1.36,
            "eps_avg_yearly": 0.45,
            "eps_latest_yearly": 0.2,
            "eps_growth_yearly": -92.7
        },
        "20052": {
            "year_quarter": 20052,
            "year": 2005,
            "quarter": 2,
            "eps": 0.03,
            "eps_growth_year": null,
            "eps_4q": -2.02,
            "eps_4q_growth_year": -2647.47,
            "roe": 0.27,
            "roe_4q": -16.599999999999998,
            "gross_profit": 42105,
            "gross_margin": 23,
            "gross_margin_4q_avg": 8.85,
            "net_income": 5387,
            "revenue": 183100,
            "common_shares": 1653705,
            "book_valuer_per_share": 12.09,
            "book_valuer_per_share_4q_avg": 12.72,
            "equity": 1999128,
            "current_ratio": 139.81,
            "debt_ratio": 32.75,
            "inventory_turnover_ratio": 0.61,
            "account_receivable_turnover_ratio": null,
            "reinvestment_rate": null,
            "research_to_sale_ratio": null,
            "price_fair": 1.36,
            "eps_avg_yearly": 0.45,
            "eps_latest_yearly": 0.2,
            "eps_growth_yearly": -92.7
        },
        "20053": {
            "year_quarter": 20053,
            "year": 2005,
            "quarter": 3,
            "eps": -0.1,
            "eps_growth_year": -600,
            "eps_4q": -2.31,
            "eps_4q_growth_year": null,
            "roe": -0.8,
            "roe_4q": -17.56,
            "gross_profit": 16745,
            "gross_margin": 7.53,
            "gross_margin_4q_avg": 9.83,
            "net_income": -15862,
            "revenue": 222452,
            "common_shares": 1653705,
            "book_valuer_per_share": 12.03,
            "book_valuer_per_share_4q_avg": 12.12,
            "equity": 1990127,
            "current_ratio": 146.91,
            "debt_ratio": 28.75,
            "inventory_turnover_ratio": 1.26,
            "account_receivable_turnover_ratio": null,
            "reinvestment_rate": null,
            "research_to_sale_ratio": null,
            "price_fair": 1.36,
            "eps_avg_yearly": 0.45,
            "eps_latest_yearly": 0.2,
            "eps_growth_yearly": -92.7
        },
        "20054": {
            "year_quarter": 20054,
            "year": 2005,
            "quarter": 4,
            "eps": -1.5,
            "eps_growth_year": null,
            "eps_4q": -1.83,
            "eps_4q_growth_year": null,
            "roe": -13.29,
            "roe_4q": -16,
            "gross_profit": 15059,
            "gross_margin": 13.97,
            "gross_margin_4q_avg": 12.4,
            "net_income": -248057,
            "revenue": 107822,
            "common_shares": 1653705,
            "book_valuer_per_share": 10.54,
            "book_valuer_per_share_4q_avg": 11.68,
            "equity": 1742783,
            "current_ratio": 151.47,
            "debt_ratio": 36.91,
            "inventory_turnover_ratio": 0.41,
            "account_receivable_turnover_ratio": null,
            "reinvestment_rate": null,
            "research_to_sale_ratio": null,
            "price_fair": 1.36,
            "eps_avg_yearly": 0.45,
            "eps_latest_yearly": 0.2,
            "eps_growth_yearly": -92.7
        },
        "20061": {
            "year_quarter": 20061,
            "year": 2006,
            "quarter": 1,
            "eps": -0.26,
            "eps_growth_year": null,
            "eps_4q": -1.83,
            "eps_4q_growth_year": null,
            "roe": -2.49,
            "roe_4q": -16.31,
            "gross_profit": 23297,
            "gross_margin": 17.07,
            "gross_margin_4q_avg": 15.39,
            "net_income": -42896,
            "revenue": 136480,
            "common_shares": 1653705,
            "book_valuer_per_share": 10.27,
            "book_valuer_per_share_4q_avg": 11.23,
            "equity": 1697531,
            "current_ratio": 55.47,
            "debt_ratio": 32.72,
            "inventory_turnover_ratio": 0.5,
            "account_receivable_turnover_ratio": null,
            "reinvestment_rate": null,
            "research_to_sale_ratio": null,
            "price_fair": 1.36,
            "eps_avg_yearly": 0.45,
            "eps_latest_yearly": 0.2,
            "eps_growth_yearly": -92.7
        },
        "20062": {
            "year_quarter": 20062,
            "year": 2006,
            "quarter": 2,
            "eps": -0.27,
            "eps_growth_year": -1000,
            "eps_4q": -2.12,
            "eps_4q_growth_year": null,
            "roe": -2.66,
            "roe_4q": -19.24,
            "gross_profit": 72359,
            "gross_margin": 42.28,
            "gross_margin_4q_avg": 20.21,
            "net_income": -44554,
            "revenue": 171159,
            "common_shares": 1653705,
            "book_valuer_per_share": 9.99,
            "book_valuer_per_share_4q_avg": 10.71,
            "equity": 1652664,
            "current_ratio": 59.41,
            "debt_ratio": 32.48,
            "inventory_turnover_ratio": 0.77,
            "account_receivable_turnover_ratio": null,
            "reinvestment_rate": null,
            "research_to_sale_ratio": null,
            "price_fair": 1.36,
            "eps_avg_yearly": 0.45,
            "eps_latest_yearly": 0.2,
            "eps_growth_yearly": -92.7
        },
        "20063": {
            "year_quarter": 20063,
            "year": 2006,
            "quarter": 3,
            "eps": -0.24,
            "eps_growth_year": null,
            "eps_4q": -2.27,
            "eps_4q_growth_year": null,
            "roe": -2.4,
            "roe_4q": -20.84,
            "gross_profit": 38730,
            "gross_margin": 23.64,
            "gross_margin_4q_avg": 24.24,
            "net_income": -39286,
            "revenue": 163829,
            "common_shares": 1653705,
            "book_valuer_per_share": 9.78,
            "book_valuer_per_share_4q_avg": 10.15,
            "equity": 1617649,
            "current_ratio": 55.91,
            "debt_ratio": 33.04,
            "inventory_turnover_ratio": 1.04,
            "account_receivable_turnover_ratio": null,
            "reinvestment_rate": null,
            "research_to_sale_ratio": null,
            "price_fair": 1.36,
            "eps_avg_yearly": 0.45,
            "eps_latest_yearly": 0.2,
            "eps_growth_yearly": -92.7
        },
        "20064": {
            "year_quarter": 20064,
            "year": 2006,
            "quarter": 4,
            "eps": -0.12,
            "eps_growth_year": null,
            "eps_4q": -0.88,
            "eps_4q_growth_year": null,
            "roe": -1.2,
            "roe_4q": -8.75,
            "gross_profit": 17636,
            "gross_margin": 13.06,
            "gross_margin_4q_avg": 24.01,
            "net_income": -19304,
            "revenue": 135032,
            "common_shares": 1653705,
            "book_valuer_per_share": 9.64,
            "book_valuer_per_share_4q_avg": 9.92,
            "equity": 1593753,
            "current_ratio": 129.09,
            "debt_ratio": 36.98,
            "inventory_turnover_ratio": 0.64,
            "account_receivable_turnover_ratio": null,
            "reinvestment_rate": null,
            "research_to_sale_ratio": null,
            "price_fair": 1.36,
            "eps_avg_yearly": 0.45,
            "eps_latest_yearly": 0.2,
            "eps_growth_yearly": -92.7
        },
        "20071": {
            "year_quarter": 20071,
            "year": 2007,
            "quarter": 1,
            "eps": -0.3,
            "eps_growth_year": null,
            "eps_4q": -0.93,
            "eps_4q_growth_year": null,
            "roe": -3.13,
            "roe_4q": -9.39,
            "gross_profit": 29473,
            "gross_margin": 26.37,
            "gross_margin_4q_avg": 26.34,
            "net_income": -49118,
            "revenue": 111759,
            "common_shares": 1653705,
            "book_valuer_per_share": 9.34,
            "book_valuer_per_share_4q_avg": 9.69,
            "equity": 1544570,
            "current_ratio": 44.59,
            "debt_ratio": 35.24,
            "inventory_turnover_ratio": 0.48,
            "account_receivable_turnover_ratio": null,
            "reinvestment_rate": null,
            "research_to_sale_ratio": null,
            "price_fair": 1.36,
            "eps_avg_yearly": 0.45,
            "eps_latest_yearly": 0.2,
            "eps_growth_yearly": -92.7
        },
        "20072": {
            "year_quarter": 20072,
            "year": 2007,
            "quarter": 2,
            "eps": -0.24,
            "eps_growth_year": null,
            "eps_4q": -0.89,
            "eps_4q_growth_year": null,
            "roe": -2.62,
            "roe_4q": -9.35,
            "gross_profit": 34271,
            "gross_margin": 23.8,
            "gross_margin_4q_avg": 21.72,
            "net_income": -39904,
            "revenue": 143987,
            "common_shares": 1653705,
            "book_valuer_per_share": 9.1,
            "book_valuer_per_share_4q_avg": 9.47,
            "equity": 1504577,
            "current_ratio": 51.45,
            "debt_ratio": 35.63,
            "inventory_turnover_ratio": 1.4,
            "account_receivable_turnover_ratio": null,
            "reinvestment_rate": null,
            "research_to_sale_ratio": null,
            "price_fair": 1.36,
            "eps_avg_yearly": 0.45,
            "eps_latest_yearly": 0.2,
            "eps_growth_yearly": -92.7
        },
        "20073": {
            "year_quarter": 20073,
            "year": 2007,
            "quarter": 3,
            "eps": -0.24,
            "eps_growth_year": null,
            "eps_4q": -0.9,
            "eps_4q_growth_year": null,
            "roe": -2.72,
            "roe_4q": -9.669999999999998,
            "gross_profit": 35938,
            "gross_margin": 26.41,
            "gross_margin_4q_avg": 22.41,
            "net_income": -40368,
            "revenue": 136066,
            "common_shares": 1653705,
            "book_valuer_per_share": 8.86,
            "book_valuer_per_share_4q_avg": 9.24,
            "equity": 1464824,
            "current_ratio": 43.25,
            "debt_ratio": 36.13,
            "inventory_turnover_ratio": 1.2,
            "account_receivable_turnover_ratio": null,
            "reinvestment_rate": null,
            "research_to_sale_ratio": null,
            "price_fair": 0.66,
            "eps_avg_yearly": 0.22,
            "eps_latest_yearly": 0.2,
            "eps_growth_yearly": -181.16
        },
        "20074": {
            "year_quarter": 20074,
            "year": 2007,
            "quarter": 4,
            "eps": -0.23,
            "eps_growth_year": null,
            "eps_4q": -1.01,
            "eps_4q_growth_year": null,
            "roe": -2.62,
            "roe_4q": -11.09,
            "gross_profit": -1400,
            "gross_margin": -1.26,
            "gross_margin_4q_avg": 18.83,
            "net_income": -37833,
            "revenue": 111284,
            "common_shares": 1653705,
            "book_valuer_per_share": 8.6,
            "book_valuer_per_share_4q_avg": 8.98,
            "equity": 1422380,
            "current_ratio": 105.1,
            "debt_ratio": 38.4,
            "inventory_turnover_ratio": 0.74,
            "account_receivable_turnover_ratio": null,
            "reinvestment_rate": null,
            "research_to_sale_ratio": null,
            "price_fair": 0.6,
            "eps_avg_yearly": 0.2,
            "eps_latest_yearly": 0.2,
            "eps_growth_yearly": -66.67
        },
        "20081": {
            "year_quarter": 20081,
            "year": 2008,
            "quarter": 1,
            "eps": -0.19,
            "eps_growth_year": null,
            "eps_4q": -0.89,
            "eps_4q_growth_year": null,
            "roe": -2.28,
            "roe_4q": -10.240000000000002,
            "gross_profit": 35053,
            "gross_margin": 33.3,
            "gross_margin_4q_avg": 20.56,
            "net_income": -31970,
            "revenue": 105252,
            "common_shares": 1653705,
            "book_valuer_per_share": 8.35,
            "book_valuer_per_share_4q_avg": 8.73,
            "equity": 1380828,
            "current_ratio": 98.74,
            "debt_ratio": 39,
            "inventory_turnover_ratio": 0.34,
            "account_receivable_turnover_ratio": null,
            "reinvestment_rate": null,
            "research_to_sale_ratio": null,
            "price_fair": 0,
            "eps_avg_yearly": 0,
            "eps_latest_yearly": 0,
            "eps_growth_yearly": 0
        },
        "20082": {
            "year_quarter": 20082,
            "year": 2008,
            "quarter": 2,
            "eps": -0.17,
            "eps_growth_year": null,
            "eps_4q": -0.84,
            "eps_4q_growth_year": null,
            "roe": -2.06,
            "roe_4q": -9.68,
            "gross_profit": 43064,
            "gross_margin": 32.57,
            "gross_margin_4q_avg": 22.76,
            "net_income": -28158,
            "revenue": 132216,
            "common_shares": 1653705,
            "book_valuer_per_share": 8.17,
            "book_valuer_per_share_4q_avg": 8.5,
            "equity": 1351340,
            "current_ratio": 94.75,
            "debt_ratio": 40.68,
            "inventory_turnover_ratio": 0.43,
            "account_receivable_turnover_ratio": null,
            "reinvestment_rate": null,
            "research_to_sale_ratio": null,
            "price_fair": 0,
            "eps_avg_yearly": 0,
            "eps_latest_yearly": 0,
            "eps_growth_yearly": 0
        },
        "20083": {
            "year_quarter": 20083,
            "year": 2008,
            "quarter": 3,
            "eps": -0.89,
            "eps_growth_year": null,
            "eps_4q": -1.48,
            "eps_4q_growth_year": null,
            "roe": -11.46,
            "roe_4q": -18.42,
            "gross_profit": -48150,
            "gross_margin": -41.42,
            "gross_margin_4q_avg": 5.8,
            "net_income": -146559,
            "revenue": 116256,
            "common_shares": 1653705,
            "book_valuer_per_share": 7.29,
            "book_valuer_per_share_4q_avg": 8.1,
            "equity": 1206265,
            "current_ratio": 71.25,
            "debt_ratio": 44.36,
            "inventory_turnover_ratio": 0.94,
            "account_receivable_turnover_ratio": null,
            "reinvestment_rate": null,
            "research_to_sale_ratio": null,
            "price_fair": 0,
            "eps_avg_yearly": 0,
            "eps_latest_yearly": 0,
            "eps_growth_yearly": 0
        },
        "20084": {
            "year_quarter": 20084,
            "year": 2008,
            "quarter": 4,
            "eps": -4.38,
            "eps_growth_year": null,
            "eps_4q": -5.61,
            "eps_4q_growth_year": null,
            "roe": -82.55,
            "roe_4q": -98.35,
            "gross_profit": 3678,
            "gross_margin": 3.98,
            "gross_margin_4q_avg": 7.11,
            "net_income": -731926,
            "revenue": 92509,
            "common_shares": 2300000,
            "book_valuer_per_share": 2.47,
            "book_valuer_per_share_4q_avg": 6.57,
            "equity": 566980,
            "current_ratio": 117.17,
            "debt_ratio": 63.19,
            "inventory_turnover_ratio": 0.65,
            "account_receivable_turnover_ratio": 2.51,
            "reinvestment_rate": null,
            "research_to_sale_ratio": null,
            "price_fair": 0,
            "eps_avg_yearly": 0,
            "eps_latest_yearly": 0,
            "eps_growth_yearly": 0
        },
        "20091": {
            "year_quarter": 20091,
            "year": 2009,
            "quarter": 1,
            "eps": -0.12,
            "eps_growth_year": null,
            "eps_4q": -4.06,
            "eps_4q_growth_year": null,
            "roe": -4.87,
            "roe_4q": -100.94,
            "gross_profit": 28661,
            "gross_margin": 20.63,
            "gross_margin_4q_avg": 3.94,
            "net_income": -26900,
            "revenue": 138928,
            "common_shares": 2300000,
            "book_valuer_per_share": 2.33,
            "book_valuer_per_share_4q_avg": 5.07,
            "equity": 536763,
            "current_ratio": 79.57,
            "debt_ratio": 63.65,
            "inventory_turnover_ratio": 0.93,
            "account_receivable_turnover_ratio": 3.77,
            "reinvestment_rate": null,
            "research_to_sale_ratio": null,
            "price_fair": 0,
            "eps_avg_yearly": 0,
            "eps_latest_yearly": 0,
            "eps_growth_yearly": 0
        },
        "20092": {
            "year_quarter": 20092,
            "year": 2009,
            "quarter": 2,
            "eps": -0.16,
            "eps_growth_year": null,
            "eps_4q": -4.09,
            "eps_4q_growth_year": null,
            "roe": -6.92,
            "roe_4q": -105.80000000000001,
            "gross_profit": 31272,
            "gross_margin": 24.84,
            "gross_margin_4q_avg": 2.01,
            "net_income": -36046,
            "revenue": 125908,
            "common_shares": 2300000,
            "book_valuer_per_share": 2.2,
            "book_valuer_per_share_4q_avg": 3.57,
            "equity": 505160,
            "current_ratio": 89.38,
            "debt_ratio": 65.8,
            "inventory_turnover_ratio": 0.85,
            "account_receivable_turnover_ratio": 3.61,
            "reinvestment_rate": null,
            "research_to_sale_ratio": null,
            "price_fair": 0,
            "eps_avg_yearly": 0,
            "eps_latest_yearly": 0,
            "eps_growth_yearly": 0
        },
        "20093": {
            "year_quarter": 20093,
            "year": 2009,
            "quarter": 3,
            "eps": -0.39,
            "eps_growth_year": null,
            "eps_4q": -8.69,
            "eps_4q_growth_year": null,
            "roe": -4.11,
            "roe_4q": -98.45,
            "gross_profit": 29250,
            "gross_margin": 22.21,
            "gross_margin_4q_avg": 17.92,
            "net_income": -26398,
            "revenue": 131721,
            "common_shares": 945000,
            "book_valuer_per_share": 8.24,
            "book_valuer_per_share_4q_avg": 3.81,
            "equity": 778791,
            "current_ratio": 125.88,
            "debt_ratio": 40.79,
            "inventory_turnover_ratio": 0.89,
            "account_receivable_turnover_ratio": 1.75,
            "reinvestment_rate": null,
            "research_to_sale_ratio": null,
            "price_fair": 0,
            "eps_avg_yearly": 0,
            "eps_latest_yearly": 0,
            "eps_growth_yearly": 0
        },
        "20094": {
            "year_quarter": 20094,
            "year": 2009,
            "quarter": 4,
            "eps": -0.21,
            "eps_growth_year": null,
            "eps_4q": -1.1,
            "eps_4q_growth_year": null,
            "roe": -1.83,
            "roe_4q": -17.73,
            "gross_profit": 51558,
            "gross_margin": 48.06,
            "gross_margin_4q_avg": 28.94,
            "net_income": -14228,
            "revenue": 107279,
            "common_shares": 945000,
            "book_valuer_per_share": 8.2,
            "book_valuer_per_share_4q_avg": 5.24,
            "equity": 774557,
            "current_ratio": 137.73,
            "debt_ratio": 32.84,
            "inventory_turnover_ratio": 0.48,
            "account_receivable_turnover_ratio": 3.11,
            "reinvestment_rate": null,
            "research_to_sale_ratio": null,
            "price_fair": 0,
            "eps_avg_yearly": 0,
            "eps_latest_yearly": 0,
            "eps_growth_yearly": 0
        },
        "20101": {
            "year_quarter": 20101,
            "year": 2010,
            "quarter": 1,
            "eps": -0.09,
            "eps_growth_year": null,
            "eps_4q": -0.9,
            "eps_4q_growth_year": null,
            "roe": -1.1,
            "roe_4q": -13.96,
            "gross_profit": 36834,
            "gross_margin": 27.46,
            "gross_margin_4q_avg": 30.64,
            "net_income": -8443,
            "revenue": 134161,
            "common_shares": 945000,
            "book_valuer_per_share": 8,
            "book_valuer_per_share_4q_avg": 6.66,
            "equity": 756420,
            "current_ratio": 126.16,
            "debt_ratio": 32.23,
            "inventory_turnover_ratio": 0.84,
            "account_receivable_turnover_ratio": 1.69,
            "reinvestment_rate": null,
            "research_to_sale_ratio": null,
            "price_fair": 0,
            "eps_avg_yearly": 0,
            "eps_latest_yearly": 0,
            "eps_growth_yearly": 0
        },
        "20102": {
            "year_quarter": 20102,
            "year": 2010,
            "quarter": 2,
            "eps": -0.26,
            "eps_growth_year": null,
            "eps_4q": -0.78,
            "eps_4q_growth_year": null,
            "roe": -3.35,
            "roe_4q": -10.39,
            "gross_profit": -66907,
            "gross_margin": -32.79,
            "gross_margin_4q_avg": 16.24,
            "net_income": -24890,
            "revenue": 204059,
            "common_shares": 945000,
            "book_valuer_per_share": 7.7,
            "book_valuer_per_share_4q_avg": 8.04,
            "equity": 728112,
            "current_ratio": 141.69,
            "debt_ratio": 36.28,
            "inventory_turnover_ratio": 1.78,
            "account_receivable_turnover_ratio": 2,
            "reinvestment_rate": null,
            "research_to_sale_ratio": null,
            "price_fair": 0,
            "eps_avg_yearly": 0,
            "eps_latest_yearly": 0,
            "eps_growth_yearly": 0
        },
        "20103": {
            "year_quarter": 20103,
            "year": 2010,
            "quarter": 3,
            "eps": -0.35,
            "eps_growth_year": null,
            "eps_4q": -0.85,
            "eps_4q_growth_year": null,
            "roe": -4.65,
            "roe_4q": -10.93,
            "gross_profit": 11571,
            "gross_margin": 4.08,
            "gross_margin_4q_avg": 11.7,
            "net_income": -33005,
            "revenue": 283804,
            "common_shares": 945000,
            "book_valuer_per_share": 7.31,
            "book_valuer_per_share_4q_avg": 7.8,
            "equity": 690788,
            "current_ratio": 122.43,
            "debt_ratio": 39.83,
            "inventory_turnover_ratio": 1.92,
            "account_receivable_turnover_ratio": 2.08,
            "reinvestment_rate": null,
            "research_to_sale_ratio": 0.01,
            "price_fair": 0,
            "eps_avg_yearly": 0,
            "eps_latest_yearly": 0,
            "eps_growth_yearly": 0
        },
        "20104": {
            "year_quarter": 20104,
            "year": 2010,
            "quarter": 4,
            "eps": -0.53,
            "eps_growth_year": null,
            "eps_4q": -1.24,
            "eps_4q_growth_year": null,
            "roe": -7.6,
            "roe_4q": -16.7,
            "gross_profit": 20158,
            "gross_margin": 12.9,
            "gross_margin_4q_avg": 2.91,
            "net_income": -50534,
            "revenue": 156262,
            "common_shares": 945000,
            "book_valuer_per_share": 6.76,
            "book_valuer_per_share_4q_avg": 7.44,
            "equity": 638770,
            "current_ratio": 106.1,
            "debt_ratio": 44.53,
            "inventory_turnover_ratio": 1.38,
            "account_receivable_turnover_ratio": 1.2,
            "reinvestment_rate": null,
            "research_to_sale_ratio": 0.02,
            "price_fair": 0,
            "eps_avg_yearly": 0,
            "eps_latest_yearly": 0,
            "eps_growth_yearly": 0
        },
        "20111": {
            "year_quarter": 20111,
            "year": 2011,
            "quarter": 1,
            "eps": -0.29,
            "eps_growth_year": null,
            "eps_4q": -1.44,
            "eps_4q_growth_year": null,
            "roe": -4.4,
            "roe_4q": -20,
            "gross_profit": 32392,
            "gross_margin": 21.32,
            "gross_margin_4q_avg": 1.38,
            "net_income": -27534,
            "revenue": 151942,
            "common_shares": 945000,
            "book_valuer_per_share": 6.48,
            "book_valuer_per_share_4q_avg": 7.06,
            "equity": 612732,
            "current_ratio": 103.04,
            "debt_ratio": 47.38,
            "inventory_turnover_ratio": 1.14,
            "account_receivable_turnover_ratio": 1.46,
            "reinvestment_rate": null,
            "research_to_sale_ratio": 0.03,
            "price_fair": 0,
            "eps_avg_yearly": 0,
            "eps_latest_yearly": 0,
            "eps_growth_yearly": 0
        },
        "20112": {
            "year_quarter": 20112,
            "year": 2011,
            "quarter": 2,
            "eps": -0.35,
            "eps_growth_year": null,
            "eps_4q": -1.52,
            "eps_4q_growth_year": null,
            "roe": -5.54,
            "roe_4q": -22.189999999999998,
            "gross_profit": 38956,
            "gross_margin": 16.44,
            "gross_margin_4q_avg": 13.69,
            "net_income": -33000,
            "revenue": 236954,
            "common_shares": 945000,
            "book_valuer_per_share": 6.13,
            "book_valuer_per_share_4q_avg": 6.67,
            "equity": 578988,
            "current_ratio": 92.35,
            "debt_ratio": 51.36,
            "inventory_turnover_ratio": 1.72,
            "account_receivable_turnover_ratio": 1.92,
            "reinvestment_rate": null,
            "research_to_sale_ratio": 0.01,
            "price_fair": 0,
            "eps_avg_yearly": 0,
            "eps_latest_yearly": 0,
            "eps_growth_yearly": 0
        },
        "20113": {
            "year_quarter": 20113,
            "year": 2011,
            "quarter": 3,
            "eps": -0,
            "eps_growth_year": null,
            "eps_4q": -1.18,
            "eps_4q_growth_year": null,
            "roe": -0.06,
            "roe_4q": -17.6,
            "gross_profit": 62793,
            "gross_margin": 23.52,
            "gross_margin_4q_avg": 18.55,
            "net_income": -327,
            "revenue": 266983,
            "common_shares": 945000,
            "book_valuer_per_share": 6.2,
            "book_valuer_per_share_4q_avg": 6.39,
            "equity": 585752,
            "current_ratio": 88.56,
            "debt_ratio": 51.76,
            "inventory_turnover_ratio": 1.77,
            "account_receivable_turnover_ratio": 1.74,
            "reinvestment_rate": null,
            "research_to_sale_ratio": 0.01,
            "price_fair": 0,
            "eps_avg_yearly": 0,
            "eps_latest_yearly": 0,
            "eps_growth_yearly": 0
        },
        "20114": {
            "year_quarter": 20114,
            "year": 2011,
            "quarter": 4,
            "eps": -0.07,
            "eps_growth_year": null,
            "eps_4q": -0.72,
            "eps_4q_growth_year": null,
            "roe": -1.21,
            "roe_4q": -11.21,
            "gross_profit": 51411,
            "gross_margin": 21.71,
            "gross_margin_4q_avg": 20.75,
            "net_income": -7035,
            "revenue": 236857,
            "common_shares": 945000,
            "book_valuer_per_share": 6.13,
            "book_valuer_per_share_4q_avg": 6.24,
            "equity": 579188,
            "current_ratio": 85.49,
            "debt_ratio": 52.54,
            "inventory_turnover_ratio": 1.69,
            "account_receivable_turnover_ratio": 1.64,
            "reinvestment_rate": null,
            "research_to_sale_ratio": 0.01,
            "price_fair": 0,
            "eps_avg_yearly": 0,
            "eps_latest_yearly": 0,
            "eps_growth_yearly": 0
        },
        "20121": {
            "year_quarter": 20121,
            "year": 2012,
            "quarter": 1,
            "eps": -0.05,
            "eps_growth_year": null,
            "eps_4q": -0.47,
            "eps_4q_growth_year": null,
            "roe": -0.76,
            "roe_4q": -7.57,
            "gross_profit": 52886,
            "gross_margin": 23.23,
            "gross_margin_4q_avg": 21.23,
            "net_income": -4381,
            "revenue": 227695,
            "common_shares": 945000,
            "book_valuer_per_share": 6.06,
            "book_valuer_per_share_4q_avg": 6.13,
            "equity": 572262,
            "current_ratio": 77.6,
            "debt_ratio": 49.61,
            "inventory_turnover_ratio": 2.07,
            "account_receivable_turnover_ratio": 1.88,
            "reinvestment_rate": null,
            "research_to_sale_ratio": 0.01,
            "price_fair": 0,
            "eps_avg_yearly": 0,
            "eps_latest_yearly": 0,
            "eps_growth_yearly": 0
        },
        "20122": {
            "year_quarter": 20122,
            "year": 2012,
            "quarter": 2,
            "eps": -0.01,
            "eps_growth_year": null,
            "eps_4q": -0.14,
            "eps_4q_growth_year": null,
            "roe": -0.23,
            "roe_4q": -2.2600000000000002,
            "gross_profit": 57313,
            "gross_margin": 18.48,
            "gross_margin_4q_avg": 21.74,
            "net_income": -1332,
            "revenue": 310125,
            "common_shares": 945000,
            "book_valuer_per_share": 6.05,
            "book_valuer_per_share_4q_avg": 6.11,
            "equity": 571692,
            "current_ratio": 78.51,
            "debt_ratio": 51.48,
            "inventory_turnover_ratio": 4.44,
            "account_receivable_turnover_ratio": 2.12,
            "reinvestment_rate": null,
            "research_to_sale_ratio": 0.01,
            "price_fair": 0,
            "eps_avg_yearly": 0,
            "eps_latest_yearly": 0,
            "eps_growth_yearly": 0
        },
        "20123": {
            "year_quarter": 20123,
            "year": 2012,
            "quarter": 3,
            "eps": 0.04,
            "eps_growth_year": null,
            "eps_4q": -0.1,
            "eps_4q_growth_year": null,
            "roe": 0.62,
            "roe_4q": -1.58,
            "gross_profit": 80764,
            "gross_margin": 17,
            "gross_margin_4q_avg": 20.11,
            "net_income": 3564,
            "revenue": 474999,
            "common_shares": 945000,
            "book_valuer_per_share": 6.08,
            "book_valuer_per_share_4q_avg": 6.08,
            "equity": 574700,
            "current_ratio": 79.11,
            "debt_ratio": 53.2,
            "inventory_turnover_ratio": 4.24,
            "account_receivable_turnover_ratio": 2.35,
            "reinvestment_rate": null,
            "research_to_sale_ratio": 0.01,
            "price_fair": 0,
            "eps_avg_yearly": 0,
            "eps_latest_yearly": 0,
            "eps_growth_yearly": 0
        },
        "20124": {
            "year_quarter": 20124,
            "year": 2012,
            "quarter": 4,
            "eps": 0.03,
            "eps_growth_year": null,
            "eps_4q": 0.01,
            "eps_4q_growth_year": null,
            "roe": 0.55,
            "roe_4q": 0.17999999999999994,
            "gross_profit": 77144,
            "gross_margin": 18.5,
            "gross_margin_4q_avg": 19.3,
            "net_income": 3171,
            "revenue": 416933,
            "common_shares": 945000,
            "book_valuer_per_share": 6.1,
            "book_valuer_per_share_4q_avg": 6.07,
            "equity": 576093,
            "current_ratio": 77.85,
            "debt_ratio": 52.81,
            "inventory_turnover_ratio": 2.01,
            "account_receivable_turnover_ratio": 2.02,
            "reinvestment_rate": null,
            "research_to_sale_ratio": 0.01,
            "price_fair": 0.36,
            "eps_avg_yearly": 0.12,
            "eps_latest_yearly": 0.12,
            "eps_growth_yearly": -100
        },
        "20131": {
            "year_quarter": 20131,
            "year": 2013,
            "quarter": 1,
            "eps": 0.01,
            "eps_growth_year": null,
            "eps_4q": 0.07,
            "eps_4q_growth_year": null,
            "roe": 0.2,
            "roe_4q": 1.1400000000000001,
            "gross_profit": 42173,
            "gross_margin": 9.69,
            "gross_margin_4q_avg": 15.92,
            "net_income": 1183,
            "revenue": 435287,
            "common_shares": 945000,
            "book_valuer_per_share": 6.25,
            "book_valuer_per_share_4q_avg": 6.12,
            "equity": 590155,
            "current_ratio": 73.66,
            "debt_ratio": 49.02,
            "inventory_turnover_ratio": 2.27,
            "account_receivable_turnover_ratio": 2.33,
            "reinvestment_rate": null,
            "research_to_sale_ratio": 0,
            "price_fair": 0.24,
            "eps_avg_yearly": 0.08,
            "eps_latest_yearly": 0.04,
            "eps_growth_yearly": -183.33
        },
        "20132": {
            "year_quarter": 20132,
            "year": 2013,
            "quarter": 2,
            "eps": 0.07,
            "eps_growth_year": null,
            "eps_4q": 0.16,
            "eps_4q_growth_year": null,
            "roe": 1.15,
            "roe_4q": 2.52,
            "gross_profit": 54059,
            "gross_margin": 10.94,
            "gross_margin_4q_avg": 14.03,
            "net_income": 6848,
            "revenue": 494066,
            "common_shares": 945000,
            "book_valuer_per_share": 6.36,
            "book_valuer_per_share_4q_avg": 6.2,
            "equity": 600717,
            "current_ratio": 76.61,
            "debt_ratio": 51.82,
            "inventory_turnover_ratio": 2.88,
            "account_receivable_turnover_ratio": 2.16,
            "reinvestment_rate": null,
            "research_to_sale_ratio": -0,
            "price_fair": 5.13,
            "eps_avg_yearly": 0.15,
            "eps_latest_yearly": 0.28,
            "eps_growth_yearly": 677.78
        },
        "20133": {
            "year_quarter": 20133,
            "year": 2013,
            "quarter": 3,
            "eps": 0.11,
            "eps_growth_year": 191.67,
            "eps_4q": 0.22,
            "eps_4q_growth_year": null,
            "roe": 1.66,
            "roe_4q": 3.5599999999999996,
            "gross_profit": 58287,
            "gross_margin": 11.66,
            "gross_margin_4q_avg": 12.7,
            "net_income": 10050,
            "revenue": 500059,
            "common_shares": 945000,
            "book_valuer_per_share": 6.46,
            "book_valuer_per_share_4q_avg": 6.29,
            "equity": 610820,
            "current_ratio": 74.13,
            "debt_ratio": 48.34,
            "inventory_turnover_ratio": 2.75,
            "account_receivable_turnover_ratio": 2.23,
            "reinvestment_rate": null,
            "research_to_sale_ratio": 0,
            "price_fair": 7.7,
            "eps_avg_yearly": 0.22,
            "eps_latest_yearly": 0.44,
            "eps_growth_yearly": 565.48
        },
        "20134": {
            "year_quarter": 20134,
            "year": 2013,
            "quarter": 4,
            "eps": 0.02,
            "eps_growth_year": -33.84,
            "eps_4q": 0.21,
            "eps_4q_growth_year": 1874.42,
            "roe": 0.34,
            "roe_4q": 3.35,
            "gross_profit": 46393,
            "gross_margin": 10.03,
            "gross_margin_4q_avg": 10.58,
            "net_income": 2098,
            "revenue": 462410,
            "common_shares": 945000,
            "book_valuer_per_share": 6.49,
            "book_valuer_per_share_4q_avg": 6.39,
            "equity": 612885,
            "current_ratio": 71.56,
            "debt_ratio": 46.53,
            "inventory_turnover_ratio": 2.49,
            "account_receivable_turnover_ratio": 2.84,
            "reinvestment_rate": null,
            "research_to_sale_ratio": 0,
            "price_fair": 6.72,
            "eps_avg_yearly": 0.19,
            "eps_latest_yearly": 0.08,
            "eps_growth_yearly": 386.93
        },
        "20141": {
            "year_quarter": 20141,
            "year": 2014,
            "quarter": 1,
            "eps": 0,
            "eps_growth_year": -100,
            "eps_4q": 0.2,
            "eps_4q_growth_year": 193.18,
            "roe": 0.05,
            "roe_4q": 3.1999999999999997,
            "gross_profit": 36792,
            "gross_margin": 8.29,
            "gross_margin_4q_avg": 10.23,
            "net_income": 313,
            "revenue": 443576,
            "common_shares": 945000,
            "book_valuer_per_share": 6.49,
            "book_valuer_per_share_4q_avg": 6.45,
            "equity": 613181,
            "current_ratio": 69.75,
            "debt_ratio": 44.56,
            "inventory_turnover_ratio": 2.51,
            "account_receivable_turnover_ratio": 3.28,
            "reinvestment_rate": null,
            "research_to_sale_ratio": 0,
            "price_fair": 6.72,
            "eps_avg_yearly": 0.19,
            "eps_latest_yearly": 0.08,
            "eps_growth_yearly": 386.93
        },
        "20142": {
            "year_quarter": 20142,
            "year": 2014,
            "quarter": 2,
            "eps": 0.03,
            "eps_growth_year": -57.14,
            "eps_4q": 0.16,
            "eps_4q_growth_year": 5.13,
            "roe": 0.5,
            "roe_4q": 2.55,
            "gross_profit": 49807,
            "gross_margin": 9.4,
            "gross_margin_4q_avg": 9.85,
            "net_income": 3062,
            "revenue": 529667,
            "common_shares": 945000,
            "book_valuer_per_share": 6.52,
            "book_valuer_per_share_4q_avg": 6.49,
            "equity": 616395,
            "current_ratio": 76.02,
            "debt_ratio": 49.69,
            "inventory_turnover_ratio": 2.76,
            "account_receivable_turnover_ratio": 3.09,
            "reinvestment_rate": null,
            "research_to_sale_ratio": 0,
            "price_fair": 6.72,
            "eps_avg_yearly": 0.19,
            "eps_latest_yearly": 0.08,
            "eps_growth_yearly": 386.93
        },
        "20143": {
            "year_quarter": 20143,
            "year": 2014,
            "quarter": 3,
            "eps": 0.07,
            "eps_growth_year": -36.36,
            "eps_4q": 0.13,
            "eps_4q_growth_year": -41.87,
            "roe": 1.11,
            "roe_4q": 2,
            "gross_profit": 62461,
            "gross_margin": 10.64,
            "gross_margin_4q_avg": 9.59,
            "net_income": 6881,
            "revenue": 587205,
            "common_shares": 945000,
            "book_valuer_per_share": 6.59,
            "book_valuer_per_share_4q_avg": 6.52,
            "equity": 623174,
            "current_ratio": 77.34,
            "debt_ratio": 49.43,
            "inventory_turnover_ratio": 2.58,
            "account_receivable_turnover_ratio": 2.86,
            "reinvestment_rate": null,
            "research_to_sale_ratio": null,
            "price_fair": 7.23,
            "eps_avg_yearly": 0.21,
            "eps_latest_yearly": 0.28,
            "eps_growth_yearly": 411.33
        },
        "20144": {
            "year_quarter": 20144,
            "year": 2014,
            "quarter": 4,
            "eps": 0.03,
            "eps_growth_year": 46.09,
            "eps_4q": 0.14,
            "eps_4q_growth_year": -33.99,
            "roe": 0.49,
            "roe_4q": 2.15,
            "gross_profit": 47119,
            "gross_margin": 10.44,
            "gross_margin_4q_avg": 9.69,
            "net_income": 3065,
            "revenue": 451360,
            "common_shares": 945000,
            "book_valuer_per_share": 6.63,
            "book_valuer_per_share_4q_avg": 6.56,
            "equity": 626080,
            "current_ratio": 75.6,
            "debt_ratio": 45.06,
            "inventory_turnover_ratio": 1.99,
            "account_receivable_turnover_ratio": 2.62,
            "reinvestment_rate": null,
            "research_to_sale_ratio": null,
            "price_fair": 6.8,
            "eps_avg_yearly": 0.19,
            "eps_latest_yearly": 0.12,
            "eps_growth_yearly": 319.91
        },
        "20151": {
            "year_quarter": 20151,
            "year": 2015,
            "quarter": 1,
            "eps": 0.01,
            "eps_growth_year": null,
            "eps_4q": 0.14,
            "eps_4q_growth_year": -30.02,
            "roe": 0.08,
            "roe_4q": 2.18,
            "gross_profit": 46666,
            "gross_margin": 10.48,
            "gross_margin_4q_avg": 10.24,
            "net_income": 504,
            "revenue": 445485,
            "common_shares": 945000,
            "book_valuer_per_share": 6.63,
            "book_valuer_per_share_4q_avg": 6.59,
            "equity": 626576,
            "current_ratio": 77.14,
            "debt_ratio": 46.37,
            "inventory_turnover_ratio": 1.89,
            "account_receivable_turnover_ratio": 3.04,
            "reinvestment_rate": null,
            "research_to_sale_ratio": null,
            "price_fair": 6.13,
            "eps_avg_yearly": 0.18,
            "eps_latest_yearly": 0.04,
            "eps_growth_yearly": 246.59
        },
        "20152": {
            "year_quarter": 20152,
            "year": 2015,
            "quarter": 2,
            "eps": 0.03,
            "eps_growth_year": 0,
            "eps_4q": 0.14,
            "eps_4q_growth_year": -14.21,
            "roe": 0.46,
            "roe_4q": 2.14,
            "gross_profit": 56208,
            "gross_margin": 10.69,
            "gross_margin_4q_avg": 10.56,
            "net_income": 2867,
            "revenue": 525651,
            "common_shares": 945000,
            "book_valuer_per_share": 6.66,
            "book_valuer_per_share_4q_avg": 6.63,
            "equity": 629523,
            "current_ratio": 78.13,
            "debt_ratio": 47.15,
            "inventory_turnover_ratio": 2.21,
            "account_receivable_turnover_ratio": 3.3,
            "reinvestment_rate": -356.37,
            "research_to_sale_ratio": null,
            "price_fair": 5.91,
            "eps_avg_yearly": 0.17,
            "eps_latest_yearly": 0.12,
            "eps_growth_yearly": 308.08
        },
        "20153": {
            "year_quarter": 20153,
            "year": 2015,
            "quarter": 3,
            "eps": 0.14,
            "eps_growth_year": 100,
            "eps_4q": 0.21,
            "eps_4q_growth_year": 60.31,
            "roe": 2.1,
            "roe_4q": 3.13,
            "gross_profit": 53849,
            "gross_margin": 10.06,
            "gross_margin_4q_avg": 10.42,
            "net_income": 13369,
            "revenue": 535287,
            "common_shares": 945000,
            "book_valuer_per_share": 6.81,
            "book_valuer_per_share_4q_avg": 6.68,
            "equity": 643448,
            "current_ratio": 80.16,
            "debt_ratio": 45.65,
            "inventory_turnover_ratio": 2.44,
            "account_receivable_turnover_ratio": 2.97,
            "reinvestment_rate": -268.96,
            "research_to_sale_ratio": null,
            "price_fair": 7.28,
            "eps_avg_yearly": 0.21,
            "eps_latest_yearly": 0.56,
            "eps_growth_yearly": 423.94
        },
        "20154": {
            "year_quarter": 20154,
            "year": 2015,
            "quarter": 4,
            "eps": 0.08,
            "eps_growth_year": 141.07,
            "eps_4q": 0.26,
            "eps_4q_growth_year": 81.13,
            "roe": 1.14,
            "roe_4q": 3.7800000000000002,
            "gross_profit": 47557,
            "gross_margin": 9.79,
            "gross_margin_4q_avg": 10.26,
            "net_income": 7389,
            "revenue": 485572,
            "common_shares": 945000,
            "book_valuer_per_share": 6.89,
            "book_valuer_per_share_4q_avg": 6.75,
            "equity": 650737,
            "current_ratio": 81.3,
            "debt_ratio": 45.06,
            "inventory_turnover_ratio": 2.19,
            "account_receivable_turnover_ratio": 2.76,
            "reinvestment_rate": -202.61,
            "research_to_sale_ratio": null,
            "price_fair": 7.64,
            "eps_avg_yearly": 0.22,
            "eps_latest_yearly": 0.32,
            "eps_growth_yearly": 369.82
        },
        "20161": {
            "year_quarter": 20161,
            "year": 2016,
            "quarter": 1,
            "eps": 0.02,
            "eps_growth_year": 100,
            "eps_4q": 0.27,
            "eps_4q_growth_year": 88.24,
            "roe": 0.28,
            "roe_4q": 3.98,
            "gross_profit": 52393,
            "gross_margin": 10.84,
            "gross_margin_4q_avg": 10.35,
            "net_income": 1810,
            "revenue": 483510,
            "common_shares": 945000,
            "book_valuer_per_share": 6.89,
            "book_valuer_per_share_4q_avg": 6.81,
            "equity": 651161,
            "current_ratio": 83.17,
            "debt_ratio": 47.16,
            "inventory_turnover_ratio": 2,
            "account_receivable_turnover_ratio": 2.86,
            "reinvestment_rate": -180.43,
            "research_to_sale_ratio": 0.1,
            "price_fair": 7.23,
            "eps_avg_yearly": 0.21,
            "eps_latest_yearly": 0.08,
            "eps_growth_yearly": 314
        },
        "20162": {
            "year_quarter": 20162,
            "year": 2016,
            "quarter": 2,
            "eps": 0.1,
            "eps_growth_year": 233.33,
            "eps_4q": 0.34,
            "eps_4q_growth_year": 138.86,
            "roe": 1.41,
            "roe_4q": 4.93,
            "gross_profit": 62833,
            "gross_margin": 12.52,
            "gross_margin_4q_avg": 10.8,
            "net_income": 9241,
            "revenue": 501934,
            "common_shares": 945000,
            "book_valuer_per_share": 7,
            "book_valuer_per_share_4q_avg": 6.9,
            "equity": 661740,
            "current_ratio": 85.56,
            "debt_ratio": 48.07,
            "inventory_turnover_ratio": 2.06,
            "account_receivable_turnover_ratio": 2.65,
            "reinvestment_rate": -66.18,
            "research_to_sale_ratio": 0.15,
            "price_fair": 7.75,
            "eps_avg_yearly": 0.22,
            "eps_latest_yearly": 0.4,
            "eps_growth_yearly": 412.92
        },
        "20163": {
            "year_quarter": 20163,
            "year": 2016,
            "quarter": 3,
            "eps": 0.18,
            "eps_growth_year": 28.57,
            "eps_4q": 0.37,
            "eps_4q_growth_year": 76.88,
            "roe": 2.48,
            "roe_4q": 5.31,
            "gross_profit": 65056,
            "gross_margin": 12.41,
            "gross_margin_4q_avg": 11.39,
            "net_income": 16591,
            "revenue": 524416,
            "common_shares": 945000,
            "book_valuer_per_share": 7.18,
            "book_valuer_per_share_4q_avg": 6.99,
            "equity": 678538,
            "current_ratio": 87.82,
            "debt_ratio": 47.39,
            "inventory_turnover_ratio": 2.25,
            "account_receivable_turnover_ratio": 2.5,
            "reinvestment_rate": -27.93,
            "research_to_sale_ratio": 0.17,
            "price_fair": 9,
            "eps_avg_yearly": 0.26,
            "eps_latest_yearly": 0.72,
            "eps_growth_yearly": 406.28
        },
        "20164": {
            "year_quarter": 20164,
            "year": 2016,
            "quarter": 4,
            "eps": 0.08,
            "eps_growth_year": -0.07,
            "eps_4q": 0.37,
            "eps_4q_growth_year": 45.16,
            "roe": 1.08,
            "roe_4q": 5.25,
            "gross_profit": 58025,
            "gross_margin": 11.53,
            "gross_margin_4q_avg": 11.83,
            "net_income": 7384,
            "revenue": 503330,
            "common_shares": 945000,
            "book_valuer_per_share": 7.27,
            "book_valuer_per_share_4q_avg": 7.09,
            "equity": 686644,
            "current_ratio": 87.92,
            "debt_ratio": 44.06,
            "inventory_turnover_ratio": 2.66,
            "account_receivable_turnover_ratio": 2.35,
            "reinvestment_rate": -7.95,
            "research_to_sale_ratio": null,
            "price_fair": 9.5,
            "eps_avg_yearly": 0.27,
            "eps_latest_yearly": 0.32,
            "eps_growth_yearly": 397.55
        },
        "20171": {
            "year_quarter": 20171,
            "year": 2017,
            "quarter": 1,
            "eps": 0.04,
            "eps_growth_year": 100,
            "eps_4q": 0.39,
            "eps_4q_growth_year": 45.3,
            "roe": 0.54,
            "roe_4q": 5.51,
            "gross_profit": 67385,
            "gross_margin": 14.99,
            "gross_margin_4q_avg": 12.86,
            "net_income": 3742,
            "revenue": 449442,
            "common_shares": 945000,
            "book_valuer_per_share": 7.28,
            "book_valuer_per_share_4q_avg": 7.18,
            "equity": 687948,
            "current_ratio": 87.66,
            "debt_ratio": 42.01,
            "inventory_turnover_ratio": 3.05,
            "account_receivable_turnover_ratio": 2.34,
            "reinvestment_rate": -7.92,
            "research_to_sale_ratio": 0.12,
            "price_fair": 9.8,
            "eps_avg_yearly": 0.28,
            "eps_latest_yearly": 0.16,
            "eps_growth_yearly": 402.31
        },
        "20172": {
            "year_quarter": 20172,
            "year": 2017,
            "quarter": 2,
            "eps": 0.08,
            "eps_growth_year": -20,
            "eps_4q": 0.37,
            "eps_4q_growth_year": 11.2,
            "roe": 1.11,
            "roe_4q": 5.210000000000001,
            "gross_profit": 59386,
            "gross_margin": 14.1,
            "gross_margin_4q_avg": 13.26,
            "net_income": 7653,
            "revenue": 421204,
            "common_shares": 945000,
            "book_valuer_per_share": 7.37,
            "book_valuer_per_share_4q_avg": 7.28,
            "equity": 696650,
            "current_ratio": 88.67,
            "debt_ratio": 40.49,
            "inventory_turnover_ratio": 2.72,
            "account_receivable_turnover_ratio": 2.54,
            "reinvestment_rate": -6.6,
            "research_to_sale_ratio": 0.12,
            "price_fair": 9.9,
            "eps_avg_yearly": 0.28,
            "eps_latest_yearly": 0.32,
            "eps_growth_yearly": 259.46
        },
        "20173": {
            "year_quarter": 20173,
            "year": 2017,
            "quarter": 3,
            "eps": 0.15,
            "eps_growth_year": -16.67,
            "eps_4q": 0.34,
            "eps_4q_growth_year": -7.01,
            "roe": 1.96,
            "roe_4q": 4.69,
            "gross_profit": 58679,
            "gross_margin": 13.41,
            "gross_margin_4q_avg": 13.51,
            "net_income": 13798,
            "revenue": 437448,
            "common_shares": 945000,
            "book_valuer_per_share": 7.52,
            "book_valuer_per_share_4q_avg": 7.36,
            "equity": 710594,
            "current_ratio": 91.12,
            "debt_ratio": 38.47,
            "inventory_turnover_ratio": 2.76,
            "account_receivable_turnover_ratio": 2.76,
            "reinvestment_rate": -6.7,
            "research_to_sale_ratio": 0.12,
            "price_fair": 10.3,
            "eps_avg_yearly": 0.29,
            "eps_latest_yearly": 0.6,
            "eps_growth_yearly": 268.13
        },
        "20174": {
            "year_quarter": 20174,
            "year": 2017,
            "quarter": 4,
            "eps": 0.02,
            "eps_growth_year": -80.12,
            "eps_4q": 0.28,
            "eps_4q_growth_year": -23.88,
            "roe": 0.21,
            "roe_4q": 3.8200000000000003,
            "gross_profit": 57446,
            "gross_margin": 11.15,
            "gross_margin_4q_avg": 13.41,
            "net_income": 1468,
            "revenue": 515408,
            "common_shares": 945000,
            "book_valuer_per_share": 7.53,
            "book_valuer_per_share_4q_avg": 7.43,
            "equity": 711842,
            "current_ratio": 91.02,
            "debt_ratio": 35.52,
            "inventory_turnover_ratio": 3.96,
            "account_receivable_turnover_ratio": 3.03,
            "reinvestment_rate": -3.31,
            "research_to_sale_ratio": null,
            "price_fair": 10.3,
            "eps_avg_yearly": 0.29,
            "eps_latest_yearly": 0.08,
            "eps_growth_yearly": 266.75
        },
        "20181": {
            "year_quarter": 20181,
            "year": 2018,
            "quarter": 1,
            "eps": 0.04,
            "eps_growth_year": 0,
            "eps_4q": 0.28,
            "eps_4q_growth_year": -27.41,
            "roe": 0.55,
            "roe_4q": 3.83,
            "gross_profit": 57506,
            "gross_margin": 14.14,
            "gross_margin_4q_avg": 13.2,
            "net_income": 3910,
            "revenue": 406825,
            "common_shares": 945000,
            "book_valuer_per_share": 7.55,
            "book_valuer_per_share_4q_avg": 7.49,
            "equity": 713672,
            "current_ratio": 143.28,
            "debt_ratio": 22.62,
            "inventory_turnover_ratio": 3.86,
            "account_receivable_turnover_ratio": 2.45,
            "reinvestment_rate": -6.03,
            "research_to_sale_ratio": 0.1,
            "price_fair": 9.99,
            "eps_avg_yearly": 0.29,
            "eps_latest_yearly": 0.16,
            "eps_growth_yearly": 275.63
        },
        "20182": {
            "year_quarter": 20182,
            "year": 2018,
            "quarter": 2,
            "eps": 0.13,
            "eps_growth_year": 62.5,
            "eps_4q": 0.33,
            "eps_4q_growth_year": -10.94,
            "roe": 1.71,
            "roe_4q": 4.43,
            "gross_profit": 64302,
            "gross_margin": 15.98,
            "gross_margin_4q_avg": 13.67,
            "net_income": 12325,
            "revenue": 402508,
            "common_shares": 945000,
            "book_valuer_per_share": 7.69,
            "book_valuer_per_share_4q_avg": 7.57,
            "equity": 726614,
            "current_ratio": 147.41,
            "debt_ratio": 24.13,
            "inventory_turnover_ratio": 4.01,
            "account_receivable_turnover_ratio": 2.36,
            "reinvestment_rate": -5.07,
            "research_to_sale_ratio": 0.17,
            "price_fair": 10.5,
            "eps_avg_yearly": 0.3,
            "eps_latest_yearly": 0.52,
            "eps_growth_yearly": 314.65
        },
        "20183": {
            "year_quarter": 20183,
            "year": 2018,
            "quarter": 3,
            "eps": 0.08,
            "eps_growth_year": -46.67,
            "eps_4q": 0.27,
            "eps_4q_growth_year": -21.91,
            "roe": 1.06,
            "roe_4q": 3.5300000000000002,
            "gross_profit": 56798,
            "gross_margin": 13.77,
            "gross_margin_4q_avg": 13.76,
            "net_income": 7735,
            "revenue": 412396,
            "common_shares": 945000,
            "book_valuer_per_share": 7.77,
            "book_valuer_per_share_4q_avg": 7.64,
            "equity": 734544,
            "current_ratio": 146.73,
            "debt_ratio": 26.36,
            "inventory_turnover_ratio": 3.82,
            "account_receivable_turnover_ratio": 2.14,
            "reinvestment_rate": -6.88,
            "research_to_sale_ratio": 0.13,
            "price_fair": 10.59,
            "eps_avg_yearly": 0.3,
            "eps_latest_yearly": 0.32,
            "eps_growth_yearly": 271.7
        },
        "20184": {
            "year_quarter": 20184,
            "year": 2018,
            "quarter": 4,
            "eps": 0.09,
            "eps_growth_year": 459.89,
            "eps_4q": 0.34,
            "eps_4q_growth_year": 20.73,
            "roe": 1.11,
            "roe_4q": 4.43,
            "gross_profit": 57202,
            "gross_margin": 13.95,
            "gross_margin_4q_avg": 14.46,
            "net_income": 8219,
            "revenue": 409945,
            "common_shares": 945000,
            "book_valuer_per_share": 7.86,
            "book_valuer_per_share_4q_avg": 7.72,
            "equity": 742491,
            "current_ratio": 155.21,
            "debt_ratio": 24.67,
            "inventory_turnover_ratio": 3.67,
            "account_receivable_turnover_ratio": 2.12,
            "reinvestment_rate": 0.37,
            "research_to_sale_ratio": 0.1,
            "price_fair": 11.11,
            "eps_avg_yearly": 0.32,
            "eps_latest_yearly": 0.36,
            "eps_growth_yearly": 289.11
        },
        "20191": {
            "year_quarter": 20191,
            "year": 2019,
            "quarter": 1,
            "eps": 0.06,
            "eps_growth_year": 50,
            "eps_4q": 0.36,
            "eps_4q_growth_year": 26.86,
            "roe": 0.77,
            "roe_4q": 4.65,
            "gross_profit": 54066,
            "gross_margin": 13.3,
            "gross_margin_4q_avg": 14.25,
            "net_income": 5756,
            "revenue": 406538,
            "common_shares": 945000,
            "book_valuer_per_share": 7.91,
            "book_valuer_per_share_4q_avg": 7.81,
            "equity": 747655,
            "current_ratio": 169.08,
            "debt_ratio": 23.46,
            "inventory_turnover_ratio": 3.55,
            "account_receivable_turnover_ratio": 2.18,
            "reinvestment_rate": -0.09,
            "research_to_sale_ratio": 0.12,
            "price_fair": 11.55,
            "eps_avg_yearly": 0.33,
            "eps_latest_yearly": 0.24,
            "eps_growth_yearly": 297.45
        },
        "20192": {
            "year_quarter": 20192,
            "year": 2019,
            "quarter": 2,
            "eps": 0.16,
            "eps_growth_year": 23.08,
            "eps_4q": 0.39,
            "eps_4q_growth_year": 16.92,
            "roe": 2,
            "roe_4q": 4.9399999999999995,
            "gross_profit": 71067,
            "gross_margin": 16.67,
            "gross_margin_4q_avg": 14.42,
            "net_income": 15122,
            "revenue": 426440,
            "common_shares": 945000,
            "book_valuer_per_share": 8.07,
            "book_valuer_per_share_4q_avg": 7.9,
            "equity": 762751,
            "current_ratio": 164.2,
            "debt_ratio": 26.6,
            "inventory_turnover_ratio": 3.39,
            "account_receivable_turnover_ratio": 2.08,
            "reinvestment_rate": -2.25,
            "research_to_sale_ratio": 0.12,
            "price_fair": 12.69,
            "eps_avg_yearly": 0.36,
            "eps_latest_yearly": 0.64,
            "eps_growth_yearly": 289.11
        },
        "20193": {
            "year_quarter": 20193,
            "year": 2019,
            "quarter": 3,
            "eps": 0.17,
            "eps_growth_year": 112.5,
            "eps_4q": 0.47,
            "eps_4q_growth_year": 76.23,
            "roe": 2.04,
            "roe_4q": 5.920000000000001,
            "gross_profit": 69545,
            "gross_margin": 14.88,
            "gross_margin_4q_avg": 14.7,
            "net_income": 15732,
            "revenue": 467274,
            "common_shares": 945000,
            "book_valuer_per_share": 8.24,
            "book_valuer_per_share_4q_avg": 8.02,
            "equity": 778492,
            "current_ratio": 167.62,
            "debt_ratio": 27.44,
            "inventory_turnover_ratio": 4.16,
            "account_receivable_turnover_ratio": 2.03,
            "reinvestment_rate": -2.76,
            "research_to_sale_ratio": 0.1,
            "price_fair": 12.95,
            "eps_avg_yearly": 0.37,
            "eps_latest_yearly": 0.68,
            "eps_growth_yearly": 199.01
        },
        "20194": {
            "year_quarter": 20194,
            "year": 2019,
            "quarter": 4,
            "eps": 0.2,
            "eps_growth_year": 126.68,
            "eps_4q": 0.58,
            "eps_4q_growth_year": 71.61,
            "roe": 2.36,
            "roe_4q": 7.17,
            "gross_profit": 65420,
            "gross_margin": 14.27,
            "gross_margin_4q_avg": 14.78,
            "net_income": 18631,
            "revenue": 458565,
            "common_shares": 945000,
            "book_valuer_per_share": 8.44,
            "book_valuer_per_share_4q_avg": 8.17,
            "equity": 797141,
            "current_ratio": 177.61,
            "debt_ratio": 25.96,
            "inventory_turnover_ratio": 5.48,
            "account_receivable_turnover_ratio": 2.28,
            "reinvestment_rate": -2.25,
            "research_to_sale_ratio": 0.09,
            "price_fair": 14,
            "eps_avg_yearly": 0.4,
            "eps_latest_yearly": 0.8,
            "eps_growth_yearly": 214.14
        },
        "20201": {
            "year_quarter": 20201,
            "year": 2020,
            "quarter": 1,
            "eps": 0.25,
            "eps_growth_year": 316.67,
            "eps_4q": 0.78,
            "eps_4q_growth_year": 115.47,
            "roe": 2.95,
            "roe_4q": 9.350000000000001,
            "gross_profit": 72492,
            "gross_margin": 21.38,
            "gross_margin_4q_avg": 16.8,
            "net_income": 23850,
            "revenue": 339135,
            "common_shares": 945000,
            "book_valuer_per_share": 8.69,
            "book_valuer_per_share_4q_avg": 8.36,
            "equity": 821026,
            "current_ratio": 188.28,
            "debt_ratio": 25.3,
            "inventory_turnover_ratio": 3.54,
            "account_receivable_turnover_ratio": 2.08,
            "reinvestment_rate": -1.25,
            "research_to_sale_ratio": 0.14,
            "price_fair": 16.01,
            "eps_avg_yearly": 0.46,
            "eps_latest_yearly": 1,
            "eps_growth_yearly": 239.14
        },
        "20202": {
            "year_quarter": 20202,
            "year": 2020,
            "quarter": 2,
            "eps": 0.35,
            "eps_growth_year": 118.75,
            "eps_4q": 0.96,
            "eps_4q_growth_year": 146.66,
            "roe": 3.9,
            "roe_4q": 11.25,
            "gross_profit": 86929,
            "gross_margin": 25.57,
            "gross_margin_4q_avg": 19.03,
            "net_income": 32637,
            "revenue": 339928,
            "common_shares": 945000,
            "book_valuer_per_share": 9.03,
            "book_valuer_per_share_4q_avg": 8.6,
            "equity": 853663,
            "current_ratio": 205.89,
            "debt_ratio": 24.08,
            "inventory_turnover_ratio": 2.63,
            "account_receivable_turnover_ratio": 1.96,
            "reinvestment_rate": -0.97,
            "research_to_sale_ratio": 0.09,
            "price_fair": 18.2,
            "eps_avg_yearly": 0.52,
            "eps_latest_yearly": 1.4,
            "eps_growth_yearly": 149.14
        },
        "20203": {
            "year_quarter": 20203,
            "year": 2020,
            "quarter": 3,
            "eps": 0.33,
            "eps_growth_year": 94.12,
            "eps_4q": 1.13,
            "eps_4q_growth_year": 137.38,
            "roe": 3.6,
            "roe_4q": 12.809999999999999,
            "gross_profit": 96066,
            "gross_margin": 23.99,
            "gross_margin_4q_avg": 21.3,
            "net_income": 31298,
            "revenue": 400394,
            "common_shares": 945000,
            "book_valuer_per_share": 9.36,
            "book_valuer_per_share_4q_avg": 8.88,
            "equity": 884932,
            "current_ratio": 212.61,
            "debt_ratio": 24.92,
            "inventory_turnover_ratio": 3.15,
            "account_receivable_turnover_ratio": 2.14,
            "reinvestment_rate": -1.52,
            "research_to_sale_ratio": 0.08,
            "price_fair": 19.51,
            "eps_avg_yearly": 0.56,
            "eps_latest_yearly": 1.32,
            "eps_growth_yearly": 127.71
        },
        "20204": {
            "year_quarter": 20204,
            "year": 2020,
            "quarter": 4,
            "eps": 0.44,
            "eps_growth_year": 125.39,
            "eps_4q": 1.37,
            "eps_4q_growth_year": 134.93,
            "roe": 4.64,
            "roe_4q": 15.09,
            "gross_profit": 98784,
            "gross_margin": 24.48,
            "gross_margin_4q_avg": 23.86,
            "net_income": 41992,
            "revenue": 403511,
            "common_shares": 945000,
            "book_valuer_per_share": 9.81,
            "book_valuer_per_share_4q_avg": 9.22,
            "equity": 926805,
            "current_ratio": 239.3,
            "debt_ratio": 23.29,
            "inventory_turnover_ratio": 3.87,
            "account_receivable_turnover_ratio": 2.2,
            "reinvestment_rate": -1.94,
            "research_to_sale_ratio": 0.15,
            "price_fair": 22.66,
            "eps_avg_yearly": 0.65,
            "eps_latest_yearly": 1.76,
            "eps_growth_yearly": 149.93
        },
        "20211": {
            "year_quarter": 20211,
            "year": 2021,
            "quarter": 1,
            "eps": 0.34,
            "eps_growth_year": 36,
            "eps_4q": 1.46,
            "eps_4q_growth_year": 88.54,
            "roe": 3.43,
            "roe_4q": 15.57,
            "gross_profit": 95759,
            "gross_margin": 24.69,
            "gross_margin_4q_avg": 24.68,
            "net_income": 32337,
            "revenue": 387873,
            "common_shares": 945000,
            "book_valuer_per_share": 10.15,
            "book_valuer_per_share_4q_avg": 9.59,
            "equity": 959139,
            "current_ratio": 273.78,
            "debt_ratio": 21.56,
            "inventory_turnover_ratio": 3.52,
            "account_receivable_turnover_ratio": 2.12,
            "reinvestment_rate": -0.7,
            "research_to_sale_ratio": 0.22,
            "price_fair": 25.29,
            "eps_avg_yearly": 0.72,
            "eps_latest_yearly": 1.36,
            "eps_growth_yearly": 156.75
        },
        "20212": {
            "year_quarter": 20212,
            "year": 2021,
            "quarter": 2,
            "eps": 0.44,
            "eps_growth_year": 25.71,
            "eps_4q": 1.56,
            "eps_4q_growth_year": 62.35,
            "roe": 4.27,
            "roe_4q": 15.94,
            "gross_profit": 108418,
            "gross_margin": 25.07,
            "gross_margin_4q_avg": 24.56,
            "net_income": 41867,
            "revenue": 432530,
            "common_shares": 945000,
            "book_valuer_per_share": 10.59,
            "book_valuer_per_share_4q_avg": 9.98,
            "equity": 1001002,
            "current_ratio": 230.91,
            "debt_ratio": 26.87,
            "inventory_turnover_ratio": 2.09,
            "account_receivable_turnover_ratio": 2.37,
            "reinvestment_rate": -0.93,
            "research_to_sale_ratio": 0.17,
            "price_fair": 28.44,
            "eps_avg_yearly": 0.81,
            "eps_latest_yearly": 1.76,
            "eps_growth_yearly": 139.1
        },
        "20213": {
            "year_quarter": 20213,
            "year": 2021,
            "quarter": 3,
            "eps": 0.41,
            "eps_growth_year": 24.24,
            "eps_4q": 1.64,
            "eps_4q_growth_year": 45.38,
            "roe": 3.77,
            "roe_4q": 16.11,
            "gross_profit": 106909,
            "gross_margin": 20.42,
            "gross_margin_4q_avg": 23.67,
            "net_income": 38513,
            "revenue": 523621,
            "common_shares": 945000,
            "book_valuer_per_share": 11,
            "book_valuer_per_share_4q_avg": 10.39,
            "equity": 1039519,
            "current_ratio": 242.7,
            "debt_ratio": 25.82,
            "inventory_turnover_ratio": 2.19,
            "account_receivable_turnover_ratio": 2.34,
            "reinvestment_rate": -0.81,
            "research_to_sale_ratio": 0.14,
            "price_fair": 30.71,
            "eps_avg_yearly": 0.88,
            "eps_latest_yearly": 1.64,
            "eps_growth_yearly": 115.52
        },
        "20214": {
            "year_quarter": 20214,
            "year": 2021,
            "quarter": 4,
            "eps": 0.38,
            "eps_growth_year": -15.45,
            "eps_4q": 1.57,
            "eps_4q_growth_year": 14.21,
            "roe": 3.36,
            "roe_4q": 14.829999999999998,
            "gross_profit": 103288,
            "gross_margin": 22.45,
            "gross_margin_4q_avg": 23.16,
            "net_income": 35503,
            "revenue": 460075,
            "common_shares": 945000,
            "book_valuer_per_share": 11.37,
            "book_valuer_per_share_4q_avg": 10.78,
            "equity": 1074926,
            "current_ratio": 241.33,
            "debt_ratio": 26.55,
            "inventory_turnover_ratio": 2.41,
            "account_receivable_turnover_ratio": 1.72,
            "reinvestment_rate": -1.62,
            "research_to_sale_ratio": 0.17,
            "price_fair": 33.86,
            "eps_avg_yearly": 0.97,
            "eps_latest_yearly": 1.52,
            "eps_growth_yearly": 135.36
        },
        "20221": {
            "year_quarter": 20221,
            "year": 2022,
            "quarter": 1,
            "eps": 0.55,
            "eps_growth_year": 61.76,
            "eps_4q": 1.78,
            "eps_4q_growth_year": 21.47,
            "roe": 4.73,
            "roe_4q": 16.13,
            "gross_profit": 135100,
            "gross_margin": 23.81,
            "gross_margin_4q_avg": 22.94,
            "net_income": 52070,
            "revenue": 567339,
            "common_shares": 945000,
            "book_valuer_per_share": 11.93,
            "book_valuer_per_share_4q_avg": 11.22,
            "equity": 1126996,
            "current_ratio": 270.63,
            "debt_ratio": 24.22,
            "inventory_turnover_ratio": 3.78,
            "account_receivable_turnover_ratio": 2.29,
            "reinvestment_rate": -0.79,
            "research_to_sale_ratio": 0.6,
            "price_fair": 38.33,
            "eps_avg_yearly": 1.1,
            "eps_latest_yearly": 2.2,
            "eps_growth_yearly": 121.54
        },
        "20222": {
            "year_quarter": 20222,
            "year": 2022,
            "quarter": 2,
            "eps": 0.55,
            "eps_growth_year": 25,
            "eps_4q": 1.88,
            "eps_4q_growth_year": 20.64,
            "roe": 4.73,
            "roe_4q": 16.59,
            "gross_profit": 124869,
            "gross_margin": 22.92,
            "gross_margin_4q_avg": 22.4,
            "net_income": 51853,
            "revenue": 544828,
            "common_shares": 945000,
            "book_valuer_per_share": 11.27,
            "book_valuer_per_share_4q_avg": 11.39,
            "equity": 1065454,
            "current_ratio": 212.14,
            "debt_ratio": 30.85,
            "inventory_turnover_ratio": 3.07,
            "account_receivable_turnover_ratio": 2.28,
            "reinvestment_rate": -0.76,
            "research_to_sale_ratio": 0.32,
            "price_fair": 42,
            "eps_avg_yearly": 1.2,
            "eps_latest_yearly": 2.2,
            "eps_growth_yearly": 65.29
        },
        "20223": {
            "year_quarter": 20223,
            "year": 2022,
            "quarter": 3,
            "eps": 0.49,
            "eps_growth_year": 19.51,
            "eps_4q": 1.97,
            "eps_4q_growth_year": 20.09,
            "roe": 4.26,
            "roe_4q": 17.080000000000002,
            "gross_profit": 121683,
            "gross_margin": 21.22,
            "gross_margin_4q_avg": 22.6,
            "net_income": 46363,
            "revenue": 573365,
            "common_shares": 945000,
            "book_valuer_per_share": 11.77,
            "book_valuer_per_share_4q_avg": 11.59,
            "equity": 1111810,
            "current_ratio": 259.14,
            "debt_ratio": 24.93,
            "inventory_turnover_ratio": 3.45,
            "account_receivable_turnover_ratio": 2.33,
            "reinvestment_rate": -0.47,
            "research_to_sale_ratio": -0.17,
            "price_fair": 45.59,
            "eps_avg_yearly": 1.3,
            "eps_latest_yearly": 1.96,
            "eps_growth_yearly": 72.18
        },
        "20224": {
            "year_quarter": 20224,
            "year": 2022,
            "quarter": 4,
            "eps": 0.35,
            "eps_growth_year": -5.53,
            "eps_4q": 1.95,
            "eps_4q_growth_year": 24.02,
            "roe": 2.97,
            "roe_4q": 16.69,
            "gross_profit": 107411,
            "gross_margin": 21.15,
            "gross_margin_4q_avg": 22.28,
            "net_income": 33539,
            "revenue": 507928,
            "common_shares": 945000,
            "book_valuer_per_share": 12.12,
            "book_valuer_per_share_4q_avg": 11.77,
            "equity": 1145750,
            "current_ratio": 248.46,
            "debt_ratio": 26.5,
            "inventory_turnover_ratio": 4.01,
            "account_receivable_turnover_ratio": 1.96,
            "reinvestment_rate": -0.34,
            "research_to_sale_ratio": 0.15,
            "price_fair": 47.86,
            "eps_avg_yearly": 1.37,
            "eps_latest_yearly": 1.4,
            "eps_growth_yearly": 61.91
        },
        "20231": {
            "year_quarter": 20231,
            "year": 2023,
            "quarter": 1,
            "eps": 0.53,
            "eps_growth_year": -3.64,
            "eps_4q": 1.92,
            "eps_4q_growth_year": 8.15,
            "roe": 4.26,
            "roe_4q": 16.22,
            "gross_profit": 130117,
            "gross_margin": 23.26,
            "gross_margin_4q_avg": 22.14,
            "net_income": 49882,
            "revenue": 559388,
            "common_shares": 945000,
            "book_valuer_per_share": 12.65,
            "book_valuer_per_share_4q_avg": 11.95,
            "equity": 1195638,
            "current_ratio": 267.86,
            "debt_ratio": 25.02,
            "inventory_turnover_ratio": 3.3,
            "account_receivable_turnover_ratio": 2.25,
            "reinvestment_rate": -0.26,
            "research_to_sale_ratio": 0.3,
            "price_fair": 51.98,
            "eps_avg_yearly": 1.49,
            "eps_latest_yearly": 2.12,
            "eps_growth_yearly": 83.1
        }
    },
    "months": {
        "2001-06": {
            "month": "2001-06",
            "price": "8.51",
            "revenue": 534203
        },
        "2001-07": {
            "month": "2001-07",
            "price": "7.25",
            "revenue": 610072
        },
        "2001-08": {
            "month": "2001-08",
            "price": "7.46",
            "revenue": 548192
        },
        "2001-09": {
            "month": "2001-09",
            "price": "6.45",
            "revenue": 597911
        },
        "2001-10": {
            "month": "2001-10",
            "price": "6.45",
            "revenue": 663780
        },
        "2001-11": {
            "month": "2001-11",
            "price": "6.51",
            "revenue": 596553
        },
        "2001-12": {
            "month": "2001-12",
            "price": "6.82",
            "revenue": 742429
        },
        "2002-01": {
            "month": "2002-01",
            "price": "7.07",
            "revenue": 716649
        },
        "2002-02": {
            "month": "2002-02",
            "price": "7.20",
            "revenue": 529783
        },
        "2002-03": {
            "month": "2002-03",
            "price": "7.27",
            "revenue": 453064
        },
        "2002-04": {
            "month": "2002-04",
            "price": "8.85",
            "revenue": 414399
        },
        "2002-05": {
            "month": "2002-05",
            "price": "9.20",
            "revenue": 381724
        },
        "2002-06": {
            "month": "2002-06",
            "price": "8.42",
            "revenue": 490559
        },
        "2002-07": {
            "month": "2002-07",
            "price": "8.94",
            "revenue": 432950
        },
        "2002-08": {
            "month": "2002-08",
            "price": "8.94",
            "revenue": 610744
        },
        "2002-09": {
            "month": "2002-09",
            "price": "9.08",
            "revenue": 597876
        },
        "2002-10": {
            "month": "2002-10",
            "price": "8.77",
            "revenue": 568348
        },
        "2002-11": {
            "month": "2002-11",
            "price": "8.41",
            "revenue": 869441
        },
        "2002-12": {
            "month": "2002-12",
            "price": "8.86",
            "revenue": 652621
        },
        "2003-01": {
            "month": "2003-01",
            "price": "8.97",
            "revenue": 461726
        },
        "2003-02": {
            "month": "2003-02",
            "price": "7.60",
            "revenue": 422165
        },
        "2003-03": {
            "month": "2003-03",
            "price": "6.82",
            "revenue": 520681
        },
        "2003-04": {
            "month": "2003-04",
            "price": "6.36",
            "revenue": 382028
        },
        "2003-05": {
            "month": "2003-05",
            "price": "5.41",
            "revenue": 495821
        },
        "2003-06": {
            "month": "2003-06",
            "price": "6.38",
            "revenue": 637068
        },
        "2003-07": {
            "month": "2003-07",
            "price": "6.20",
            "revenue": 530492
        },
        "2003-08": {
            "month": "2003-08",
            "price": "5.95",
            "revenue": 468805
        },
        "2003-09": {
            "month": "2003-09",
            "price": "5.30",
            "revenue": 529128
        },
        "2003-10": {
            "month": "2003-10",
            "price": "6.24",
            "revenue": 683894
        },
        "2003-11": {
            "month": "2003-11",
            "price": "6.84",
            "revenue": 485845
        },
        "2003-12": {
            "month": "2003-12",
            "price": "6.65",
            "revenue": 711511
        },
        "2004-01": {
            "month": "2004-01",
            "price": "7.12",
            "revenue": 735897
        },
        "2004-02": {
            "month": "2004-02",
            "price": "9.55",
            "revenue": 544850
        },
        "2004-03": {
            "month": "2004-03",
            "price": "9.36",
            "revenue": 428023
        },
        "2004-04": {
            "month": "2004-04",
            "price": "8.50",
            "revenue": 556256
        },
        "2004-05": {
            "month": "2004-05",
            "price": "7.34",
            "revenue": 570164
        },
        "2004-06": {
            "month": "2004-06",
            "price": "7.52",
            "revenue": 533104
        },
        "2004-07": {
            "month": "2004-07",
            "price": "7.60",
            "revenue": 517048
        },
        "2004-08": {
            "month": "2004-08",
            "price": "7.11",
            "revenue": 540873
        },
        "2004-09": {
            "month": "2004-09",
            "price": "7.07",
            "revenue": 436999
        },
        "2004-10": {
            "month": "2004-10",
            "price": "6.60",
            "revenue": 715164
        },
        "2004-11": {
            "month": "2004-11",
            "price": "6.39",
            "revenue": 686866
        },
        "2004-12": {
            "month": "2004-12",
            "price": "6.21",
            "revenue": 130278
        },
        "2005-01": {
            "month": "2005-01",
            "price": "6.33",
            "revenue": 81090
        },
        "2005-02": {
            "month": "2005-02",
            "price": "5.85",
            "revenue": 61380
        },
        "2005-03": {
            "month": "2005-03",
            "price": "5.39",
            "revenue": 145786
        },
        "2005-04": {
            "month": "2005-04",
            "price": "4.78",
            "revenue": 145052
        },
        "2005-05": {
            "month": "2005-05",
            "price": "4.56",
            "revenue": 104478
        },
        "2005-06": {
            "month": "2005-06",
            "price": "4.82",
            "revenue": 52090
        },
        "2005-07": {
            "month": "2005-07",
            "price": "5.16",
            "revenue": 100155
        },
        "2005-08": {
            "month": "2005-08",
            "price": "4.67",
            "revenue": 54201
        },
        "2005-09": {
            "month": "2005-09",
            "price": "4.57",
            "revenue": 68606
        },
        "2005-10": {
            "month": "2005-10",
            "price": "4.42",
            "revenue": 40453
        },
        "2005-11": {
            "month": "2005-11",
            "price": "3.81",
            "revenue": 40278
        },
        "2005-12": {
            "month": "2005-12",
            "price": "3.77",
            "revenue": 27804
        },
        "2006-01": {
            "month": "2006-01",
            "price": "3.98",
            "revenue": 37182
        },
        "2006-02": {
            "month": "2006-02",
            "price": "3.84",
            "revenue": 38339
        },
        "2006-03": {
            "month": "2006-03",
            "price": "3.71",
            "revenue": 60959
        },
        "2006-04": {
            "month": "2006-04",
            "price": "3.81",
            "revenue": 68679
        },
        "2006-05": {
            "month": "2006-05",
            "price": "4.43",
            "revenue": 44261
        },
        "2006-06": {
            "month": "2006-06",
            "price": "3.93",
            "revenue": 57083
        },
        "2006-07": {
            "month": "2006-07",
            "price": "5.35",
            "revenue": 70772
        },
        "2006-08": {
            "month": "2006-08",
            "price": "6.45",
            "revenue": 55793
        },
        "2006-09": {
            "month": "2006-09",
            "price": "6.51",
            "revenue": 38547
        },
        "2006-10": {
            "month": "2006-10",
            "price": "6.80",
            "revenue": 43949
        },
        "2006-11": {
            "month": "2006-11",
            "price": "8.13",
            "revenue": 37626
        },
        "2006-12": {
            "month": "2006-12",
            "price": "9.10",
            "revenue": 53457
        },
        "2007-01": {
            "month": "2007-01",
            "price": "10.04",
            "revenue": 27800
        },
        "2007-02": {
            "month": "2007-02",
            "price": "9.61",
            "revenue": 28542
        },
        "2007-03": {
            "month": "2007-03",
            "price": "9.08",
            "revenue": 56045
        },
        "2007-04": {
            "month": "2007-04",
            "price": "9.27",
            "revenue": 38625
        },
        "2007-05": {
            "month": "2007-05",
            "price": "8.67",
            "revenue": 56359
        },
        "2007-06": {
            "month": "2007-06",
            "price": "8.19",
            "revenue": 48388
        },
        "2007-07": {
            "month": "2007-07",
            "price": "9.71",
            "revenue": 42082
        },
        "2007-08": {
            "month": "2007-08",
            "price": "10.29",
            "revenue": 49029
        },
        "2007-09": {
            "month": "2007-09",
            "price": "9.85",
            "revenue": 44943
        },
        "2007-10": {
            "month": "2007-10",
            "price": "10.17",
            "revenue": 40091
        },
        "2007-11": {
            "month": "2007-11",
            "price": "9.39",
            "revenue": 38744
        },
        "2007-12": {
            "month": "2007-12",
            "price": "8.04",
            "revenue": 54281
        },
        "2008-01": {
            "month": "2008-01",
            "price": "7.44",
            "revenue": 40883
        },
        "2008-02": {
            "month": "2008-02",
            "price": "6.80",
            "revenue": 26697
        },
        "2008-03": {
            "month": "2008-03",
            "price": "7.67",
            "revenue": 42889
        },
        "2008-04": {
            "month": "2008-04",
            "price": "7.84",
            "revenue": 43960
        },
        "2008-05": {
            "month": "2008-05",
            "price": "7.82",
            "revenue": 41178
        },
        "2008-06": {
            "month": "2008-06",
            "price": "7.73",
            "revenue": 52349
        },
        "2008-07": {
            "month": "2008-07",
            "price": "7.55",
            "revenue": 49842
        },
        "2008-08": {
            "month": "2008-08",
            "price": "6.55",
            "revenue": 28498
        },
        "2008-09": {
            "month": "2008-09",
            "price": "4.85",
            "revenue": 43344
        },
        "2008-10": {
            "month": "2008-10",
            "price": "3.69",
            "revenue": 33727
        },
        "2008-11": {
            "month": "2008-11",
            "price": "2.91",
            "revenue": 31299
        },
        "2008-12": {
            "month": "2008-12",
            "price": "3.00",
            "revenue": 17516
        },
        "2009-01": {
            "month": "2009-01",
            "price": "3.06",
            "revenue": 43765
        },
        "2009-02": {
            "month": "2009-02",
            "price": "2.97",
            "revenue": 31010
        },
        "2009-03": {
            "month": "2009-03",
            "price": "3.21",
            "revenue": 44722
        },
        "2009-04": {
            "month": "2009-04",
            "price": "3.79",
            "revenue": 39174
        },
        "2009-05": {
            "month": "2009-05",
            "price": "2.33",
            "revenue": 44189
        },
        "2009-06": {
            "month": "2009-06",
            "price": "2.18",
            "revenue": 37859
        },
        "2009-07": {
            "month": "2009-07",
            "price": "2.17",
            "revenue": 48014
        },
        "2009-08": {
            "month": "2009-08",
            "price": "2.22",
            "revenue": 39443
        },
        "2009-09": {
            "month": "2009-09",
            "price": "2.53",
            "revenue": 40613
        },
        "2009-10": {
            "month": "2009-10",
            "price": "2.99",
            "revenue": 38721
        },
        "2009-11": {
            "month": "2009-11",
            "price": "12.19",
            "revenue": 27421
        },
        "2009-12": {
            "month": "2009-12",
            "price": "11.80",
            "revenue": 28707
        },
        "2010-01": {
            "month": "2010-01",
            "price": "11.92",
            "revenue": 42227
        },
        "2010-02": {
            "month": "2010-02",
            "price": "10.29",
            "revenue": 39580
        },
        "2010-03": {
            "month": "2010-03",
            "price": "10.55",
            "revenue": 52353
        },
        "2010-04": {
            "month": "2010-04",
            "price": "11.77",
            "revenue": 48333
        },
        "2010-05": {
            "month": "2010-05",
            "price": "10.33",
            "revenue": 58223
        },
        "2010-06": {
            "month": "2010-06",
            "price": "10.13",
            "revenue": 66503
        },
        "2010-07": {
            "month": "2010-07",
            "price": "11.11",
            "revenue": 67932
        },
        "2010-08": {
            "month": "2010-08",
            "price": "13.35",
            "revenue": 64532
        },
        "2010-09": {
            "month": "2010-09",
            "price": "15.52",
            "revenue": 60803
        },
        "2010-10": {
            "month": "2010-10",
            "price": "13.68",
            "revenue": 54697
        },
        "2010-11": {
            "month": "2010-11",
            "price": "11.78",
            "revenue": 46543
        },
        "2010-12": {
            "month": "2010-12",
            "price": "11.83",
            "revenue": 55181
        },
        "2011-01": {
            "month": "2011-01",
            "price": "12.08",
            "revenue": 49646
        },
        "2011-02": {
            "month": "2011-02",
            "price": "11.60",
            "revenue": 29013
        },
        "2011-03": {
            "month": "2011-03",
            "price": "10.63",
            "revenue": 69857
        },
        "2011-04": {
            "month": "2011-04",
            "price": "10.91",
            "revenue": 71223
        },
        "2011-05": {
            "month": "2011-05",
            "price": "10.94",
            "revenue": 75310
        },
        "2011-06": {
            "month": "2011-06",
            "price": "10.89",
            "revenue": 87495
        },
        "2011-07": {
            "month": "2011-07",
            "price": "12.24",
            "revenue": 88119
        },
        "2011-08": {
            "month": "2011-08",
            "price": "11.12",
            "revenue": 89242
        },
        "2011-09": {
            "month": "2011-09",
            "price": "9.96",
            "revenue": 87914
        },
        "2011-10": {
            "month": "2011-10",
            "price": "9.09",
            "revenue": 80078
        },
        "2011-11": {
            "month": "2011-11",
            "price": "9.38",
            "revenue": 80710
        },
        "2011-12": {
            "month": "2011-12",
            "price": "8.80",
            "revenue": 67967
        },
        "2012-01": {
            "month": "2012-01",
            "price": "8.63",
            "revenue": 83737
        },
        "2012-02": {
            "month": "2012-02",
            "price": "9.93",
            "revenue": 57779
        },
        "2012-03": {
            "month": "2012-03",
            "price": "11.73",
            "revenue": 79479
        },
        "2012-04": {
            "month": "2012-04",
            "price": "11.41",
            "revenue": 92185
        },
        "2012-05": {
            "month": "2012-05",
            "price": "11.50",
            "revenue": 106560
        },
        "2012-06": {
            "month": "2012-06",
            "price": "11.65",
            "revenue": 104588
        },
        "2012-07": {
            "month": "2012-07",
            "price": "12.12",
            "revenue": 133342
        },
        "2012-08": {
            "month": "2012-08",
            "price": "13.21",
            "revenue": 158954
        },
        "2012-09": {
            "month": "2012-09",
            "price": "13.73",
            "revenue": 169245
        },
        "2012-10": {
            "month": "2012-10",
            "price": "13.65",
            "revenue": 145310
        },
        "2012-11": {
            "month": "2012-11",
            "price": "12.63",
            "revenue": 141107
        },
        "2012-12": {
            "month": "2012-12",
            "price": "12.50",
            "revenue": 154617
        },
        "2013-01": {
            "month": "2013-01",
            "price": "13.21",
            "revenue": 150432
        },
        "2013-02": {
            "month": "2013-02",
            "price": "13.44",
            "revenue": 135988
        },
        "2013-03": {
            "month": "2013-03",
            "price": "13.44",
            "revenue": 156426
        },
        "2013-04": {
            "month": "2013-04",
            "price": "16.08",
            "revenue": 142940
        },
        "2013-05": {
            "month": "2013-05",
            "price": "17.28",
            "revenue": 185045
        },
        "2013-06": {
            "month": "2013-06",
            "price": "21.77",
            "revenue": 175914
        },
        "2013-07": {
            "month": "2013-07",
            "price": "26.11",
            "revenue": 150674
        },
        "2013-08": {
            "month": "2013-08",
            "price": "24.77",
            "revenue": 167034
        },
        "2013-09": {
            "month": "2013-09",
            "price": "21.99",
            "revenue": 162049
        },
        "2013-10": {
            "month": "2013-10",
            "price": "21.50",
            "revenue": 172695
        },
        "2013-11": {
            "month": "2013-11",
            "price": "21.47",
            "revenue": 152765
        },
        "2013-12": {
            "month": "2013-12",
            "price": "22.11",
            "revenue": 139658
        },
        "2014-01": {
            "month": "2014-01",
            "price": "21.71",
            "revenue": 156423
        },
        "2014-02": {
            "month": "2014-02",
            "price": "22.22",
            "revenue": 139235
        },
        "2014-03": {
            "month": "2014-03",
            "price": "21.78",
            "revenue": 147908
        },
        "2014-04": {
            "month": "2014-04",
            "price": "21.15",
            "revenue": 158013
        },
        "2014-05": {
            "month": "2014-05",
            "price": "19.42",
            "revenue": 181647
        },
        "2014-06": {
            "month": "2014-06",
            "price": "18.68",
            "revenue": 189870
        },
        "2014-07": {
            "month": "2014-07",
            "price": "17.85",
            "revenue": 213422
        },
        "2014-08": {
            "month": "2014-08",
            "price": "17.33",
            "revenue": 178947
        },
        "2014-09": {
            "month": "2014-09",
            "price": "15.83",
            "revenue": 194830
        },
        "2014-10": {
            "month": "2014-10",
            "price": "14.67",
            "revenue": 158806
        },
        "2014-11": {
            "month": "2014-11",
            "price": "14.81",
            "revenue": 143866
        },
        "2014-12": {
            "month": "2014-12",
            "price": "13.26",
            "revenue": 148727
        },
        "2015-01": {
            "month": "2015-01",
            "price": "13.14",
            "revenue": 156875
        },
        "2015-02": {
            "month": "2015-02",
            "price": "13.62",
            "revenue": 140347
        },
        "2015-03": {
            "month": "2015-03",
            "price": "13.87",
            "revenue": 148243
        },
        "2015-04": {
            "month": "2015-04",
            "price": "13.87",
            "revenue": 161010
        },
        "2015-05": {
            "month": "2015-05",
            "price": "13.63",
            "revenue": 175319
        },
        "2015-06": {
            "month": "2015-06",
            "price": "12.95",
            "revenue": 189332
        },
        "2015-07": {
            "month": "2015-07",
            "price": "12.52",
            "revenue": 186381
        },
        "2015-08": {
            "month": "2015-08",
            "price": "10.83",
            "revenue": 183210
        },
        "2015-09": {
            "month": "2015-09",
            "price": "10.01",
            "revenue": 164571
        },
        "2015-10": {
            "month": "2015-10",
            "price": "9.34",
            "revenue": 148923
        },
        "2015-11": {
            "month": "2015-11",
            "price": "9.93",
            "revenue": 156610
        },
        "2015-12": {
            "month": "2015-12",
            "price": "10.30",
            "revenue": 181052
        },
        "2016-01": {
            "month": "2016-01",
            "price": "9.88",
            "revenue": 151726
        },
        "2016-02": {
            "month": "2016-02",
            "price": "10.40",
            "revenue": 160715
        },
        "2016-03": {
            "month": "2016-03",
            "price": "10.40",
            "revenue": 170977
        },
        "2016-04": {
            "month": "2016-04",
            "price": "11.38",
            "revenue": 164874
        },
        "2016-05": {
            "month": "2016-05",
            "price": "11.63",
            "revenue": 170080
        },
        "2016-06": {
            "month": "2016-06",
            "price": "13.02",
            "revenue": 166955
        },
        "2016-07": {
            "month": "2016-07",
            "price": "12.36",
            "revenue": 167773
        },
        "2016-08": {
            "month": "2016-08",
            "price": "12.88",
            "revenue": 177850
        },
        "2016-09": {
            "month": "2016-09",
            "price": "12.75",
            "revenue": 177771
        },
        "2016-10": {
            "month": "2016-10",
            "price": "12.53",
            "revenue": 169416
        },
        "2016-11": {
            "month": "2016-11",
            "price": "12.08",
            "revenue": 160006
        },
        "2016-12": {
            "month": "2016-12",
            "price": "12.12",
            "revenue": 175536
        },
        "2017-01": {
            "month": "2017-01",
            "price": "12.30",
            "revenue": 161139
        },
        "2017-02": {
            "month": "2017-02",
            "price": "12.79",
            "revenue": 132997
        },
        "2017-03": {
            "month": "2017-03",
            "price": "13.20",
            "revenue": 155378
        },
        "2017-04": {
            "month": "2017-04",
            "price": "13.64",
            "revenue": 130302
        },
        "2017-05": {
            "month": "2017-05",
            "price": "14.18",
            "revenue": 153231
        },
        "2017-06": {
            "month": "2017-06",
            "price": "13.80",
            "revenue": 137772
        },
        "2017-07": {
            "month": "2017-07",
            "price": "13.59",
            "revenue": 142386
        },
        "2017-08": {
            "month": "2017-08",
            "price": "13.09",
            "revenue": 152570
        },
        "2017-09": {
            "month": "2017-09",
            "price": "12.61",
            "revenue": 142413
        },
        "2017-10": {
            "month": "2017-10",
            "price": "12.32",
            "revenue": 161889
        },
        "2017-11": {
            "month": "2017-11",
            "price": "12.02",
            "revenue": 171577
        },
        "2017-12": {
            "month": "2017-12",
            "price": "12.14",
            "revenue": 181861
        },
        "2018-01": {
            "month": "2018-01",
            "price": "12.67",
            "revenue": 138067
        },
        "2018-02": {
            "month": "2018-02",
            "price": "12.59",
            "revenue": 117808
        },
        "2018-03": {
            "month": "2018-03",
            "price": "12.79",
            "revenue": 150941
        },
        "2018-04": {
            "month": "2018-04",
            "price": "12.53",
            "revenue": 125604
        },
        "2018-05": {
            "month": "2018-05",
            "price": "12.03",
            "revenue": 142300
        },
        "2018-06": {
            "month": "2018-06",
            "price": "11.92",
            "revenue": 134561
        },
        "2018-07": {
            "month": "2018-07",
            "price": "11.69",
            "revenue": 123107
        },
        "2018-08": {
            "month": "2018-08",
            "price": "11.05",
            "revenue": 153591
        },
        "2018-09": {
            "month": "2018-09",
            "price": "10.90",
            "revenue": 135894
        },
        "2018-10": {
            "month": "2018-10",
            "price": "10.81",
            "revenue": 141124
        },
        "2018-11": {
            "month": "2018-11",
            "price": "10.11",
            "revenue": 127134
        },
        "2018-12": {
            "month": "2018-12",
            "price": "9.59",
            "revenue": 141864
        },
        "2019-01": {
            "month": "2019-01",
            "price": "9.43",
            "revenue": 160593
        },
        "2019-02": {
            "month": "2019-02",
            "price": "9.51",
            "revenue": 94853
        },
        "2019-03": {
            "month": "2019-03",
            "price": "9.51",
            "revenue": 151079
        },
        "2019-04": {
            "month": "2019-04",
            "price": "9.51",
            "revenue": 135567
        },
        "2019-05": {
            "month": "2019-05",
            "price": "9.33",
            "revenue": 149530
        },
        "2019-06": {
            "month": "2019-06",
            "price": "9.20",
            "revenue": 141365
        },
        "2019-07": {
            "month": "2019-07",
            "price": "9.19",
            "revenue": 167145
        },
        "2019-08": {
            "month": "2019-08",
            "price": "9.36",
            "revenue": 139223
        },
        "2019-09": {
            "month": "2019-09",
            "price": "9.46",
            "revenue": 161116
        },
        "2019-10": {
            "month": "2019-10",
            "price": "9.49",
            "revenue": 176461
        },
        "2019-11": {
            "month": "2019-11",
            "price": "10.34",
            "revenue": 122760
        },
        "2019-12": {
            "month": "2019-12",
            "price": "10.67",
            "revenue": 159618
        },
        "2020-01": {
            "month": "2020-01",
            "price": "10.58",
            "revenue": 132918
        },
        "2020-02": {
            "month": "2020-02",
            "price": "10.26",
            "revenue": 90518
        },
        "2020-03": {
            "month": "2020-03",
            "price": "9.40",
            "revenue": 115723
        },
        "2020-04": {
            "month": "2020-04",
            "price": "9.82",
            "revenue": 102757
        },
        "2020-05": {
            "month": "2020-05",
            "price": "11.00",
            "revenue": 97915
        },
        "2020-06": {
            "month": "2020-06",
            "price": "12.02",
            "revenue": 139233
        },
        "2020-07": {
            "month": "2020-07",
            "price": "12.89",
            "revenue": 148602
        },
        "2020-08": {
            "month": "2020-08",
            "price": "15.86",
            "revenue": 129241
        },
        "2020-09": {
            "month": "2020-09",
            "price": "17.28",
            "revenue": 122550
        },
        "2020-10": {
            "month": "2020-10",
            "price": "16.80",
            "revenue": 139174
        },
        "2020-11": {
            "month": "2020-11",
            "price": "16.79",
            "revenue": 118542
        },
        "2020-12": {
            "month": "2020-12",
            "price": "17.05",
            "revenue": 145796
        },
        "2021-01": {
            "month": "2021-01",
            "price": "16.95",
            "revenue": 134638
        },
        "2021-02": {
            "month": "2021-02",
            "price": "16.97",
            "revenue": 105140
        },
        "2021-03": {
            "month": "2021-03",
            "price": "18.40",
            "revenue": 148095
        },
        "2021-04": {
            "month": "2021-04",
            "price": "22.44",
            "revenue": 137457
        },
        "2021-05": {
            "month": "2021-05",
            "price": "22.20",
            "revenue": 143179
        },
        "2021-06": {
            "month": "2021-06",
            "price": "23.80",
            "revenue": 151894
        },
        "2021-07": {
            "month": "2021-07",
            "price": "27.39",
            "revenue": 159032
        },
        "2021-08": {
            "month": "2021-08",
            "price": "27.06",
            "revenue": 157757
        },
        "2021-09": {
            "month": "2021-09",
            "price": "26.24",
            "revenue": 206832
        },
        "2021-10": {
            "month": "2021-10",
            "price": "25.36",
            "revenue": 162701
        },
        "2021-11": {
            "month": "2021-11",
            "price": "24.98",
            "revenue": 143415
        },
        "2021-12": {
            "month": "2021-12",
            "price": "24.39",
            "revenue": 153959
        },
        "2022-01": {
            "month": "2022-01",
            "price": "24.48",
            "revenue": 215748
        },
        "2022-02": {
            "month": "2022-02",
            "price": "24.56",
            "revenue": 133195
        },
        "2022-03": {
            "month": "2022-03",
            "price": "25.79",
            "revenue": 218396
        },
        "2022-04": {
            "month": "2022-04",
            "price": "26.71",
            "revenue": 177288
        },
        "2022-05": {
            "month": "2022-05",
            "price": "27.66",
            "revenue": 171472
        },
        "2022-06": {
            "month": "2022-06",
            "price": "27.53",
            "revenue": 196069
        },
        "2022-07": {
            "month": "2022-07",
            "price": "29.53",
            "revenue": 182885
        },
        "2022-08": {
            "month": "2022-08",
            "price": "36.17",
            "revenue": 207504
        },
        "2022-09": {
            "month": "2022-09",
            "price": "39.42",
            "revenue": 182976
        },
        "2022-10": {
            "month": "2022-10",
            "price": "37.25",
            "revenue": 150675
        },
        "2022-11": {
            "month": "2022-11",
            "price": "35.10",
            "revenue": 176770
        },
        "2022-12": {
            "month": "2022-12",
            "price": "34.38",
            "revenue": 180483
        },
        "2023-01": {
            "month": "2023-01",
            "price": "34.13",
            "revenue": 170928
        },
        "2023-02": {
            "month": "2023-02",
            "price": "36.18",
            "revenue": 204490
        },
        "2023-03": {
            "month": "2023-03",
            "price": "35.90",
            "revenue": 183970
        },
        "2023-04": {
            "month": "2023-04",
            "price": "38.10",
            "revenue": 205268
        }
    }
}
