{
    "summary": {
        "stock_name": "全家",
        "stock_id": "5903",
        "category": "居家生活",
        "main_business": "連鎖便利商店之投資及經營",
        "website_url": "http://www.family.com.tw",
        "ceo": "薛東都",
        "pe_ratio": 26,
        "report_year_from": 2001,
        "report_year_to": 2023,
        "age": 23,
        "eps_negative_percentage": 0,
        "eps_growth_avg": {
            "last_all": 9.5,
            "last_2y": -4.13,
            "last_4y": 3.44,
            "last_8y": 4.54,
            "last_12y": 6.12,
            "last_16y": 7.06,
            "last_20y": 6.8,
            "at_2006_last_3y": 5.71,
            "at_2007_last_3y": -1.2,
            "at_2008_last_3y": -1.11,
            "at_2009_last_3y": 0.21,
            "at_2010_last_3y": 10.13,
            "at_2011_last_3y": 12.67,
            "at_2012_last_3y": 6.03,
            "at_2013_last_3y": 12.21,
            "at_2014_last_3y": 9.66,
            "at_2015_last_3y": 7.51,
            "at_2016_last_3y": 13.15,
            "at_2017_last_3y": 6.67,
            "at_2018_last_3y": 5.92,
            "at_2019_last_3y": 9.57,
            "at_2020_last_3y": 11.7,
            "at_2021_last_3y": 1.91,
            "at_2022_last_3y": 7.39,
            "at_2023_last_3y": 0.95,
            "at_2024_last_3y": 0.95,
            "at_2006_last_all": 17.81,
            "at_2007_last_all": 14.38,
            "at_2008_last_all": 14,
            "at_2009_last_all": 12.68,
            "at_2010_last_all": 14.4,
            "at_2011_last_all": 13.7,
            "at_2012_last_all": 11.1,
            "at_2013_last_all": 12.52,
            "at_2014_last_all": 12.94,
            "at_2015_last_all": 11.93,
            "at_2016_last_all": 11.65,
            "at_2017_last_all": 11.06,
            "at_2018_last_all": 11.29,
            "at_2019_last_all": 11.41,
            "at_2020_last_all": 11.66,
            "at_2021_last_all": 9.23,
            "at_2022_last_all": 10.55,
            "at_2023_last_all": 9.5,
            "at_2024_last_all": 9.5
        },
        "latest_eps": 7.22,
        "latest_price": 188.5,
        "latest_roe": 20.49,
        "latest_gross_margin": 36.61,
        "latest_equity": 8614476,
        "latest_revenue": 25484294,
        "latest_gross_profit": 9329215,
        "latest_net_income": 415589,
        "latest_debt_ratio": 88.58,
        "latest_current_ratio": 49.7,
        "latest_account_receivable_turnover_ratio": 14.87,
        "latest_inventory_turnover_ratio": 2.52,
        "latest_reinvestment_rate": 143.97,
        "latest_research_to_sale_ratio": null
    },
    "eps_dividends": {
        "2000": {
            "cash": 0,
            "stock": 1,
            "eps": 0
        },
        "2001": {
            "cash": 0,
            "stock": 0.8,
            "eps": 1.45
        },
        "2002": {
            "cash": 0.2,
            "stock": 1,
            "eps": 2.41
        },
        "2003": {
            "cash": 0.7,
            "stock": 0.8,
            "eps": 3.01
        },
        "2004": {
            "cash": 1.5,
            "stock": 0.6,
            "eps": 3.35
        },
        "2005": {
            "cash": 2,
            "stock": 0.5,
            "eps": 3.29
        },
        "2006": {
            "cash": 2.2,
            "stock": 0.4,
            "eps": 2.91
        },
        "2007": {
            "cash": 2.2,
            "stock": 0.2,
            "eps": 2.83
        },
        "2008": {
            "cash": 2.3,
            "stock": 0,
            "eps": 3.16
        },
        "2009": {
            "cash": 2.5,
            "stock": 0,
            "eps": 3.27
        },
        "2010": {
            "cash": 2.6,
            "stock": 0,
            "eps": 4.19
        },
        "2011": {
            "cash": 3.4,
            "stock": 0,
            "eps": 4.5
        },
        "2012": {
            "cash": 3.6,
            "stock": 0,
            "eps": 3.83
        },
        "2013": {
            "cash": 3.1,
            "stock": 0,
            "eps": 4.91
        },
        "2014": {
            "cash": 4.5,
            "stock": 0,
            "eps": 5.79
        },
        "2015": {
            "cash": 5,
            "stock": 0,
            "eps": 5.72
        },
        "2016": {
            "cash": 4.6,
            "stock": 0,
            "eps": 6.16
        },
        "2017": {
            "cash": 5.2,
            "stock": 0,
            "eps": 6.3
        },
        "2018": {
            "cash": 5.5,
            "stock": 0,
            "eps": 7.24
        },
        "2019": {
            "cash": 5.8,
            "stock": 0,
            "eps": 8.21
        },
        "2020": {
            "cash": 6.5,
            "stock": 0,
            "eps": 9.54
        },
        "2021": {
            "cash": 7.5,
            "stock": 0,
            "eps": 6.02
        },
        "2022": {
            "cash": 4.7,
            "stock": 0,
            "eps": 8.24
        },
        "2023": {
            "cash": 6.5,
            "stock": 0,
            "eps": 7.22
        },
        "2024": {
            "cash": 5.8,
            "stock": 0,
            "eps": 0
        }
    },
    "dividends": {
        "2000-04-14": {
            "cash": 0,
            "stock": 1
        },
        "2001-05-28": {
            "cash": 0,
            "stock": 0.8
        },
        "2002-06-18": {
            "cash": 0.2,
            "stock": 1
        },
        "2003-04-29": {
            "cash": 0.7,
            "stock": 0.8
        },
        "2004-03-29": {
            "cash": 1.5,
            "stock": 0.6
        },
        "2005-03-28": {
            "cash": 2,
            "stock": 0.5
        },
        "2006-03-20": {
            "cash": 2.2,
            "stock": 0.4
        },
        "2007-03-26": {
            "cash": 2.2,
            "stock": 0.2
        },
        "2008-03-24": {
            "cash": 2.3,
            "stock": 0
        },
        "2009-03-23": {
            "cash": 2.5,
            "stock": 0
        },
        "2010-03-22": {
            "cash": 2.6,
            "stock": 0
        },
        "2011-03-18": {
            "cash": 3.4,
            "stock": 0
        },
        "2012-06-21": {
            "cash": 3.6,
            "stock": 0
        },
        "2013-06-21": {
            "cash": 3.1,
            "stock": 0
        },
        "2014-09-26": {
            "cash": 4.5,
            "stock": 0
        },
        "2015-09-25": {
            "cash": 5,
            "stock": 0
        },
        "2016-03-25": {
            "cash": 4.6,
            "stock": 0
        },
        "2017-03-27": {
            "cash": 5.2,
            "stock": 0
        },
        "2018-09-07": {
            "cash": 5.5,
            "stock": 0
        },
        "2019-09-06": {
            "cash": 5.8,
            "stock": 0
        },
        "2020-09-07": {
            "cash": 6.5,
            "stock": 0
        },
        "2021-09-07": {
            "cash": 7.5,
            "stock": 0
        },
        "2022-09-08": {
            "cash": 4.7,
            "stock": 0
        },
        "2023-09-07": {
            "cash": 6.5,
            "stock": 0
        },
        "2024-03-12": {
            "cash": 5.8,
            "stock": 0
        }
    },
    "prices": {
        "200101": "無",
        "200102": "無",
        "200103": "無",
        "200104": "無",
        "200105": "無",
        "200106": "無",
        "200107": "無",
        "200108": "無",
        "200109": "無",
        "200110": "無",
        "200111": "無",
        "200112": "無",
        "200201": "無",
        "200202": "24.57",
        "200203": "24.21",
        "200204": "23.63",
        "200205": "23.59",
        "200206": "24.04",
        "200207": "24.21",
        "200208": "27.25",
        "200209": "28.36",
        "200210": "27.74",
        "200211": "31.29",
        "200212": "35.50",
        "200301": "34.86",
        "200302": "34.21",
        "200303": "33.72",
        "200304": "35.09",
        "200305": "36.19",
        "200306": "39.33",
        "200307": "37.97",
        "200308": "40.10",
        "200309": "39.28",
        "200310": "43.07",
        "200311": "49.26",
        "200312": "50.61",
        "200401": "52.32",
        "200402": "58.70",
        "200403": "55.48",
        "200404": "54.30",
        "200405": "51.58",
        "200406": "51.20",
        "200407": "51.35",
        "200408": "51.62",
        "200409": "51.53",
        "200410": "52.26",
        "200411": "54.03",
        "200412": "54.80",
        "200501": "52.87",
        "200502": "52.50",
        "200503": "51.91",
        "200504": "53.29",
        "200505": "53.52",
        "200506": "53.74",
        "200507": "54.53",
        "200508": "51.48",
        "200509": "51.03",
        "200510": "48.58",
        "200511": "49.75",
        "200512": "51.03",
        "200601": "51.82",
        "200602": "50.80",
        "200603": "49.78",
        "200604": "49.50",
        "200605": "50.64",
        "200606": "49.72",
        "200607": "50.32",
        "200608": "51.08",
        "200609": "50.77",
        "200610": "51.38",
        "200611": "51.16",
        "200612": "50.99",
        "200701": "49.24",
        "200702": "49.76",
        "200703": "49.89",
        "200704": "50.66",
        "200705": "51.91",
        "200706": "52.41",
        "200707": "54.33",
        "200708": "51.71",
        "200709": "51.13",
        "200710": "52.60",
        "200711": "52.48",
        "200712": "49.92",
        "200801": "49.69",
        "200802": "52.22",
        "200803": "54.85",
        "200804": "56.12",
        "200805": "55.63",
        "200806": "56.08",
        "200807": "51.71",
        "200808": "49.82",
        "200809": "49.02",
        "200810": "45.88",
        "200811": "45.76",
        "200812": "47.60",
        "200901": "48.62",
        "200902": "48.62",
        "200903": "49.92",
        "200904": "51.14",
        "200905": "54.24",
        "200906": "57.44",
        "200907": "54.22",
        "200908": "54.03",
        "200909": "54.98",
        "200910": "55.43",
        "200911": "62.50",
        "200912": "61.17",
        "201001": "60.22",
        "201002": "59.04",
        "201003": "62.39",
        "201004": "67.97",
        "201005": "64.01",
        "201006": "65.67",
        "201007": "68.33",
        "201008": "81.09",
        "201009": "91.10",
        "201010": "89.19",
        "201011": "88.41",
        "201012": "91.83",
        "201101": "100.34",
        "201102": "106.94",
        "201103": "110.02",
        "201104": "131.68",
        "201105": "137.83",
        "201106": "135.12",
        "201107": "150.33",
        "201108": "153.52",
        "201109": "141.43",
        "201110": "131.00",
        "201111": "132.52",
        "201112": "126.27",
        "201201": "124.20",
        "201202": "135.95",
        "201203": "151.07",
        "201204": "146.02",
        "201205": "143.05",
        "201206": "141.24",
        "201207": "142.02",
        "201208": "149.55",
        "201209": "144.38",
        "201210": "145.23",
        "201211": "140.86",
        "201212": "137.76",
        "201301": "134.05",
        "201302": "133.81",
        "201303": "137.29",
        "201304": "136.62",
        "201305": "139.55",
        "201306": "140.95",
        "201307": "155.78",
        "201308": "153.17",
        "201309": "147.45",
        "201310": "154.23",
        "201311": "171.95",
        "201312": "189.86",
        "201401": "180.17",
        "201402": "181.65",
        "201403": "200.36",
        "201404": "199.93",
        "201405": "210.88",
        "201406": "213.60",
        "201407": "210.41",
        "201408": "209.50",
        "201409": "208.31",
        "201410": "200.34",
        "201411": "192.90",
        "201412": "198.94",
        "201501": "195.88",
        "201502": "200.15",
        "201503": "221.39",
        "201504": "241.60",
        "201505": "238.55",
        "201506": "237.38",
        "201507": "214.45",
        "201508": "222.21",
        "201509": "206.35",
        "201510": "210.31",
        "201511": "209.88",
        "201512": "201.24",
        "201601": "199.60",
        "201602": "202.62",
        "201603": "214.63",
        "201604": "210.75",
        "201605": "202.24",
        "201606": "201.17",
        "201607": "209.35",
        "201608": "222.85",
        "201609": "224.34",
        "201610": "221.14",
        "201611": "219.16",
        "201612": "208.35",
        "201701": "209.00",
        "201702": "206.00",
        "201703": "203.09",
        "201704": "203.22",
        "201705": "205.30",
        "201706": "205.96",
        "201707": "203.90",
        "201708": "198.91",
        "201709": "186.07",
        "201710": "183.95",
        "201711": "180.64",
        "201712": "176.31",
        "201801": "187.02",
        "201802": "185.15",
        "201803": "176.74",
        "201804": "175.53",
        "201805": "179.39",
        "201806": "181.92",
        "201807": "189.16",
        "201808": "196.98",
        "201809": "207.34",
        "201810": "211.86",
        "201811": "206.14",
        "201812": "213.69",
        "201901": "220.02",
        "201902": "232.62",
        "201903": "223.88",
        "201904": "218.78",
        "201905": "220.45",
        "201906": "226.24",
        "201907": "224.98",
        "201908": "219.90",
        "201909": "218.24",
        "201910": "218.90",
        "201911": "219.33",
        "201912": "218.93",
        "202001": "218.60",
        "202002": "218.39",
        "202003": "208.66",
        "202004": "217.80",
        "202005": "231.02",
        "202006": "241.45",
        "202007": "254.22",
        "202008": "261.50",
        "202009": "262.91",
        "202010": "262.45",
        "202011": "264.95",
        "202012": "262.59",
        "202101": "261.42",
        "202102": "259.08",
        "202103": "262.77",
        "202104": "266.63",
        "202105": "265.69",
        "202106": "264.58",
        "202107": "264.57",
        "202108": "262.48",
        "202109": "259.82",
        "202110": "259.53",
        "202111": "256.16",
        "202112": "249.48",
        "202201": "246.72",
        "202202": "237.57",
        "202203": "208.13",
        "202204": "200.00",
        "202205": "188.17",
        "202206": "187.95",
        "202207": "191.45",
        "202208": "192.39",
        "202209": "196.69",
        "202210": "184.63",
        "202211": "186.20",
        "202212": "198.93",
        "202301": "203.35",
        "202302": "201.47",
        "202303": "216.22",
        "202304": "215.91",
        "202305": "212.32",
        "202306": "212.18",
        "202307": "213.33",
        "202308": "207.50",
        "202309": "200.53",
        "202310": "190.55",
        "202311": "185.55",
        "202312": "189.48",
        "202401": "188.80",
        "202402": "188.46",
        "202403": "188.36",
        "202404": "無"
    },
    "quarters": {
        "20011": {
            "year_quarter": 20011,
            "year": 2001,
            "quarter": 1,
            "eps": 0.02,
            "eps_growth_year": null,
            "eps_4q": null,
            "eps_4q_growth_year": null,
            "roe": 0.14,
            "roe_4q": 0.14,
            "gross_profit": 1134611,
            "gross_margin": 27.86,
            "gross_margin_4q_avg": 27.86,
            "net_income": 2323,
            "net_income_4q": null,
            "revenue": 4072417,
            "revenue_4q": null,
            "common_shares": 1430600,
            "book_valuer_per_share": 11.52,
            "book_valuer_per_share_4q_avg": 11.52,
            "equity": 1648070,
            "current_ratio": 86.27,
            "debt_ratio": 62.87,
            "inventory_turnover_ratio": 3.96,
            "account_receivable_turnover_ratio": null,
            "reinvestment_rate": null,
            "research_to_sale_ratio": null,
            "price_fair": 0,
            "eps_avg_yearly": 0,
            "eps_latest_yearly": 0,
            "eps_growth_yearly": 0
        },
        "20012": {
            "year_quarter": 20012,
            "year": 2001,
            "quarter": 2,
            "eps": 0.4,
            "eps_growth_year": null,
            "eps_4q": null,
            "eps_4q_growth_year": null,
            "roe": 3.65,
            "roe_4q": 3.79,
            "gross_profit": 1278547,
            "gross_margin": 28.66,
            "gross_margin_4q_avg": 28.26,
            "net_income": 61209,
            "net_income_4q": null,
            "revenue": 4461071,
            "revenue_4q": null,
            "common_shares": 1430600,
            "book_valuer_per_share": 11.93,
            "book_valuer_per_share_4q_avg": 11.73,
            "equity": 1706460,
            "current_ratio": 86.06,
            "debt_ratio": 65.05,
            "inventory_turnover_ratio": 4.06,
            "account_receivable_turnover_ratio": null,
            "reinvestment_rate": null,
            "research_to_sale_ratio": null,
            "price_fair": 0,
            "eps_avg_yearly": 0,
            "eps_latest_yearly": 0,
            "eps_growth_yearly": 0
        },
        "20013": {
            "year_quarter": 20013,
            "year": 2001,
            "quarter": 3,
            "eps": 0.54,
            "eps_growth_year": null,
            "eps_4q": null,
            "eps_4q_growth_year": null,
            "roe": 4.77,
            "roe_4q": 8.56,
            "gross_profit": 1424275,
            "gross_margin": 28.52,
            "gross_margin_4q_avg": 28.35,
            "net_income": 83311,
            "net_income_4q": null,
            "revenue": 4993552,
            "revenue_4q": null,
            "common_shares": 1547870,
            "book_valuer_per_share": 11.56,
            "book_valuer_per_share_4q_avg": 11.67,
            "equity": 1789771,
            "current_ratio": 87.74,
            "debt_ratio": 65.64,
            "inventory_turnover_ratio": 4.33,
            "account_receivable_turnover_ratio": null,
            "reinvestment_rate": null,
            "research_to_sale_ratio": null,
            "price_fair": 0,
            "eps_avg_yearly": 0,
            "eps_latest_yearly": 0,
            "eps_growth_yearly": 0
        },
        "20014": {
            "year_quarter": 20014,
            "year": 2001,
            "quarter": 4,
            "eps": 0.49,
            "eps_growth_year": null,
            "eps_4q": 1.45,
            "eps_4q_growth_year": null,
            "roe": 4.11,
            "roe_4q": 12.67,
            "gross_profit": 1356309,
            "gross_margin": 28.69,
            "gross_margin_4q_avg": 28.43,
            "net_income": 75143,
            "net_income_4q": null,
            "revenue": 4727213,
            "revenue_4q": null,
            "common_shares": 1547870,
            "book_valuer_per_share": 12.05,
            "book_valuer_per_share_4q_avg": 11.77,
            "equity": 1864914,
            "current_ratio": 88.88,
            "debt_ratio": 64.31,
            "inventory_turnover_ratio": 3.55,
            "account_receivable_turnover_ratio": null,
            "reinvestment_rate": null,
            "research_to_sale_ratio": null,
            "price_fair": 0,
            "eps_avg_yearly": 0,
            "eps_latest_yearly": 0,
            "eps_growth_yearly": 0
        },
        "20021": {
            "year_quarter": 20021,
            "year": 2002,
            "quarter": 1,
            "eps": 0.13,
            "eps_growth_year": 550,
            "eps_4q": 1.51,
            "eps_4q_growth_year": null,
            "roe": 1.1,
            "roe_4q": 13.63,
            "gross_profit": 1363429,
            "gross_margin": 27.64,
            "gross_margin_4q_avg": 28.38,
            "net_income": 20629,
            "net_income_4q": null,
            "revenue": 4933105,
            "revenue_4q": null,
            "common_shares": 1547870,
            "book_valuer_per_share": 12.18,
            "book_valuer_per_share_4q_avg": 11.93,
            "equity": 1885543,
            "current_ratio": 89.16,
            "debt_ratio": 64.34,
            "inventory_turnover_ratio": 3.66,
            "account_receivable_turnover_ratio": null,
            "reinvestment_rate": null,
            "research_to_sale_ratio": null,
            "price_fair": 1.56,
            "eps_avg_yearly": 0.52,
            "eps_latest_yearly": 0.52,
            "eps_growth_yearly": -293.88
        },
        "20022": {
            "year_quarter": 20022,
            "year": 2002,
            "quarter": 2,
            "eps": 0.61,
            "eps_growth_year": 52.5,
            "eps_4q": 1.66,
            "eps_4q_growth_year": null,
            "roe": 5.41,
            "roe_4q": 15.39,
            "gross_profit": 1607227,
            "gross_margin": 28.72,
            "gross_margin_4q_avg": 28.39,
            "net_income": 103921,
            "net_income_4q": null,
            "revenue": 5595431,
            "revenue_4q": null,
            "common_shares": 1547870,
            "book_valuer_per_share": 12.63,
            "book_valuer_per_share_4q_avg": 12.11,
            "equity": 1954512,
            "current_ratio": 96.69,
            "debt_ratio": 66.38,
            "inventory_turnover_ratio": 4.5,
            "account_receivable_turnover_ratio": null,
            "reinvestment_rate": null,
            "research_to_sale_ratio": null,
            "price_fair": 51.8,
            "eps_avg_yearly": 1.48,
            "eps_latest_yearly": 2.44,
            "eps_growth_yearly": 591.52
        },
        "20023": {
            "year_quarter": 20023,
            "year": 2002,
            "quarter": 3,
            "eps": 1.03,
            "eps_growth_year": 90.74,
            "eps_4q": 2.19,
            "eps_4q_growth_year": null,
            "roe": 8.64,
            "roe_4q": 19.26,
            "gross_profit": 1701076,
            "gross_margin": 28.95,
            "gross_margin_4q_avg": 28.5,
            "net_income": 176592,
            "net_income_4q": null,
            "revenue": 5875344,
            "revenue_4q": null,
            "common_shares": 1706653,
            "book_valuer_per_share": 12.49,
            "book_valuer_per_share_4q_avg": 12.34,
            "equity": 2131103,
            "current_ratio": 103.85,
            "debt_ratio": 64.51,
            "inventory_turnover_ratio": 4.68,
            "account_receivable_turnover_ratio": null,
            "reinvestment_rate": null,
            "research_to_sale_ratio": null,
            "price_fair": 82.6,
            "eps_avg_yearly": 2.36,
            "eps_latest_yearly": 4.12,
            "eps_growth_yearly": 486.15
        },
        "20024": {
            "year_quarter": 20024,
            "year": 2002,
            "quarter": 4,
            "eps": 0.64,
            "eps_growth_year": 30.61,
            "eps_4q": 2.4,
            "eps_4q_growth_year": 65.94,
            "roe": 5,
            "roe_4q": 20.150000000000002,
            "gross_profit": 1584256,
            "gross_margin": 29.15,
            "gross_margin_4q_avg": 28.62,
            "net_income": 109376,
            "net_income_4q": null,
            "revenue": 5434051,
            "revenue_4q": null,
            "common_shares": 1706653,
            "book_valuer_per_share": 13.13,
            "book_valuer_per_share_4q_avg": 12.61,
            "equity": 2240480,
            "current_ratio": 111.09,
            "debt_ratio": 62.57,
            "inventory_turnover_ratio": 4.72,
            "account_receivable_turnover_ratio": null,
            "reinvestment_rate": null,
            "research_to_sale_ratio": null,
            "price_fair": 84.35,
            "eps_avg_yearly": 2.41,
            "eps_latest_yearly": 2.56,
            "eps_growth_yearly": 326.75
        },
        "20031": {
            "year_quarter": 20031,
            "year": 2003,
            "quarter": 1,
            "eps": 0.32,
            "eps_growth_year": 146.15,
            "eps_4q": 2.57,
            "eps_4q_growth_year": 69.8,
            "roe": 2.44,
            "roe_4q": 21.49,
            "gross_profit": 1515631,
            "gross_margin": 27.92,
            "gross_margin_4q_avg": 28.69,
            "net_income": 55422,
            "net_income_4q": null,
            "revenue": 5428009,
            "revenue_4q": null,
            "common_shares": 1706653,
            "book_valuer_per_share": 13.45,
            "book_valuer_per_share_4q_avg": 12.93,
            "equity": 2295902,
            "current_ratio": 111.89,
            "debt_ratio": 60.11,
            "inventory_turnover_ratio": 5.28,
            "account_receivable_turnover_ratio": null,
            "reinvestment_rate": null,
            "research_to_sale_ratio": null,
            "price_fair": 76.44,
            "eps_avg_yearly": 2.18,
            "eps_latest_yearly": 1.28,
            "eps_growth_yearly": 221.4
        },
        "20032": {
            "year_quarter": 20032,
            "year": 2003,
            "quarter": 2,
            "eps": 0.81,
            "eps_growth_year": 32.79,
            "eps_4q": 2.66,
            "eps_4q_growth_year": 60.2,
            "roe": 6.47,
            "roe_4q": 22.55,
            "gross_profit": 1786414,
            "gross_margin": 29.58,
            "gross_margin_4q_avg": 28.9,
            "net_income": 149370,
            "net_income_4q": null,
            "revenue": 6040136,
            "revenue_4q": null,
            "common_shares": 1706653,
            "book_valuer_per_share": 13.58,
            "book_valuer_per_share_4q_avg": 13.16,
            "equity": 2318417,
            "current_ratio": 105.55,
            "debt_ratio": 64.62,
            "inventory_turnover_ratio": 5.6,
            "account_receivable_turnover_ratio": null,
            "reinvestment_rate": null,
            "research_to_sale_ratio": null,
            "price_fair": 82.6,
            "eps_avg_yearly": 2.36,
            "eps_latest_yearly": 3.24,
            "eps_growth_yearly": 286.58
        },
        "20033": {
            "year_quarter": 20033,
            "year": 2003,
            "quarter": 3,
            "eps": 1.08,
            "eps_growth_year": 4.85,
            "eps_4q": 2.78,
            "eps_4q_growth_year": 26.66,
            "roe": 8.25,
            "roe_4q": 22.16,
            "gross_profit": 2016589,
            "gross_margin": 30.13,
            "gross_margin_4q_avg": 29.2,
            "net_income": 199616,
            "net_income_4q": null,
            "revenue": 6692568,
            "revenue_4q": null,
            "common_shares": 1850575,
            "book_valuer_per_share": 13.61,
            "book_valuer_per_share_4q_avg": 13.44,
            "equity": 2517990,
            "current_ratio": 103.55,
            "debt_ratio": 64.62,
            "inventory_turnover_ratio": 5.91,
            "account_receivable_turnover_ratio": null,
            "reinvestment_rate": null,
            "research_to_sale_ratio": null,
            "price_fair": 92.4,
            "eps_avg_yearly": 2.64,
            "eps_latest_yearly": 4.32,
            "eps_growth_yearly": 264.69
        },
        "20034": {
            "year_quarter": 20034,
            "year": 2003,
            "quarter": 4,
            "eps": 0.8,
            "eps_growth_year": 25,
            "eps_4q": 2.98,
            "eps_4q_growth_year": 24.25,
            "roe": 5.71,
            "roe_4q": 22.87,
            "gross_profit": 1848572,
            "gross_margin": 29.52,
            "gross_margin_4q_avg": 29.29,
            "net_income": 148086,
            "net_income_4q": null,
            "revenue": 6261671,
            "revenue_4q": null,
            "common_shares": 1850575,
            "book_valuer_per_share": 14.41,
            "book_valuer_per_share_4q_avg": 13.76,
            "equity": 2665759,
            "current_ratio": 102.67,
            "debt_ratio": 62.41,
            "inventory_turnover_ratio": 5.34,
            "account_receivable_turnover_ratio": null,
            "reinvestment_rate": null,
            "research_to_sale_ratio": null,
            "price_fair": 94.85,
            "eps_avg_yearly": 2.71,
            "eps_latest_yearly": 3.2,
            "eps_growth_yearly": 218.64
        },
        "20041": {
            "year_quarter": 20041,
            "year": 2004,
            "quarter": 1,
            "eps": 0.41,
            "eps_growth_year": 28.12,
            "eps_4q": 3.09,
            "eps_4q_growth_year": 20.26,
            "roe": 2.81,
            "roe_4q": 23.24,
            "gross_profit": 1763845,
            "gross_margin": 28.04,
            "gross_margin_4q_avg": 29.32,
            "net_income": 75982,
            "net_income_4q": null,
            "revenue": 6290818,
            "revenue_4q": null,
            "common_shares": 1850575,
            "book_valuer_per_share": 14.82,
            "book_valuer_per_share_4q_avg": 14.11,
            "equity": 2741695,
            "current_ratio": 98.78,
            "debt_ratio": 61.7,
            "inventory_turnover_ratio": 5.19,
            "account_receivable_turnover_ratio": null,
            "reinvestment_rate": null,
            "research_to_sale_ratio": null,
            "price_fair": 90.69,
            "eps_avg_yearly": 2.59,
            "eps_latest_yearly": 1.64,
            "eps_growth_yearly": 172.68
        },
        "20042": {
            "year_quarter": 20042,
            "year": 2004,
            "quarter": 2,
            "eps": 0.8,
            "eps_growth_year": -1.23,
            "eps_4q": 2.96,
            "eps_4q_growth_year": 11.25,
            "roe": 5.86,
            "roe_4q": 22.63,
            "gross_profit": 2075352,
            "gross_margin": 30.26,
            "gross_margin_4q_avg": 29.49,
            "net_income": 156868,
            "net_income_4q": null,
            "revenue": 6858040,
            "revenue_4q": null,
            "common_shares": 1850575,
            "book_valuer_per_share": 14.11,
            "book_valuer_per_share_4q_avg": 14.24,
            "equity": 2611998,
            "current_ratio": 92.32,
            "debt_ratio": 66.59,
            "inventory_turnover_ratio": 5.23,
            "account_receivable_turnover_ratio": null,
            "reinvestment_rate": null,
            "research_to_sale_ratio": null,
            "price_fair": 92.82,
            "eps_avg_yearly": 2.65,
            "eps_latest_yearly": 3.2,
            "eps_growth_yearly": 193.46
        },
        "20043": {
            "year_quarter": 20043,
            "year": 2004,
            "quarter": 3,
            "eps": 1.23,
            "eps_growth_year": 13.89,
            "eps_4q": 3.16,
            "eps_4q_growth_year": 13.7,
            "roe": 8.88,
            "roe_4q": 23.26,
            "gross_profit": 2237530,
            "gross_margin": 30.12,
            "gross_margin_4q_avg": 29.49,
            "net_income": 242691,
            "net_income_4q": null,
            "revenue": 7429316,
            "revenue_4q": null,
            "common_shares": 1971550,
            "book_valuer_per_share": 14.48,
            "book_valuer_per_share_4q_avg": 14.46,
            "equity": 2855003,
            "current_ratio": 97.98,
            "debt_ratio": 63.57,
            "inventory_turnover_ratio": 5.45,
            "account_receivable_turnover_ratio": null,
            "reinvestment_rate": null,
            "research_to_sale_ratio": null,
            "price_fair": 100.04,
            "eps_avg_yearly": 2.86,
            "eps_latest_yearly": 4.92,
            "eps_growth_yearly": 195.42
        },
        "20044": {
            "year_quarter": 20044,
            "year": 2004,
            "quarter": 4,
            "eps": 0.91,
            "eps_growth_year": 13.75,
            "eps_4q": 3.33,
            "eps_4q_growth_year": 11.58,
            "roe": 6.07,
            "roe_4q": 23.62,
            "gross_profit": 2018532,
            "gross_margin": 29.72,
            "gross_margin_4q_avg": 29.54,
            "net_income": 178783,
            "net_income_4q": null,
            "revenue": 6790933,
            "revenue_4q": null,
            "common_shares": 1971550,
            "book_valuer_per_share": 15.38,
            "book_valuer_per_share_4q_avg": 14.7,
            "equity": 3032386,
            "current_ratio": 100.65,
            "debt_ratio": 61.55,
            "inventory_turnover_ratio": 4.91,
            "account_receivable_turnover_ratio": null,
            "reinvestment_rate": 37.54,
            "research_to_sale_ratio": null,
            "price_fair": 102.32,
            "eps_avg_yearly": 2.92,
            "eps_latest_yearly": 3.64,
            "eps_growth_yearly": 170.46
        },
        "20051": {
            "year_quarter": 20051,
            "year": 2005,
            "quarter": 1,
            "eps": 0.28,
            "eps_growth_year": -31.71,
            "eps_4q": 3.21,
            "eps_4q_growth_year": 3.86,
            "roe": 1.8,
            "roe_4q": 22.61,
            "gross_profit": 1879357,
            "gross_margin": 28.38,
            "gross_margin_4q_avg": 29.62,
            "net_income": 55241,
            "net_income_4q": null,
            "revenue": 6622617,
            "revenue_4q": null,
            "common_shares": 1971550,
            "book_valuer_per_share": 15.66,
            "book_valuer_per_share_4q_avg": 14.91,
            "equity": 3088333,
            "current_ratio": 100.07,
            "debt_ratio": 60.93,
            "inventory_turnover_ratio": 4.59,
            "account_receivable_turnover_ratio": null,
            "reinvestment_rate": 36.42,
            "research_to_sale_ratio": null,
            "price_fair": 97.46,
            "eps_avg_yearly": 2.78,
            "eps_latest_yearly": 1.12,
            "eps_growth_yearly": 136.05
        },
        "20052": {
            "year_quarter": 20052,
            "year": 2005,
            "quarter": 2,
            "eps": 0.78,
            "eps_growth_year": -2.5,
            "eps_4q": 3.06,
            "eps_4q_growth_year": 3.22,
            "roe": 5.51,
            "roe_4q": 22.259999999999998,
            "gross_profit": 2118046,
            "gross_margin": 29.95,
            "gross_margin_4q_avg": 29.54,
            "net_income": 163380,
            "net_income_4q": null,
            "revenue": 7071917,
            "revenue_4q": null,
            "common_shares": 1971550,
            "book_valuer_per_share": 14.43,
            "book_valuer_per_share_4q_avg": 14.99,
            "equity": 2845003,
            "current_ratio": 96.76,
            "debt_ratio": 65.31,
            "inventory_turnover_ratio": 4.69,
            "account_receivable_turnover_ratio": null,
            "reinvestment_rate": 32.09,
            "research_to_sale_ratio": null,
            "price_fair": 98.3,
            "eps_avg_yearly": 2.81,
            "eps_latest_yearly": 3.12,
            "eps_growth_yearly": 177.35
        },
        "20053": {
            "year_quarter": 20053,
            "year": 2005,
            "quarter": 3,
            "eps": 1.19,
            "eps_growth_year": -3.25,
            "eps_4q": 3.11,
            "eps_4q_growth_year": -1.71,
            "roe": 8.31,
            "roe_4q": 21.69,
            "gross_profit": 2382771,
            "gross_margin": 29.87,
            "gross_margin_4q_avg": 29.48,
            "net_income": 246738,
            "net_income_4q": null,
            "revenue": 7976763,
            "revenue_4q": null,
            "common_shares": 2081900,
            "book_valuer_per_share": 14.86,
            "book_valuer_per_share_4q_avg": 15.08,
            "equity": 3094556,
            "current_ratio": 103.43,
            "debt_ratio": 63.5,
            "inventory_turnover_ratio": 5.49,
            "account_receivable_turnover_ratio": null,
            "reinvestment_rate": 24.66,
            "research_to_sale_ratio": null,
            "price_fair": 102.85,
            "eps_avg_yearly": 2.94,
            "eps_latest_yearly": 4.76,
            "eps_growth_yearly": 179.54
        },
        "20054": {
            "year_quarter": 20054,
            "year": 2005,
            "quarter": 4,
            "eps": 1.04,
            "eps_growth_year": 14.29,
            "eps_4q": 3.27,
            "eps_4q_growth_year": -1.94,
            "roe": 6.8,
            "roe_4q": 22.419999999999998,
            "gross_profit": 2310097,
            "gross_margin": 28.83,
            "gross_margin_4q_avg": 29.26,
            "net_income": 217441,
            "net_income_4q": null,
            "revenue": 8012687,
            "revenue_4q": null,
            "common_shares": 2081900,
            "book_valuer_per_share": 15.84,
            "book_valuer_per_share_4q_avg": 15.2,
            "equity": 3301570,
            "current_ratio": 106.9,
            "debt_ratio": 65.5,
            "inventory_turnover_ratio": 5.13,
            "account_receivable_turnover_ratio": null,
            "reinvestment_rate": 25.12,
            "research_to_sale_ratio": null,
            "price_fair": 105.53,
            "eps_avg_yearly": 3.02,
            "eps_latest_yearly": 4.16,
            "eps_growth_yearly": 165.17
        },
        "20061": {
            "year_quarter": 20061,
            "year": 2006,
            "quarter": 1,
            "eps": 0.31,
            "eps_growth_year": 10.71,
            "eps_4q": 3.3,
            "eps_4q_growth_year": 2.89,
            "roe": 1.95,
            "roe_4q": 22.57,
            "gross_profit": 2072993,
            "gross_margin": 28.21,
            "gross_margin_4q_avg": 29.22,
            "net_income": 64969,
            "net_income_4q": null,
            "revenue": 7347254,
            "revenue_4q": null,
            "common_shares": 2081900,
            "book_valuer_per_share": 16.15,
            "book_valuer_per_share_4q_avg": 15.32,
            "equity": 3362564,
            "current_ratio": 108.82,
            "debt_ratio": 60.41,
            "inventory_turnover_ratio": 4.75,
            "account_receivable_turnover_ratio": null,
            "reinvestment_rate": 20.43,
            "research_to_sale_ratio": null,
            "price_fair": 107.1,
            "eps_avg_yearly": 3.06,
            "eps_latest_yearly": 1.24,
            "eps_growth_yearly": 165.99
        },
        "20062": {
            "year_quarter": 20062,
            "year": 2006,
            "quarter": 2,
            "eps": 0.93,
            "eps_growth_year": 19.23,
            "eps_4q": 3.36,
            "eps_4q_growth_year": 9.92,
            "roe": 6.28,
            "roe_4q": 23.340000000000003,
            "gross_profit": 2372304,
            "gross_margin": 29.76,
            "gross_margin_4q_avg": 29.17,
            "net_income": 202594,
            "net_income_4q": null,
            "revenue": 7970774,
            "revenue_4q": null,
            "common_shares": 2081900,
            "book_valuer_per_share": 14.83,
            "book_valuer_per_share_4q_avg": 15.42,
            "equity": 3087843,
            "current_ratio": 101.14,
            "debt_ratio": 67.39,
            "inventory_turnover_ratio": 5.3,
            "account_receivable_turnover_ratio": null,
            "reinvestment_rate": 21.7,
            "research_to_sale_ratio": null,
            "price_fair": 109.9,
            "eps_avg_yearly": 3.14,
            "eps_latest_yearly": 3.72,
            "eps_growth_yearly": 123.68
        },
        "20063": {
            "year_quarter": 20063,
            "year": 2006,
            "quarter": 3,
            "eps": 0.95,
            "eps_growth_year": -20.17,
            "eps_4q": 3.19,
            "eps_4q_growth_year": 2.58,
            "roe": 6.46,
            "roe_4q": 21.49,
            "gross_profit": 2436968,
            "gross_margin": 30.56,
            "gross_margin_4q_avg": 29.34,
            "net_income": 205996,
            "net_income_4q": null,
            "revenue": 7975233,
            "revenue_4q": null,
            "common_shares": 2177400,
            "book_valuer_per_share": 15.12,
            "book_valuer_per_share_4q_avg": 15.49,
            "equity": 3292877,
            "current_ratio": 105.51,
            "debt_ratio": 64.59,
            "inventory_turnover_ratio": 4.97,
            "account_receivable_turnover_ratio": null,
            "reinvestment_rate": 23.84,
            "research_to_sale_ratio": null,
            "price_fair": 109.2,
            "eps_avg_yearly": 3.12,
            "eps_latest_yearly": 3.8,
            "eps_growth_yearly": 107.01
        },
        "20064": {
            "year_quarter": 20064,
            "year": 2006,
            "quarter": 4,
            "eps": 0.72,
            "eps_growth_year": -30.77,
            "eps_4q": 2.91,
            "eps_4q_growth_year": -10.92,
            "roe": 4.62,
            "roe_4q": 19.31,
            "gross_profit": 2343652,
            "gross_margin": 31.28,
            "gross_margin_4q_avg": 29.95,
            "net_income": 155743,
            "net_income_4q": null,
            "revenue": 7493163,
            "revenue_4q": null,
            "common_shares": 2177400,
            "book_valuer_per_share": 15.82,
            "book_valuer_per_share_4q_avg": 15.48,
            "equity": 3450113,
            "current_ratio": 106.64,
            "debt_ratio": 64.53,
            "inventory_turnover_ratio": 3.88,
            "account_receivable_turnover_ratio": null,
            "reinvestment_rate": 35.86,
            "research_to_sale_ratio": null,
            "price_fair": 109.9,
            "eps_avg_yearly": 3.14,
            "eps_latest_yearly": 2.88,
            "eps_growth_yearly": 110.42
        },
        "20071": {
            "year_quarter": 20071,
            "year": 2007,
            "quarter": 1,
            "eps": 0.17,
            "eps_growth_year": -45.16,
            "eps_4q": 2.76,
            "eps_4q_growth_year": -16.4,
            "roe": 1.07,
            "roe_4q": 18.43,
            "gross_profit": 2171868,
            "gross_margin": 29.06,
            "gross_margin_4q_avg": 30.17,
            "net_income": 37006,
            "net_income_4q": null,
            "revenue": 7474201,
            "revenue_4q": null,
            "common_shares": 2177400,
            "book_valuer_per_share": 16,
            "book_valuer_per_share_4q_avg": 15.44,
            "equity": 3483512,
            "current_ratio": 109.09,
            "debt_ratio": 62.1,
            "inventory_turnover_ratio": 3.9,
            "account_receivable_turnover_ratio": null,
            "reinvestment_rate": 31.68,
            "research_to_sale_ratio": null,
            "price_fair": 108.59,
            "eps_avg_yearly": 3.1,
            "eps_latest_yearly": 0.68,
            "eps_growth_yearly": 103.82
        },
        "20072": {
            "year_quarter": 20072,
            "year": 2007,
            "quarter": 2,
            "eps": 0.58,
            "eps_growth_year": -37.63,
            "eps_4q": 2.35,
            "eps_4q_growth_year": -29.95,
            "roe": 3.95,
            "roe_4q": 16.1,
            "gross_profit": 2443102,
            "gross_margin": 30.63,
            "gross_margin_4q_avg": 30.38,
            "net_income": 130453,
            "net_income_4q": null,
            "revenue": 7976388,
            "revenue_4q": null,
            "common_shares": 2177400,
            "book_valuer_per_share": 14.34,
            "book_valuer_per_share_4q_avg": 15.32,
            "equity": 3122235,
            "current_ratio": 99.53,
            "debt_ratio": 68.58,
            "inventory_turnover_ratio": 4.71,
            "account_receivable_turnover_ratio": null,
            "reinvestment_rate": 27.42,
            "research_to_sale_ratio": null,
            "price_fair": 106.58,
            "eps_avg_yearly": 3.05,
            "eps_latest_yearly": 2.32,
            "eps_growth_yearly": 125.84
        },
        "20073": {
            "year_quarter": 20073,
            "year": 2007,
            "quarter": 3,
            "eps": 1.21,
            "eps_growth_year": 27.37,
            "eps_4q": 2.65,
            "eps_4q_growth_year": -16.7,
            "roe": 8.31,
            "roe_4q": 17.950000000000003,
            "gross_profit": 2820247,
            "gross_margin": 29.84,
            "gross_margin_4q_avg": 30.2,
            "net_income": 270699,
            "net_income_4q": null,
            "revenue": 9451799,
            "revenue_4q": null,
            "common_shares": 2232200,
            "book_valuer_per_share": 15.22,
            "book_valuer_per_share_4q_avg": 15.35,
            "equity": 3396665,
            "current_ratio": 100.42,
            "debt_ratio": 68.08,
            "inventory_turnover_ratio": 5.63,
            "account_receivable_turnover_ratio": null,
            "reinvestment_rate": 3.74,
            "research_to_sale_ratio": null,
            "price_fair": 107.71,
            "eps_avg_yearly": 3.08,
            "eps_latest_yearly": 4.84,
            "eps_growth_yearly": 144.66
        },
        "20074": {
            "year_quarter": 20074,
            "year": 2007,
            "quarter": 4,
            "eps": 0.87,
            "eps_growth_year": 20.83,
            "eps_4q": 2.83,
            "eps_4q_growth_year": -2.6,
            "roe": 5.44,
            "roe_4q": 18.77,
            "gross_profit": 2595869,
            "gross_margin": 30.52,
            "gross_margin_4q_avg": 30.01,
            "net_income": 194134,
            "net_income_4q": null,
            "revenue": 8506734,
            "revenue_4q": null,
            "common_shares": 2232200,
            "book_valuer_per_share": 16.07,
            "book_valuer_per_share_4q_avg": 15.41,
            "equity": 3744607,
            "current_ratio": 98.36,
            "debt_ratio": 66.87,
            "inventory_turnover_ratio": 3.73,
            "account_receivable_turnover_ratio": null,
            "reinvestment_rate": 29.63,
            "research_to_sale_ratio": null,
            "price_fair": 108.33,
            "eps_avg_yearly": 3.1,
            "eps_latest_yearly": 3.48,
            "eps_growth_yearly": 144.12
        },
        "20081": {
            "year_quarter": 20081,
            "year": 2008,
            "quarter": 1,
            "eps": 0.19,
            "eps_growth_year": 11.76,
            "eps_4q": 2.48,
            "eps_4q_growth_year": -10.16,
            "roe": 1.3,
            "roe_4q": 19,
            "gross_profit": 2901163,
            "gross_margin": 32.16,
            "gross_margin_4q_avg": 30.79,
            "net_income": 48816,
            "net_income_4q": null,
            "revenue": 9020534,
            "revenue_4q": null,
            "common_shares": 2232200,
            "book_valuer_per_share": 16.26,
            "book_valuer_per_share_4q_avg": 15.47,
            "equity": 3793013,
            "current_ratio": 100.05,
            "debt_ratio": 66.81,
            "inventory_turnover_ratio": 3.16,
            "account_receivable_turnover_ratio": null,
            "reinvestment_rate": 21.16,
            "research_to_sale_ratio": null,
            "price_fair": 106.4,
            "eps_avg_yearly": 3.04,
            "eps_latest_yearly": 0.76,
            "eps_growth_yearly": 136.76
        },
        "20082": {
            "year_quarter": 20082,
            "year": 2008,
            "quarter": 2,
            "eps": 1.05,
            "eps_growth_year": 81.03,
            "eps_4q": 3.2,
            "eps_4q_growth_year": 36.07,
            "roe": 6.71,
            "roe_4q": 21.759999999999998,
            "gross_profit": 3147863,
            "gross_margin": 32.59,
            "gross_margin_4q_avg": 31.28,
            "net_income": 243536,
            "net_income_4q": null,
            "revenue": 9657828,
            "revenue_4q": null,
            "common_shares": 2232200,
            "book_valuer_per_share": 14.84,
            "book_valuer_per_share_4q_avg": 15.6,
            "equity": 3469197,
            "current_ratio": 95.66,
            "debt_ratio": 72.17,
            "inventory_turnover_ratio": 3.45,
            "account_receivable_turnover_ratio": null,
            "reinvestment_rate": 24.61,
            "research_to_sale_ratio": null,
            "price_fair": 108.59,
            "eps_avg_yearly": 3.1,
            "eps_latest_yearly": 4.2,
            "eps_growth_yearly": 226.14
        },
        "20083": {
            "year_quarter": 20083,
            "year": 2008,
            "quarter": 3,
            "eps": 1.24,
            "eps_growth_year": 2.48,
            "eps_4q": 3.22,
            "eps_4q_growth_year": 21.4,
            "roe": 7.97,
            "roe_4q": 21.42,
            "gross_profit": 3491433,
            "gross_margin": 33.85,
            "gross_margin_4q_avg": 32.28,
            "net_income": 288043,
            "net_income_4q": null,
            "revenue": 10314538,
            "revenue_4q": null,
            "common_shares": 2232200,
            "book_valuer_per_share": 16.11,
            "book_valuer_per_share_4q_avg": 15.82,
            "equity": 3762424,
            "current_ratio": 99.99,
            "debt_ratio": 69.02,
            "inventory_turnover_ratio": 3.7,
            "account_receivable_turnover_ratio": null,
            "reinvestment_rate": 19.35,
            "research_to_sale_ratio": null,
            "price_fair": 108.68,
            "eps_avg_yearly": 3.11,
            "eps_latest_yearly": 4.96,
            "eps_growth_yearly": 217.23
        },
        "20084": {
            "year_quarter": 20084,
            "year": 2008,
            "quarter": 4,
            "eps": 0.68,
            "eps_growth_year": -21.84,
            "eps_4q": 2.98,
            "eps_4q_growth_year": 5.27,
            "roe": 4.2,
            "roe_4q": 20.18,
            "gross_profit": 3106083,
            "gross_margin": 33.33,
            "gross_margin_4q_avg": 32.98,
            "net_income": 160843,
            "net_income_4q": null,
            "revenue": 9319549,
            "revenue_4q": null,
            "common_shares": 2232200,
            "book_valuer_per_share": 16.69,
            "book_valuer_per_share_4q_avg": 15.98,
            "equity": 3901804,
            "current_ratio": 102.17,
            "debt_ratio": 70,
            "inventory_turnover_ratio": 2.99,
            "account_receivable_turnover_ratio": 28.38,
            "reinvestment_rate": 13.6,
            "research_to_sale_ratio": null,
            "price_fair": 106.66,
            "eps_avg_yearly": 3.05,
            "eps_latest_yearly": 2.72,
            "eps_growth_yearly": 212.44
        },
        "20091": {
            "year_quarter": 20091,
            "year": 2009,
            "quarter": 1,
            "eps": 0.32,
            "eps_growth_year": 68.42,
            "eps_4q": 3.04,
            "eps_4q_growth_year": 22.39,
            "roe": 1.96,
            "roe_4q": 20.84,
            "gross_profit": 2961847,
            "gross_margin": 31.87,
            "gross_margin_4q_avg": 32.91,
            "net_income": 77457,
            "net_income_4q": null,
            "revenue": 9293180,
            "revenue_4q": null,
            "common_shares": 2232200,
            "book_valuer_per_share": 17.02,
            "book_valuer_per_share_4q_avg": 16.17,
            "equity": 3981795,
            "current_ratio": 104.46,
            "debt_ratio": 66.58,
            "inventory_turnover_ratio": 2.79,
            "account_receivable_turnover_ratio": 17.39,
            "reinvestment_rate": 13.6,
            "research_to_sale_ratio": null,
            "price_fair": 107.01,
            "eps_avg_yearly": 3.06,
            "eps_latest_yearly": 1.28,
            "eps_growth_yearly": 216.51
        },
        "20092": {
            "year_quarter": 20092,
            "year": 2009,
            "quarter": 2,
            "eps": 0.95,
            "eps_growth_year": -9.52,
            "eps_4q": 3.05,
            "eps_4q_growth_year": -4.65,
            "roe": 5.82,
            "roe_4q": 19.95,
            "gross_profit": 3262189,
            "gross_margin": 34.42,
            "gross_margin_4q_avg": 33.37,
            "net_income": 221223,
            "net_income_4q": null,
            "revenue": 9478540,
            "revenue_4q": null,
            "common_shares": 2232200,
            "book_valuer_per_share": 15.46,
            "book_valuer_per_share_4q_avg": 16.32,
            "equity": 3622424,
            "current_ratio": 88.45,
            "debt_ratio": 72.29,
            "inventory_turnover_ratio": 2.79,
            "account_receivable_turnover_ratio": 19.8,
            "reinvestment_rate": 53.52,
            "research_to_sale_ratio": null,
            "price_fair": 108.5,
            "eps_avg_yearly": 3.1,
            "eps_latest_yearly": 3.8,
            "eps_growth_yearly": 221.09
        },
        "20093": {
            "year_quarter": 20093,
            "year": 2009,
            "quarter": 3,
            "eps": 1.35,
            "eps_growth_year": 8.87,
            "eps_4q": 3.08,
            "eps_4q_growth_year": -4.58,
            "roe": 8.53,
            "roe_4q": 20.509999999999998,
            "gross_profit": 3703187,
            "gross_margin": 34.08,
            "gross_margin_4q_avg": 33.43,
            "net_income": 322543,
            "net_income_4q": null,
            "revenue": 10866315,
            "revenue_4q": null,
            "common_shares": 2232200,
            "book_valuer_per_share": 16.79,
            "book_valuer_per_share_4q_avg": 16.49,
            "equity": 3941524,
            "current_ratio": 92.45,
            "debt_ratio": 71.6,
            "inventory_turnover_ratio": 3.16,
            "account_receivable_turnover_ratio": 16.82,
            "reinvestment_rate": 54.66,
            "research_to_sale_ratio": null,
            "price_fair": 109.9,
            "eps_avg_yearly": 3.14,
            "eps_latest_yearly": 5.4,
            "eps_growth_yearly": 218.47
        },
        "20094": {
            "year_quarter": 20094,
            "year": 2009,
            "quarter": 4,
            "eps": 0.65,
            "eps_growth_year": -4.41,
            "eps_4q": 3.26,
            "eps_4q_growth_year": 9.4,
            "roe": 3.72,
            "roe_4q": 20.03,
            "gross_profit": 3321851,
            "gross_margin": 33.36,
            "gross_margin_4q_avg": 33.43,
            "net_income": 149013,
            "net_income_4q": null,
            "revenue": 9958398,
            "revenue_4q": null,
            "common_shares": 2232200,
            "book_valuer_per_share": 17.36,
            "book_valuer_per_share_4q_avg": 16.66,
            "equity": 4073456,
            "current_ratio": 93.82,
            "debt_ratio": 71.38,
            "inventory_turnover_ratio": 2.89,
            "account_receivable_turnover_ratio": 19.89,
            "reinvestment_rate": 60.94,
            "research_to_sale_ratio": null,
            "price_fair": 106.49,
            "eps_avg_yearly": 3.04,
            "eps_latest_yearly": 2.6,
            "eps_growth_yearly": 208.66
        },
        "20101": {
            "year_quarter": 20101,
            "year": 2010,
            "quarter": 1,
            "eps": 0.68,
            "eps_growth_year": 112.5,
            "eps_4q": 3.62,
            "eps_4q_growth_year": 19.23,
            "roe": 3.9,
            "roe_4q": 21.97,
            "gross_profit": 3252458,
            "gross_margin": 32.93,
            "gross_margin_4q_avg": 33.7,
            "net_income": 162459,
            "net_income_4q": null,
            "revenue": 9878118,
            "revenue_4q": null,
            "common_shares": 2232200,
            "book_valuer_per_share": 18.04,
            "book_valuer_per_share_4q_avg": 16.91,
            "equity": 4262520,
            "current_ratio": 96.03,
            "debt_ratio": 69.43,
            "inventory_turnover_ratio": 3.06,
            "account_receivable_turnover_ratio": 11.28,
            "reinvestment_rate": 60.94,
            "research_to_sale_ratio": null,
            "price_fair": 109.73,
            "eps_avg_yearly": 3.14,
            "eps_latest_yearly": 2.72,
            "eps_growth_yearly": 227.36
        },
        "20102": {
            "year_quarter": 20102,
            "year": 2010,
            "quarter": 2,
            "eps": 1.12,
            "eps_growth_year": 18.29,
            "eps_4q": 3.8,
            "eps_4q_growth_year": 24.48,
            "roe": 6.45,
            "roe_4q": 22.6,
            "gross_profit": 3603761,
            "gross_margin": 33.85,
            "gross_margin_4q_avg": 33.56,
            "net_income": 263721,
            "net_income_4q": null,
            "revenue": 10646537,
            "revenue_4q": null,
            "common_shares": 2232200,
            "book_valuer_per_share": 16.57,
            "book_valuer_per_share_4q_avg": 17.19,
            "equity": 3919942,
            "current_ratio": 91.34,
            "debt_ratio": 73.79,
            "inventory_turnover_ratio": 3.47,
            "account_receivable_turnover_ratio": 13.83,
            "reinvestment_rate": 67.99,
            "research_to_sale_ratio": null,
            "price_fair": 111.39,
            "eps_avg_yearly": 3.18,
            "eps_latest_yearly": 4.48,
            "eps_growth_yearly": 193.54
        },
        "20103": {
            "year_quarter": 20103,
            "year": 2010,
            "quarter": 3,
            "eps": 1.66,
            "eps_growth_year": 22.8,
            "eps_4q": 4.11,
            "eps_4q_growth_year": 33.7,
            "roe": 9.34,
            "roe_4q": 23.409999999999997,
            "gross_profit": 3999334,
            "gross_margin": 33.71,
            "gross_margin_4q_avg": 33.46,
            "net_income": 384022,
            "net_income_4q": null,
            "revenue": 11864303,
            "revenue_4q": null,
            "common_shares": 2232200,
            "book_valuer_per_share": 18.21,
            "book_valuer_per_share_4q_avg": 17.55,
            "equity": 4300043,
            "current_ratio": 94.55,
            "debt_ratio": 72.15,
            "inventory_turnover_ratio": 3.74,
            "account_receivable_turnover_ratio": 14.67,
            "reinvestment_rate": 67.27,
            "research_to_sale_ratio": null,
            "price_fair": 117.6,
            "eps_avg_yearly": 3.36,
            "eps_latest_yearly": 6.64,
            "eps_growth_yearly": 205.06
        },
        "20104": {
            "year_quarter": 20104,
            "year": 2010,
            "quarter": 4,
            "eps": 0.73,
            "eps_growth_year": 12.02,
            "eps_4q": 4.19,
            "eps_4q_growth_year": 28.44,
            "roe": 4.07,
            "roe_4q": 23.759999999999998,
            "gross_profit": 3674503,
            "gross_margin": 33.57,
            "gross_margin_4q_avg": 33.52,
            "net_income": 178022,
            "net_income_4q": null,
            "revenue": 10944594,
            "revenue_4q": null,
            "common_shares": 2232200,
            "book_valuer_per_share": 18.8,
            "book_valuer_per_share_4q_avg": 17.91,
            "equity": 4446953,
            "current_ratio": 94.38,
            "debt_ratio": 71.2,
            "inventory_turnover_ratio": 2.93,
            "account_receivable_turnover_ratio": 12.87,
            "reinvestment_rate": 65.59,
            "research_to_sale_ratio": null,
            "price_fair": 117.69,
            "eps_avg_yearly": 3.36,
            "eps_latest_yearly": 2.92,
            "eps_growth_yearly": 197.1
        },
        "20111": {
            "year_quarter": 20111,
            "year": 2011,
            "quarter": 1,
            "eps": 0.7,
            "eps_growth_year": 2.94,
            "eps_4q": 4.21,
            "eps_4q_growth_year": 16.36,
            "roe": 3.64,
            "roe_4q": 23.5,
            "gross_profit": 3551629,
            "gross_margin": 34.11,
            "gross_margin_4q_avg": 33.81,
            "net_income": 165079,
            "net_income_4q": null,
            "revenue": 10412199,
            "revenue_4q": null,
            "common_shares": 2232200,
            "book_valuer_per_share": 19.53,
            "book_valuer_per_share_4q_avg": 18.28,
            "equity": 4618720,
            "current_ratio": 93.1,
            "debt_ratio": 68.83,
            "inventory_turnover_ratio": 2.62,
            "account_receivable_turnover_ratio": 12.61,
            "reinvestment_rate": 72.59,
            "research_to_sale_ratio": null,
            "price_fair": 122.33,
            "eps_avg_yearly": 3.5,
            "eps_latest_yearly": 2.8,
            "eps_growth_yearly": 215.17
        },
        "20112": {
            "year_quarter": 20112,
            "year": 2011,
            "quarter": 2,
            "eps": 1.35,
            "eps_growth_year": 20.23,
            "eps_4q": 4.44,
            "eps_4q_growth_year": 16.88,
            "roe": 7.22,
            "roe_4q": 24.27,
            "gross_profit": 4101413,
            "gross_margin": 34.96,
            "gross_margin_4q_avg": 34.09,
            "net_income": 316248,
            "net_income_4q": null,
            "revenue": 11730118,
            "revenue_4q": null,
            "common_shares": 2232200,
            "book_valuer_per_share": 17.46,
            "book_valuer_per_share_4q_avg": 18.5,
            "equity": 4141230,
            "current_ratio": 87.31,
            "debt_ratio": 74.21,
            "inventory_turnover_ratio": 3.21,
            "account_receivable_turnover_ratio": 14.28,
            "reinvestment_rate": 79.04,
            "research_to_sale_ratio": null,
            "price_fair": 129.06,
            "eps_avg_yearly": 3.69,
            "eps_latest_yearly": 5.4,
            "eps_growth_yearly": 178.09
        },
        "20113": {
            "year_quarter": 20113,
            "year": 2011,
            "quarter": 3,
            "eps": 1.77,
            "eps_growth_year": 6.76,
            "eps_4q": 4.55,
            "eps_4q_growth_year": 10.76,
            "roe": 9.52,
            "roe_4q": 24.45,
            "gross_profit": 4459755,
            "gross_margin": 34.34,
            "gross_margin_4q_avg": 34.25,
            "net_income": 414072,
            "net_income_4q": null,
            "revenue": 12988266,
            "revenue_4q": null,
            "common_shares": 2232200,
            "book_valuer_per_share": 19.25,
            "book_valuer_per_share_4q_avg": 18.76,
            "equity": 4561166,
            "current_ratio": 89.38,
            "debt_ratio": 72.94,
            "inventory_turnover_ratio": 3.56,
            "account_receivable_turnover_ratio": 13.51,
            "reinvestment_rate": 93.41,
            "research_to_sale_ratio": null,
            "price_fair": 133.96,
            "eps_avg_yearly": 3.83,
            "eps_latest_yearly": 7.08,
            "eps_growth_yearly": 158.72
        },
        "20114": {
            "year_quarter": 20114,
            "year": 2011,
            "quarter": 4,
            "eps": 0.68,
            "eps_growth_year": -7.24,
            "eps_4q": 4.5,
            "eps_4q_growth_year": 7.39,
            "roe": 3.49,
            "roe_4q": 23.87,
            "gross_profit": 4038474,
            "gross_margin": 31.66,
            "gross_margin_4q_avg": 33.77,
            "net_income": 160848,
            "net_income_4q": null,
            "revenue": 12756211,
            "revenue_4q": null,
            "common_shares": 2232200,
            "book_valuer_per_share": 19.65,
            "book_valuer_per_share_4q_avg": 18.97,
            "equity": 4657065,
            "current_ratio": 87.28,
            "debt_ratio": 72.15,
            "inventory_turnover_ratio": 3.39,
            "account_receivable_turnover_ratio": 12.24,
            "reinvestment_rate": 77.38,
            "research_to_sale_ratio": null,
            "price_fair": 132.3,
            "eps_avg_yearly": 3.78,
            "eps_latest_yearly": 2.72,
            "eps_growth_yearly": 150.35
        },
        "20121": {
            "year_quarter": 20121,
            "year": 2012,
            "quarter": 1,
            "eps": 0.31,
            "eps_growth_year": -55.71,
            "eps_4q": 4.1,
            "eps_4q_growth_year": -2.64,
            "roe": 1.57,
            "roe_4q": 21.8,
            "gross_profit": 3963261,
            "gross_margin": 31.01,
            "gross_margin_4q_avg": 32.99,
            "net_income": 73684,
            "net_income_4q": null,
            "revenue": 12778776,
            "revenue_4q": null,
            "common_shares": 2232200,
            "book_valuer_per_share": 19.96,
            "book_valuer_per_share_4q_avg": 19.08,
            "equity": 4731284,
            "current_ratio": 82.85,
            "debt_ratio": 71.38,
            "inventory_turnover_ratio": 3.23,
            "account_receivable_turnover_ratio": 12.92,
            "reinvestment_rate": 92.07,
            "research_to_sale_ratio": null,
            "price_fair": 133.35,
            "eps_avg_yearly": 3.81,
            "eps_latest_yearly": 1.24,
            "eps_growth_yearly": 156.28
        },
        "20122": {
            "year_quarter": 20122,
            "year": 2012,
            "quarter": 2,
            "eps": 1.35,
            "eps_growth_year": 0.22,
            "eps_4q": 4.11,
            "eps_4q_growth_year": -7.56,
            "roe": 7.07,
            "roe_4q": 21.65,
            "gross_profit": 4504295,
            "gross_margin": 32.52,
            "gross_margin_4q_avg": 32.38,
            "net_income": 316109,
            "net_income_4q": null,
            "revenue": 13850695,
            "revenue_4q": null,
            "common_shares": 2232200,
            "book_valuer_per_share": 17.7,
            "book_valuer_per_share_4q_avg": 19.14,
            "equity": 4212197,
            "current_ratio": 76.08,
            "debt_ratio": 76.93,
            "inventory_turnover_ratio": 3.41,
            "account_receivable_turnover_ratio": 13.57,
            "reinvestment_rate": 111.73,
            "research_to_sale_ratio": null,
            "price_fair": 135.98,
            "eps_avg_yearly": 3.89,
            "eps_latest_yearly": 5.4,
            "eps_growth_yearly": 127
        },
        "20123": {
            "year_quarter": 20123,
            "year": 2012,
            "quarter": 3,
            "eps": 1.36,
            "eps_growth_year": -22.88,
            "eps_4q": 3.7,
            "eps_4q_growth_year": -18.73,
            "roe": 7.35,
            "roe_4q": 19.48,
            "gross_profit": 4590051,
            "gross_margin": 32.23,
            "gross_margin_4q_avg": 31.86,
            "net_income": 321481,
            "net_income_4q": null,
            "revenue": 14240423,
            "revenue_4q": null,
            "common_shares": 2232200,
            "book_valuer_per_share": 19.08,
            "book_valuer_per_share_4q_avg": 19.1,
            "equity": 4536725,
            "current_ratio": 78.23,
            "debt_ratio": 75.52,
            "inventory_turnover_ratio": 3.49,
            "account_receivable_turnover_ratio": 11.85,
            "reinvestment_rate": 116.85,
            "research_to_sale_ratio": null,
            "price_fair": 137.03,
            "eps_avg_yearly": 3.92,
            "eps_latest_yearly": 5.44,
            "eps_growth_yearly": 122.66
        },
        "20124": {
            "year_quarter": 20124,
            "year": 2012,
            "quarter": 4,
            "eps": 0.81,
            "eps_growth_year": 19.31,
            "eps_4q": 3.83,
            "eps_4q_growth_year": -14.88,
            "roe": 4.25,
            "roe_4q": 20.240000000000002,
            "gross_profit": 4377814,
            "gross_margin": 32.21,
            "gross_margin_4q_avg": 31.99,
            "net_income": 196552,
            "net_income_4q": null,
            "revenue": 13592161,
            "revenue_4q": null,
            "common_shares": 2232200,
            "book_valuer_per_share": 19.78,
            "book_valuer_per_share_4q_avg": 19.13,
            "equity": 4705277,
            "current_ratio": 74.09,
            "debt_ratio": 74.36,
            "inventory_turnover_ratio": 3.32,
            "account_receivable_turnover_ratio": 9.92,
            "reinvestment_rate": 132.17,
            "research_to_sale_ratio": null,
            "price_fair": 138.16,
            "eps_avg_yearly": 3.95,
            "eps_latest_yearly": 3.24,
            "eps_growth_yearly": 123.84
        },
        "20131": {
            "year_quarter": 20131,
            "year": 2013,
            "quarter": 1,
            "eps": 0.49,
            "eps_growth_year": 58.06,
            "eps_4q": 4.01,
            "eps_4q_growth_year": -2.23,
            "roe": 2.64,
            "roe_4q": 21.310000000000002,
            "gross_profit": 4323348,
            "gross_margin": 34.52,
            "gross_margin_4q_avg": 32.87,
            "net_income": 119736,
            "net_income_4q": null,
            "revenue": 12523568,
            "revenue_4q": null,
            "common_shares": 2232200,
            "book_valuer_per_share": 18.58,
            "book_valuer_per_share_4q_avg": 18.79,
            "equity": 4379525,
            "current_ratio": 72.76,
            "debt_ratio": 76.6,
            "inventory_turnover_ratio": 3.12,
            "account_receivable_turnover_ratio": 10.75,
            "reinvestment_rate": 137.69,
            "research_to_sale_ratio": null,
            "price_fair": 139.65,
            "eps_avg_yearly": 3.99,
            "eps_latest_yearly": 1.96,
            "eps_growth_yearly": 127.2
        },
        "20132": {
            "year_quarter": 20132,
            "year": 2013,
            "quarter": 2,
            "eps": 1.56,
            "eps_growth_year": 15.21,
            "eps_4q": 4.22,
            "eps_4q_growth_year": 2.67,
            "roe": 8.78,
            "roe_4q": 23.02,
            "gross_profit": 4719876,
            "gross_margin": 35.21,
            "gross_margin_4q_avg": 33.54,
            "net_income": 368758,
            "net_income_4q": null,
            "revenue": 13405238,
            "revenue_4q": null,
            "common_shares": 2232200,
            "book_valuer_per_share": 17.01,
            "book_valuer_per_share_4q_avg": 18.61,
            "equity": 4022878,
            "current_ratio": 70.58,
            "debt_ratio": 79.67,
            "inventory_turnover_ratio": 3.55,
            "account_receivable_turnover_ratio": 12.98,
            "reinvestment_rate": 110.26,
            "research_to_sale_ratio": null,
            "price_fair": 144.99,
            "eps_avg_yearly": 4.14,
            "eps_latest_yearly": 6.24,
            "eps_growth_yearly": 132.57
        },
        "20133": {
            "year_quarter": 20133,
            "year": 2013,
            "quarter": 3,
            "eps": 1.89,
            "eps_growth_year": 38.47,
            "eps_4q": 4.74,
            "eps_4q_growth_year": 28.13,
            "roe": 10.25,
            "roe_4q": 25.92,
            "gross_profit": 5079953,
            "gross_margin": 35.35,
            "gross_margin_4q_avg": 34.32,
            "net_income": 434492,
            "net_income_4q": null,
            "revenue": 14371303,
            "revenue_4q": null,
            "common_shares": 2232200,
            "book_valuer_per_share": 18.9,
            "book_valuer_per_share_4q_avg": 18.57,
            "equity": 4458310,
            "current_ratio": 70.36,
            "debt_ratio": 77.99,
            "inventory_turnover_ratio": 3.58,
            "account_receivable_turnover_ratio": 13.07,
            "reinvestment_rate": 117.5,
            "research_to_sale_ratio": null,
            "price_fair": 149.71,
            "eps_avg_yearly": 4.28,
            "eps_latest_yearly": 7.56,
            "eps_growth_yearly": 127.33
        },
        "20134": {
            "year_quarter": 20134,
            "year": 2013,
            "quarter": 4,
            "eps": 0.97,
            "eps_growth_year": 20.32,
            "eps_4q": 4.91,
            "eps_4q_growth_year": 28.05,
            "roe": 5.23,
            "roe_4q": 26.9,
            "gross_profit": 4820978,
            "gross_margin": 35.83,
            "gross_margin_4q_avg": 35.23,
            "net_income": 236578,
            "net_income_4q": null,
            "revenue": 13454182,
            "revenue_4q": null,
            "common_shares": 2232200,
            "book_valuer_per_share": 19.53,
            "book_valuer_per_share_4q_avg": 18.51,
            "equity": 4596819,
            "current_ratio": 67.52,
            "debt_ratio": 77.61,
            "inventory_turnover_ratio": 3.08,
            "account_receivable_turnover_ratio": 11.9,
            "reinvestment_rate": 120.32,
            "research_to_sale_ratio": null,
            "price_fair": 152.51,
            "eps_avg_yearly": 4.36,
            "eps_latest_yearly": 3.88,
            "eps_growth_yearly": 128.12
        },
        "20141": {
            "year_quarter": 20141,
            "year": 2014,
            "quarter": 1,
            "eps": 0.92,
            "eps_growth_year": 87.76,
            "eps_4q": 5.34,
            "eps_4q_growth_year": 33.16,
            "roe": 4.51,
            "roe_4q": 28.770000000000003,
            "gross_profit": 4635030,
            "gross_margin": 35.49,
            "gross_margin_4q_avg": 35.47,
            "net_income": 213996,
            "net_income_4q": null,
            "revenue": 13061904,
            "revenue_4q": null,
            "common_shares": 2232200,
            "book_valuer_per_share": 20.84,
            "book_valuer_per_share_4q_avg": 19.07,
            "equity": 4897999,
            "current_ratio": 67.37,
            "debt_ratio": 77.19,
            "inventory_turnover_ratio": 3.18,
            "account_receivable_turnover_ratio": 12.51,
            "reinvestment_rate": 133.21,
            "research_to_sale_ratio": null,
            "price_fair": 154.61,
            "eps_avg_yearly": 4.42,
            "eps_latest_yearly": 3.68,
            "eps_growth_yearly": 125.68
        },
        "20142": {
            "year_quarter": 20142,
            "year": 2014,
            "quarter": 2,
            "eps": 1.88,
            "eps_growth_year": 20.51,
            "eps_4q": 5.67,
            "eps_4q_growth_year": 34.44,
            "roe": 9.65,
            "roe_4q": 29.64,
            "gross_profit": 5220710,
            "gross_margin": 36.65,
            "gross_margin_4q_avg": 35.83,
            "net_income": 443698,
            "net_income_4q": null,
            "revenue": 14246531,
            "revenue_4q": null,
            "common_shares": 2232200,
            "book_valuer_per_share": 18.19,
            "book_valuer_per_share_4q_avg": 19.37,
            "equity": 4298548,
            "current_ratio": 66.38,
            "debt_ratio": 81.24,
            "inventory_turnover_ratio": 3.52,
            "account_receivable_turnover_ratio": 14.39,
            "reinvestment_rate": 127.9,
            "research_to_sale_ratio": null,
            "price_fair": 161.26,
            "eps_avg_yearly": 4.61,
            "eps_latest_yearly": 7.52,
            "eps_growth_yearly": 135.59
        },
        "20143": {
            "year_quarter": 20143,
            "year": 2014,
            "quarter": 3,
            "eps": 2.07,
            "eps_growth_year": 9.52,
            "eps_4q": 5.85,
            "eps_4q_growth_year": 23.3,
            "roe": 10.69,
            "roe_4q": 30.080000000000002,
            "gross_profit": 5607948,
            "gross_margin": 37.05,
            "gross_margin_4q_avg": 36.26,
            "net_income": 484509,
            "net_income_4q": null,
            "revenue": 15134531,
            "revenue_4q": null,
            "common_shares": 2232200,
            "book_valuer_per_share": 20.19,
            "book_valuer_per_share_4q_avg": 19.69,
            "equity": 4766192,
            "current_ratio": 73.56,
            "debt_ratio": 80.26,
            "inventory_turnover_ratio": 3.63,
            "account_receivable_turnover_ratio": 13.12,
            "reinvestment_rate": 128.67,
            "research_to_sale_ratio": null,
            "price_fair": 164.85,
            "eps_avg_yearly": 4.71,
            "eps_latest_yearly": 8.28,
            "eps_growth_yearly": 126.07
        },
        "20144": {
            "year_quarter": 20144,
            "year": 2014,
            "quarter": 4,
            "eps": 0.92,
            "eps_growth_year": -4.78,
            "eps_4q": 5.8,
            "eps_4q_growth_year": 18.24,
            "roe": 4.45,
            "roe_4q": 29.299999999999997,
            "gross_profit": 4493547,
            "gross_margin": 32.98,
            "gross_margin_4q_avg": 35.54,
            "net_income": 215870,
            "net_income_4q": null,
            "revenue": 13624675,
            "revenue_4q": null,
            "common_shares": 2232200,
            "book_valuer_per_share": 20.91,
            "book_valuer_per_share_4q_avg": 20.03,
            "equity": 4939504,
            "current_ratio": 70.79,
            "debt_ratio": 78.63,
            "inventory_turnover_ratio": 3.14,
            "account_receivable_turnover_ratio": 10.96,
            "reinvestment_rate": 99.3,
            "research_to_sale_ratio": null,
            "price_fair": 166.51,
            "eps_avg_yearly": 4.76,
            "eps_latest_yearly": 3.68,
            "eps_growth_yearly": 126.18
        },
        "20151": {
            "year_quarter": 20151,
            "year": 2015,
            "quarter": 1,
            "eps": 0.78,
            "eps_growth_year": -15.22,
            "eps_4q": 5.66,
            "eps_4q_growth_year": 5.9,
            "roe": 3.66,
            "roe_4q": 28.449999999999996,
            "gross_profit": 4759125,
            "gross_margin": 35.59,
            "gross_margin_4q_avg": 35.57,
            "net_income": 183043,
            "net_income_4q": null,
            "revenue": 13372450,
            "revenue_4q": null,
            "common_shares": 2232200,
            "book_valuer_per_share": 21.45,
            "book_valuer_per_share_4q_avg": 20.19,
            "equity": 5071045,
            "current_ratio": 71.35,
            "debt_ratio": 78.57,
            "inventory_turnover_ratio": 2.96,
            "account_receivable_turnover_ratio": 12.5,
            "reinvestment_rate": 96.47,
            "research_to_sale_ratio": null,
            "price_fair": 167.21,
            "eps_avg_yearly": 4.78,
            "eps_latest_yearly": 3.12,
            "eps_growth_yearly": 123.41
        },
        "20152": {
            "year_quarter": 20152,
            "year": 2015,
            "quarter": 2,
            "eps": 1.64,
            "eps_growth_year": -12.77,
            "eps_4q": 5.42,
            "eps_4q_growth_year": -4.43,
            "roe": 8.26,
            "roe_4q": 27.060000000000002,
            "gross_profit": 5353469,
            "gross_margin": 36.45,
            "gross_margin_4q_avg": 35.52,
            "net_income": 385893,
            "net_income_4q": null,
            "revenue": 14687542,
            "revenue_4q": null,
            "common_shares": 2232200,
            "book_valuer_per_share": 18.06,
            "book_valuer_per_share_4q_avg": 20.15,
            "equity": 4277213,
            "current_ratio": 70.54,
            "debt_ratio": 83.26,
            "inventory_turnover_ratio": 3.54,
            "account_receivable_turnover_ratio": 15.37,
            "reinvestment_rate": 87.45,
            "research_to_sale_ratio": null,
            "price_fair": 169.75,
            "eps_avg_yearly": 4.85,
            "eps_latest_yearly": 6.56,
            "eps_growth_yearly": 127.76
        },
        "20153": {
            "year_quarter": 20153,
            "year": 2015,
            "quarter": 3,
            "eps": 2.09,
            "eps_growth_year": 0.97,
            "eps_4q": 5.43,
            "eps_4q_growth_year": -7.08,
            "roe": 10.58,
            "roe_4q": 26.95,
            "gross_profit": 5635240,
            "gross_margin": 36.67,
            "gross_margin_4q_avg": 35.42,
            "net_income": 478203,
            "net_income_4q": null,
            "revenue": 15365664,
            "revenue_4q": null,
            "common_shares": 2232200,
            "book_valuer_per_share": 20.18,
            "book_valuer_per_share_4q_avg": 20.15,
            "equity": 4763173,
            "current_ratio": 69.69,
            "debt_ratio": 80.9,
            "inventory_turnover_ratio": 3.53,
            "account_receivable_turnover_ratio": 13.98,
            "reinvestment_rate": 83.76,
            "research_to_sale_ratio": null,
            "price_fair": 172.55,
            "eps_avg_yearly": 4.93,
            "eps_latest_yearly": 8.36,
            "eps_growth_yearly": 126.84
        },
        "20154": {
            "year_quarter": 20154,
            "year": 2015,
            "quarter": 4,
            "eps": 1.21,
            "eps_growth_year": 31.15,
            "eps_4q": 5.72,
            "eps_4q_growth_year": -1.38,
            "roe": 5.78,
            "roe_4q": 28.279999999999998,
            "gross_profit": 5209973,
            "gross_margin": 36.27,
            "gross_margin_4q_avg": 36.25,
            "net_income": 279707,
            "net_income_4q": null,
            "revenue": 14365613,
            "revenue_4q": null,
            "common_shares": 2232200,
            "book_valuer_per_share": 20.83,
            "book_valuer_per_share_4q_avg": 20.13,
            "equity": 4912391,
            "current_ratio": 67.82,
            "debt_ratio": 79.84,
            "inventory_turnover_ratio": 2.7,
            "account_receivable_turnover_ratio": 11.54,
            "reinvestment_rate": 80.71,
            "research_to_sale_ratio": null,
            "price_fair": 177.19,
            "eps_avg_yearly": 5.06,
            "eps_latest_yearly": 4.84,
            "eps_growth_yearly": 131.71
        },
        "20161": {
            "year_quarter": 20161,
            "year": 2016,
            "quarter": 1,
            "eps": 0.71,
            "eps_growth_year": -8.97,
            "eps_4q": 5.65,
            "eps_4q_growth_year": -0.04,
            "roe": 3.24,
            "roe_4q": 27.86,
            "gross_profit": 5075953,
            "gross_margin": 35.97,
            "gross_margin_4q_avg": 36.34,
            "net_income": 162291,
            "net_income_4q": null,
            "revenue": 14110658,
            "revenue_4q": null,
            "common_shares": 2232200,
            "book_valuer_per_share": 21.63,
            "book_valuer_per_share_4q_avg": 20.18,
            "equity": 5106570,
            "current_ratio": 64.52,
            "debt_ratio": 78.47,
            "inventory_turnover_ratio": 2.67,
            "account_receivable_turnover_ratio": 14.49,
            "reinvestment_rate": 75.86,
            "research_to_sale_ratio": null,
            "price_fair": 180.69,
            "eps_avg_yearly": 5.16,
            "eps_latest_yearly": 2.84,
            "eps_growth_yearly": 134.98
        },
        "20162": {
            "year_quarter": 20162,
            "year": 2016,
            "quarter": 2,
            "eps": 2.05,
            "eps_growth_year": 25,
            "eps_4q": 6.07,
            "eps_4q_growth_year": 11.98,
            "roe": 9.92,
            "roe_4q": 29.520000000000003,
            "gross_profit": 5744823,
            "gross_margin": 37.63,
            "gross_margin_4q_avg": 36.64,
            "net_income": 477954,
            "net_income_4q": null,
            "revenue": 15268507,
            "revenue_4q": null,
            "common_shares": 2232200,
            "book_valuer_per_share": 19.16,
            "book_valuer_per_share_4q_avg": 20.45,
            "equity": 4533029,
            "current_ratio": 64.43,
            "debt_ratio": 82.1,
            "inventory_turnover_ratio": 3.37,
            "account_receivable_turnover_ratio": 23.23,
            "reinvestment_rate": 63.31,
            "research_to_sale_ratio": null,
            "price_fair": 186.81,
            "eps_avg_yearly": 5.34,
            "eps_latest_yearly": 8.2,
            "eps_growth_yearly": 98.29
        },
        "20163": {
            "year_quarter": 20163,
            "year": 2016,
            "quarter": 3,
            "eps": 2.36,
            "eps_growth_year": 12.92,
            "eps_4q": 6.34,
            "eps_4q_growth_year": 16.74,
            "roe": 11.42,
            "roe_4q": 30.36,
            "gross_profit": 5971073,
            "gross_margin": 37.5,
            "gross_margin_4q_avg": 36.84,
            "net_income": 548043,
            "net_income_4q": null,
            "revenue": 15922450,
            "revenue_4q": null,
            "common_shares": 2232200,
            "book_valuer_per_share": 21.45,
            "book_valuer_per_share_4q_avg": 20.77,
            "equity": 5064841,
            "current_ratio": 61.69,
            "debt_ratio": 79.23,
            "inventory_turnover_ratio": 3.54,
            "account_receivable_turnover_ratio": 22.54,
            "reinvestment_rate": 66.63,
            "research_to_sale_ratio": null,
            "price_fair": 195.56,
            "eps_avg_yearly": 5.59,
            "eps_latest_yearly": 9.44,
            "eps_growth_yearly": 101.89
        },
        "20164": {
            "year_quarter": 20164,
            "year": 2016,
            "quarter": 4,
            "eps": 1.04,
            "eps_growth_year": -14.26,
            "eps_4q": 6.17,
            "eps_4q_growth_year": 7.85,
            "roe": 4.75,
            "roe_4q": 29.330000000000005,
            "gross_profit": 5657328,
            "gross_margin": 37.06,
            "gross_margin_4q_avg": 37.04,
            "net_income": 245398,
            "net_income_4q": null,
            "revenue": 15265350,
            "revenue_4q": null,
            "common_shares": 2232200,
            "book_valuer_per_share": 22.29,
            "book_valuer_per_share_4q_avg": 21.13,
            "equity": 5269996,
            "current_ratio": 64.06,
            "debt_ratio": 80.12,
            "inventory_turnover_ratio": 3.04,
            "account_receivable_turnover_ratio": 21.14,
            "reinvestment_rate": 66.66,
            "research_to_sale_ratio": null,
            "price_fair": 197.58,
            "eps_avg_yearly": 5.65,
            "eps_latest_yearly": 4.16,
            "eps_growth_yearly": 98.01
        },
        "20171": {
            "year_quarter": 20171,
            "year": 2017,
            "quarter": 1,
            "eps": 0.53,
            "eps_growth_year": -25.35,
            "eps_4q": 5.99,
            "eps_4q_growth_year": 5.94,
            "roe": 2.12,
            "roe_4q": 28.21,
            "gross_profit": 5479024,
            "gross_margin": 36.89,
            "gross_margin_4q_avg": 37.27,
            "net_income": 112966,
            "net_income_4q": null,
            "revenue": 14853277,
            "revenue_4q": null,
            "common_shares": 2232200,
            "book_valuer_per_share": 22.77,
            "book_valuer_per_share_4q_avg": 21.42,
            "equity": 5372023,
            "current_ratio": 61.59,
            "debt_ratio": 78.35,
            "inventory_turnover_ratio": 2.91,
            "account_receivable_turnover_ratio": 20.91,
            "reinvestment_rate": 59.81,
            "research_to_sale_ratio": null,
            "price_fair": 197.93,
            "eps_avg_yearly": 5.66,
            "eps_latest_yearly": 2.12,
            "eps_growth_yearly": 95.63
        },
        "20172": {
            "year_quarter": 20172,
            "year": 2017,
            "quarter": 2,
            "eps": 1.93,
            "eps_growth_year": -5.85,
            "eps_4q": 5.86,
            "eps_4q_growth_year": -3.32,
            "roe": 8.98,
            "roe_4q": 27.270000000000003,
            "gross_profit": 6128010,
            "gross_margin": 37.51,
            "gross_margin_4q_avg": 37.24,
            "net_income": 447473,
            "net_income_4q": null,
            "revenue": 16335571,
            "revenue_4q": null,
            "common_shares": 2232200,
            "book_valuer_per_share": 19.48,
            "book_valuer_per_share_4q_avg": 21.5,
            "equity": 4598747,
            "current_ratio": 63.91,
            "debt_ratio": 82.94,
            "inventory_turnover_ratio": 2.72,
            "account_receivable_turnover_ratio": 23.03,
            "reinvestment_rate": 51.78,
            "research_to_sale_ratio": null,
            "price_fair": 201.16,
            "eps_avg_yearly": 5.75,
            "eps_latest_yearly": 7.72,
            "eps_growth_yearly": 107.08
        },
        "20173": {
            "year_quarter": 20173,
            "year": 2017,
            "quarter": 3,
            "eps": 2.24,
            "eps_growth_year": -5.08,
            "eps_4q": 5.74,
            "eps_4q_growth_year": -9.45,
            "roe": 10.87,
            "roe_4q": 26.720000000000002,
            "gross_profit": 6529388,
            "gross_margin": 38.35,
            "gross_margin_4q_avg": 37.45,
            "net_income": 528026,
            "net_income_4q": null,
            "revenue": 17026801,
            "revenue_4q": null,
            "common_shares": 2232200,
            "book_valuer_per_share": 21.69,
            "book_valuer_per_share_4q_avg": 21.56,
            "equity": 5119773,
            "current_ratio": 65.7,
            "debt_ratio": 80.98,
            "inventory_turnover_ratio": 2.65,
            "account_receivable_turnover_ratio": 22.99,
            "reinvestment_rate": 42.01,
            "research_to_sale_ratio": null,
            "price_fair": 204.23,
            "eps_avg_yearly": 5.84,
            "eps_latest_yearly": 8.96,
            "eps_growth_yearly": 105.8
        },
        "20174": {
            "year_quarter": 20174,
            "year": 2017,
            "quarter": 4,
            "eps": 1.6,
            "eps_growth_year": 54.11,
            "eps_4q": 6.3,
            "eps_4q_growth_year": 2.19,
            "roe": 7.03,
            "roe_4q": 29,
            "gross_profit": 6179907,
            "gross_margin": 38.12,
            "gross_margin_4q_avg": 37.72,
            "net_income": 371876,
            "net_income_4q": null,
            "revenue": 16212219,
            "revenue_4q": null,
            "common_shares": 2232200,
            "book_valuer_per_share": 23.18,
            "book_valuer_per_share_4q_avg": 21.78,
            "equity": 5463432,
            "current_ratio": 69.72,
            "debt_ratio": 80.95,
            "inventory_turnover_ratio": 2.63,
            "account_receivable_turnover_ratio": 20.63,
            "reinvestment_rate": 33.83,
            "research_to_sale_ratio": null,
            "price_fair": 209.74,
            "eps_avg_yearly": 5.99,
            "eps_latest_yearly": 6.4,
            "eps_growth_yearly": 110.83
        },
        "20181": {
            "year_quarter": 20181,
            "year": 2018,
            "quarter": 1,
            "eps": 1.02,
            "eps_growth_year": 92.45,
            "eps_4q": 6.79,
            "eps_4q_growth_year": 13.31,
            "roe": 4.19,
            "roe_4q": 31.07,
            "gross_profit": 6051254,
            "gross_margin": 37.01,
            "gross_margin_4q_avg": 37.75,
            "net_income": 232681,
            "net_income_4q": null,
            "revenue": 16348811,
            "revenue_4q": null,
            "common_shares": 2232200,
            "book_valuer_per_share": 23.94,
            "book_valuer_per_share_4q_avg": 22.07,
            "equity": 5638954,
            "current_ratio": 70.53,
            "debt_ratio": 79.95,
            "inventory_turnover_ratio": 2.64,
            "account_receivable_turnover_ratio": 19.33,
            "reinvestment_rate": 15.66,
            "research_to_sale_ratio": null,
            "price_fair": 210.61,
            "eps_avg_yearly": 6.02,
            "eps_latest_yearly": 4.08,
            "eps_growth_yearly": 103.06
        },
        "20182": {
            "year_quarter": 20182,
            "year": 2018,
            "quarter": 2,
            "eps": 2.2,
            "eps_growth_year": 13.99,
            "eps_4q": 7.05,
            "eps_4q_growth_year": 20.3,
            "roe": 9.85,
            "roe_4q": 31.939999999999998,
            "gross_profit": 6718679,
            "gross_margin": 37.05,
            "gross_margin_4q_avg": 37.63,
            "net_income": 517658,
            "net_income_4q": null,
            "revenue": 18136039,
            "revenue_4q": null,
            "common_shares": 2232200,
            "book_valuer_per_share": 20.59,
            "book_valuer_per_share_4q_avg": 22.35,
            "equity": 4867411,
            "current_ratio": 72.32,
            "debt_ratio": 84.69,
            "inventory_turnover_ratio": 2.61,
            "account_receivable_turnover_ratio": 19.98,
            "reinvestment_rate": 13.9,
            "research_to_sale_ratio": null,
            "price_fair": 213.41,
            "eps_avg_yearly": 6.1,
            "eps_latest_yearly": 8.8,
            "eps_growth_yearly": 105.89
        },
        "20183": {
            "year_quarter": 20183,
            "year": 2018,
            "quarter": 3,
            "eps": 2.43,
            "eps_growth_year": 8.48,
            "eps_4q": 7.24,
            "eps_4q_growth_year": 26.03,
            "roe": 11.1,
            "roe_4q": 32.17,
            "gross_profit": 6975366,
            "gross_margin": 37.07,
            "gross_margin_4q_avg": 37.31,
            "net_income": 572016,
            "net_income_4q": null,
            "revenue": 18816189,
            "revenue_4q": null,
            "common_shares": 2232200,
            "book_valuer_per_share": 23.01,
            "book_valuer_per_share_4q_avg": 22.68,
            "equity": 5440077,
            "current_ratio": 74.5,
            "debt_ratio": 83.15,
            "inventory_turnover_ratio": 2.51,
            "account_receivable_turnover_ratio": 18.44,
            "reinvestment_rate": 9.66,
            "research_to_sale_ratio": null,
            "price_fair": 216.56,
            "eps_avg_yearly": 6.19,
            "eps_latest_yearly": 9.72,
            "eps_growth_yearly": 105.98
        },
        "20184": {
            "year_quarter": 20184,
            "year": 2018,
            "quarter": 4,
            "eps": 1.59,
            "eps_growth_year": -0.34,
            "eps_4q": 7.23,
            "eps_4q_growth_year": 14.71,
            "roe": 6.64,
            "roe_4q": 31.779999999999998,
            "gross_profit": 6808379,
            "gross_margin": 36.96,
            "gross_margin_4q_avg": 37.02,
            "net_income": 372104,
            "net_income_4q": null,
            "revenue": 18419934,
            "revenue_4q": null,
            "common_shares": 2232200,
            "book_valuer_per_share": 24.49,
            "book_valuer_per_share_4q_avg": 23.01,
            "equity": 5773481,
            "current_ratio": 75.92,
            "debt_ratio": 82.37,
            "inventory_turnover_ratio": 2.77,
            "account_receivable_turnover_ratio": 15.97,
            "reinvestment_rate": 27.17,
            "research_to_sale_ratio": null,
            "price_fair": 222.43,
            "eps_avg_yearly": 6.36,
            "eps_latest_yearly": 6.36,
            "eps_growth_yearly": 111.22
        },
        "20191": {
            "year_quarter": 20191,
            "year": 2019,
            "quarter": 1,
            "eps": 1.02,
            "eps_growth_year": 0,
            "eps_4q": 7.24,
            "eps_4q_growth_year": 6.63,
            "roe": 4.1,
            "roe_4q": 31.689999999999998,
            "gross_profit": 6507283,
            "gross_margin": 35.77,
            "gross_margin_4q_avg": 36.71,
            "net_income": 241217,
            "net_income_4q": null,
            "revenue": 18192278,
            "revenue_4q": null,
            "common_shares": 2232200,
            "book_valuer_per_share": 25.47,
            "book_valuer_per_share_4q_avg": 23.39,
            "equity": 6006478,
            "current_ratio": 62.02,
            "debt_ratio": 88.54,
            "inventory_turnover_ratio": 2.66,
            "account_receivable_turnover_ratio": 14.82,
            "reinvestment_rate": 27.83,
            "research_to_sale_ratio": null,
            "price_fair": 224.53,
            "eps_avg_yearly": 6.42,
            "eps_latest_yearly": 4.08,
            "eps_growth_yearly": 106.07
        },
        "20192": {
            "year_quarter": 20192,
            "year": 2019,
            "quarter": 2,
            "eps": 2.39,
            "eps_growth_year": 8.64,
            "eps_4q": 7.43,
            "eps_4q_growth_year": 5.28,
            "roe": 9.83,
            "roe_4q": 31.67,
            "gross_profit": 7078308,
            "gross_margin": 36.89,
            "gross_margin_4q_avg": 36.67,
            "net_income": 550542,
            "net_income_4q": null,
            "revenue": 19186841,
            "revenue_4q": null,
            "common_shares": 2232200,
            "book_valuer_per_share": 22.08,
            "book_valuer_per_share_4q_avg": 23.76,
            "equity": 5198150,
            "current_ratio": 60.32,
            "debt_ratio": 90.43,
            "inventory_turnover_ratio": 2.8,
            "account_receivable_turnover_ratio": 15.4,
            "reinvestment_rate": 49.84,
            "research_to_sale_ratio": null,
            "price_fair": 231.09,
            "eps_avg_yearly": 6.6,
            "eps_latest_yearly": 9.56,
            "eps_growth_yearly": 112.08
        },
        "20193": {
            "year_quarter": 20193,
            "year": 2019,
            "quarter": 3,
            "eps": 2.64,
            "eps_growth_year": 8.64,
            "eps_4q": 7.64,
            "eps_4q_growth_year": 5.54,
            "roe": 11.13,
            "roe_4q": 31.700000000000003,
            "gross_profit": 7434812,
            "gross_margin": 36.74,
            "gross_margin_4q_avg": 36.59,
            "net_income": 612375,
            "net_income_4q": null,
            "revenue": 20238472,
            "revenue_4q": null,
            "common_shares": 2232200,
            "book_valuer_per_share": 24.69,
            "book_valuer_per_share_4q_avg": 24.18,
            "equity": 5805119,
            "current_ratio": 63.91,
            "debt_ratio": 90.2,
            "inventory_turnover_ratio": 3.28,
            "account_receivable_turnover_ratio": 14.86,
            "reinvestment_rate": 48.34,
            "research_to_sale_ratio": null,
            "price_fair": 235.9,
            "eps_avg_yearly": 6.74,
            "eps_latest_yearly": 10.56,
            "eps_growth_yearly": 107.84
        },
        "20194": {
            "year_quarter": 20194,
            "year": 2019,
            "quarter": 4,
            "eps": 2.16,
            "eps_growth_year": 35.24,
            "eps_4q": 8.2,
            "eps_4q_growth_year": 13.39,
            "roe": 8.41,
            "roe_4q": 33.47,
            "gross_profit": 7557497,
            "gross_margin": 37.58,
            "gross_margin_4q_avg": 36.75,
            "net_income": 508636,
            "net_income_4q": null,
            "revenue": 20112105,
            "revenue_4q": null,
            "common_shares": 2232200,
            "book_valuer_per_share": 26.78,
            "book_valuer_per_share_4q_avg": 24.76,
            "equity": 6296178,
            "current_ratio": 61.52,
            "debt_ratio": 89,
            "inventory_turnover_ratio": 2.66,
            "account_receivable_turnover_ratio": 15.81,
            "reinvestment_rate": 44.46,
            "research_to_sale_ratio": null,
            "price_fair": 244.21,
            "eps_avg_yearly": 6.98,
            "eps_latest_yearly": 8.64,
            "eps_growth_yearly": 113.82
        },
        "20201": {
            "year_quarter": 20201,
            "year": 2020,
            "quarter": 1,
            "eps": 1.27,
            "eps_growth_year": 24.51,
            "eps_4q": 8.45,
            "eps_4q_growth_year": 16.74,
            "roe": 5.2,
            "roe_4q": 34.57,
            "gross_profit": 7127222,
            "gross_margin": 36.01,
            "gross_margin_4q_avg": 36.81,
            "net_income": 296858,
            "net_income_4q": null,
            "revenue": 19791948,
            "revenue_4q": null,
            "common_shares": 2232200,
            "book_valuer_per_share": 21.46,
            "book_valuer_per_share_4q_avg": 23.75,
            "equity": 5122239,
            "current_ratio": 58.46,
            "debt_ratio": 91.19,
            "inventory_turnover_ratio": 2.43,
            "account_receivable_turnover_ratio": 18.3,
            "reinvestment_rate": 36.99,
            "research_to_sale_ratio": null,
            "price_fair": 249.11,
            "eps_avg_yearly": 7.12,
            "eps_latest_yearly": 5.08,
            "eps_growth_yearly": 113.85
        },
        "20202": {
            "year_quarter": 20202,
            "year": 2020,
            "quarter": 2,
            "eps": 2.71,
            "eps_growth_year": 13.39,
            "eps_4q": 8.78,
            "eps_4q_growth_year": 18.19,
            "roe": 11.72,
            "roe_4q": 36.46,
            "gross_profit": 7709729,
            "gross_margin": 36.52,
            "gross_margin_4q_avg": 36.71,
            "net_income": 635514,
            "net_income_4q": null,
            "revenue": 21110543,
            "revenue_4q": null,
            "common_shares": 2232200,
            "book_valuer_per_share": 24.2,
            "book_valuer_per_share_4q_avg": 24.28,
            "equity": 5718765,
            "current_ratio": 63.29,
            "debt_ratio": 90.73,
            "inventory_turnover_ratio": 2.88,
            "account_receivable_turnover_ratio": 17.54,
            "reinvestment_rate": 40.34,
            "research_to_sale_ratio": null,
            "price_fair": 254.89,
            "eps_avg_yearly": 7.28,
            "eps_latest_yearly": 10.84,
            "eps_growth_yearly": 95.01
        },
        "20203": {
            "year_quarter": 20203,
            "year": 2020,
            "quarter": 3,
            "eps": 3.27,
            "eps_growth_year": 23.86,
            "eps_4q": 9.41,
            "eps_4q_growth_year": 23.2,
            "roe": 12.56,
            "roe_4q": 37.89,
            "gross_profit": 8277677,
            "gross_margin": 36.41,
            "gross_margin_4q_avg": 36.63,
            "net_income": 765687,
            "net_income_4q": null,
            "revenue": 22732585,
            "revenue_4q": null,
            "common_shares": 2232200,
            "book_valuer_per_share": 27.42,
            "book_valuer_per_share_4q_avg": 24.97,
            "equity": 6475341,
            "current_ratio": 61.63,
            "debt_ratio": 89.19,
            "inventory_turnover_ratio": 3.23,
            "account_receivable_turnover_ratio": 17.28,
            "reinvestment_rate": 35.68,
            "research_to_sale_ratio": null,
            "price_fair": 262.85,
            "eps_avg_yearly": 7.51,
            "eps_latest_yearly": 13.08,
            "eps_growth_yearly": 96.4
        },
        "20204": {
            "year_quarter": 20204,
            "year": 2020,
            "quarter": 4,
            "eps": 2.29,
            "eps_growth_year": 6.04,
            "eps_4q": 9.54,
            "eps_4q_growth_year": 16.34,
            "roe": 8.07,
            "roe_4q": 37.550000000000004,
            "gross_profit": 7952382,
            "gross_margin": 36.6,
            "gross_margin_4q_avg": 36.39,
            "net_income": 542871,
            "net_income_4q": null,
            "revenue": 21730599,
            "revenue_4q": null,
            "common_shares": 2232200,
            "book_valuer_per_share": 29.59,
            "book_valuer_per_share_4q_avg": 25.67,
            "equity": 6986799,
            "current_ratio": 62.52,
            "debt_ratio": 88.63,
            "inventory_turnover_ratio": 2.77,
            "account_receivable_turnover_ratio": 17.56,
            "reinvestment_rate": 32.51,
            "research_to_sale_ratio": null,
            "price_fair": 273.79,
            "eps_avg_yearly": 7.82,
            "eps_latest_yearly": 9.16,
            "eps_growth_yearly": 102.89
        },
        "20211": {
            "year_quarter": 20211,
            "year": 2021,
            "quarter": 1,
            "eps": 1.43,
            "eps_growth_year": 12.6,
            "eps_4q": 9.7,
            "eps_4q_growth_year": 14.75,
            "roe": 5.45,
            "roe_4q": 37.8,
            "gross_profit": 7390577,
            "gross_margin": 35.46,
            "gross_margin_4q_avg": 36.25,
            "net_income": 344305,
            "net_income_4q": null,
            "revenue": 20841953,
            "revenue_4q": null,
            "common_shares": 2232200,
            "book_valuer_per_share": 23.5,
            "book_valuer_per_share_4q_avg": 26.18,
            "equity": 5654237,
            "current_ratio": 56.39,
            "debt_ratio": 90.81,
            "inventory_turnover_ratio": 2.68,
            "account_receivable_turnover_ratio": 18.06,
            "reinvestment_rate": 40.41,
            "research_to_sale_ratio": null,
            "price_fair": 281.66,
            "eps_avg_yearly": 8.05,
            "eps_latest_yearly": 5.72,
            "eps_growth_yearly": 105.76
        },
        "20212": {
            "year_quarter": 20212,
            "year": 2021,
            "quarter": 2,
            "eps": 1.58,
            "eps_growth_year": -41.7,
            "eps_4q": 8.56,
            "eps_4q_growth_year": -2.45,
            "roe": 6.35,
            "roe_4q": 32.43,
            "gross_profit": 7419990,
            "gross_margin": 36.19,
            "gross_margin_4q_avg": 36.17,
            "net_income": 369013,
            "net_income_4q": null,
            "revenue": 20500988,
            "revenue_4q": null,
            "common_shares": 2232200,
            "book_valuer_per_share": 25.08,
            "book_valuer_per_share_4q_avg": 26.4,
            "equity": 5965949,
            "current_ratio": 50.1,
            "debt_ratio": 90.56,
            "inventory_turnover_ratio": 2.89,
            "account_receivable_turnover_ratio": 17.76,
            "reinvestment_rate": 47.89,
            "research_to_sale_ratio": null,
            "price_fair": 278.6,
            "eps_avg_yearly": 7.96,
            "eps_latest_yearly": 6.32,
            "eps_growth_yearly": 42.34
        },
        "20213": {
            "year_quarter": 20213,
            "year": 2021,
            "quarter": 3,
            "eps": 1.27,
            "eps_growth_year": -61.16,
            "eps_4q": 6.56,
            "eps_4q_growth_year": -30.25,
            "roe": 4.94,
            "roe_4q": 24.81,
            "gross_profit": 7397677,
            "gross_margin": 35.8,
            "gross_margin_4q_avg": 36.01,
            "net_income": 302141,
            "net_income_4q": null,
            "revenue": 20662242,
            "revenue_4q": null,
            "common_shares": 2232200,
            "book_valuer_per_share": 26.32,
            "book_valuer_per_share_4q_avg": 26.12,
            "equity": 6262724,
            "current_ratio": 46.97,
            "debt_ratio": 90.33,
            "inventory_turnover_ratio": 2.86,
            "account_receivable_turnover_ratio": 17.04,
            "reinvestment_rate": 95.73,
            "research_to_sale_ratio": null,
            "price_fair": 270.11,
            "eps_avg_yearly": 7.72,
            "eps_latest_yearly": 5.08,
            "eps_growth_yearly": 33.42
        },
        "20214": {
            "year_quarter": 20214,
            "year": 2021,
            "quarter": 4,
            "eps": 1.74,
            "eps_growth_year": -23.76,
            "eps_4q": 6.02,
            "eps_4q_growth_year": -36.89,
            "roe": 5.95,
            "roe_4q": 22.69,
            "gross_profit": 8001741,
            "gross_margin": 36.95,
            "gross_margin_4q_avg": 36.1,
            "net_income": 394290,
            "net_income_4q": null,
            "revenue": 21654329,
            "revenue_4q": null,
            "common_shares": 2232200,
            "book_valuer_per_share": 28.4,
            "book_valuer_per_share_4q_avg": 25.83,
            "equity": 6995836,
            "current_ratio": 50.42,
            "debt_ratio": 89.65,
            "inventory_turnover_ratio": 2.46,
            "account_receivable_turnover_ratio": 15.86,
            "reinvestment_rate": 101.69,
            "research_to_sale_ratio": null,
            "price_fair": 271.34,
            "eps_avg_yearly": 7.75,
            "eps_latest_yearly": 6.96,
            "eps_growth_yearly": 49.82
        },
        "20221": {
            "year_quarter": 20221,
            "year": 2022,
            "quarter": 1,
            "eps": 0.76,
            "eps_growth_year": -46.85,
            "eps_4q": 5.36,
            "eps_4q_growth_year": -44.73,
            "roe": 2.79,
            "roe_4q": 20.03,
            "gross_profit": 7499504,
            "gross_margin": 35.72,
            "gross_margin_4q_avg": 36.17,
            "net_income": 183078,
            "net_income_4q": null,
            "revenue": 20993529,
            "revenue_4q": null,
            "common_shares": 2232200,
            "book_valuer_per_share": 24.41,
            "book_valuer_per_share_4q_avg": 26.05,
            "equity": 6118146,
            "current_ratio": 44.83,
            "debt_ratio": 90.85,
            "inventory_turnover_ratio": 2.38,
            "account_receivable_turnover_ratio": 14.8,
            "reinvestment_rate": 114.42,
            "research_to_sale_ratio": null,
            "price_fair": 269.06,
            "eps_avg_yearly": 7.69,
            "eps_latest_yearly": 3.04,
            "eps_growth_yearly": 44.8
        },
        "20222": {
            "year_quarter": 20222,
            "year": 2022,
            "quarter": 2,
            "eps": 1.59,
            "eps_growth_year": 0.63,
            "eps_4q": 5.36,
            "eps_4q_growth_year": -37.39,
            "roe": 5.82,
            "roe_4q": 19.5,
            "gross_profit": 8050512,
            "gross_margin": 36.27,
            "gross_margin_4q_avg": 36.19,
            "net_income": 365437,
            "net_income_4q": null,
            "revenue": 22193952,
            "revenue_4q": null,
            "common_shares": 2232200,
            "book_valuer_per_share": 25.95,
            "book_valuer_per_share_4q_avg": 26.27,
            "equity": 6430827,
            "current_ratio": 49.43,
            "debt_ratio": 90.8,
            "inventory_turnover_ratio": 2.88,
            "account_receivable_turnover_ratio": 14.93,
            "reinvestment_rate": 121.11,
            "research_to_sale_ratio": null,
            "price_fair": 263.73,
            "eps_avg_yearly": 7.54,
            "eps_latest_yearly": 6.36,
            "eps_growth_yearly": 43.18
        },
        "20223": {
            "year_quarter": 20223,
            "year": 2022,
            "quarter": 3,
            "eps": 2.29,
            "eps_growth_year": 80.32,
            "eps_4q": 6.39,
            "eps_4q_growth_year": -2.69,
            "roe": 7.91,
            "roe_4q": 22.47,
            "gross_profit": 8742322,
            "gross_margin": 36.41,
            "gross_margin_4q_avg": 36.34,
            "net_income": 529797,
            "net_income_4q": null,
            "revenue": 24012529,
            "revenue_4q": null,
            "common_shares": 2232200,
            "book_valuer_per_share": 28.24,
            "book_valuer_per_share_4q_avg": 26.75,
            "equity": 6958968,
            "current_ratio": 44.66,
            "debt_ratio": 89.78,
            "inventory_turnover_ratio": 3.19,
            "account_receivable_turnover_ratio": 15.13,
            "reinvestment_rate": 135.41,
            "research_to_sale_ratio": null,
            "price_fair": 262.5,
            "eps_avg_yearly": 7.5,
            "eps_latest_yearly": 9.16,
            "eps_growth_yearly": 51.57
        },
        "20224": {
            "year_quarter": 20224,
            "year": 2022,
            "quarter": 4,
            "eps": 3.6,
            "eps_growth_year": 106.61,
            "eps_4q": 8.25,
            "eps_4q_growth_year": 36.96,
            "roe": 11.02,
            "roe_4q": 27.54,
            "gross_profit": 8619656,
            "gross_margin": 36.61,
            "gross_margin_4q_avg": 36.25,
            "net_income": 817707,
            "net_income_4q": null,
            "revenue": 23542883,
            "revenue_4q": null,
            "common_shares": 2232200,
            "book_valuer_per_share": 32.2,
            "book_valuer_per_share_4q_avg": 27.7,
            "equity": 7874777,
            "current_ratio": 50.06,
            "debt_ratio": 89.3,
            "inventory_turnover_ratio": 2.57,
            "account_receivable_turnover_ratio": 14.89,
            "reinvestment_rate": 142.86,
            "research_to_sale_ratio": null,
            "price_fair": 280.09,
            "eps_avg_yearly": 8,
            "eps_latest_yearly": 14.4,
            "eps_growth_yearly": 74.52
        },
        "20231": {
            "year_quarter": 20231,
            "year": 2023,
            "quarter": 1,
            "eps": 0.88,
            "eps_growth_year": 15.79,
            "eps_4q": 8.37,
            "eps_4q_growth_year": 56.16,
            "roe": 2.8,
            "roe_4q": 27.55,
            "gross_profit": 8331695,
            "gross_margin": 36.03,
            "gross_margin_4q_avg": 36.33,
            "net_income": 203078,
            "net_income_4q": null,
            "revenue": 23126247,
            "revenue_4q": null,
            "common_shares": 2232200,
            "book_valuer_per_share": 26.54,
            "book_valuer_per_share_4q_avg": 28.23,
            "equity": 6616394,
            "current_ratio": 42.48,
            "debt_ratio": 90.5,
            "inventory_turnover_ratio": 2.29,
            "account_receivable_turnover_ratio": 15.72,
            "reinvestment_rate": 144.08,
            "research_to_sale_ratio": null,
            "price_fair": 278.86,
            "eps_avg_yearly": 7.97,
            "eps_latest_yearly": 3.52,
            "eps_growth_yearly": 64.59
        },
        "20232": {
            "year_quarter": 20232,
            "year": 2023,
            "quarter": 2,
            "eps": 2.26,
            "eps_growth_year": 42.14,
            "eps_4q": 9.04,
            "eps_4q_growth_year": 68.57,
            "roe": 7.35,
            "roe_4q": 29.08,
            "gross_profit": 9072150,
            "gross_margin": 36.7,
            "gross_margin_4q_avg": 36.44,
            "net_income": 516904,
            "net_income_4q": null,
            "revenue": 24718205,
            "revenue_4q": null,
            "common_shares": 2232200,
            "book_valuer_per_share": 29.17,
            "book_valuer_per_share_4q_avg": 29.04,
            "equity": 7446641,
            "current_ratio": 46.03,
            "debt_ratio": 89.67,
            "inventory_turnover_ratio": 2.66,
            "account_receivable_turnover_ratio": 17.55,
            "reinvestment_rate": 129.27,
            "research_to_sale_ratio": null,
            "price_fair": 277.73,
            "eps_avg_yearly": 7.94,
            "eps_latest_yearly": 9.04,
            "eps_growth_yearly": 70.21
        },
        "20233": {
            "year_quarter": 20233,
            "year": 2023,
            "quarter": 3,
            "eps": 2.36,
            "eps_growth_year": 3.06,
            "eps_4q": 9.1,
            "eps_4q_growth_year": 42.54,
            "roe": 7.1,
            "roe_4q": 28.27,
            "gross_profit": 9623839,
            "gross_margin": 36.62,
            "gross_margin_4q_avg": 36.49,
            "net_income": 553374,
            "net_income_4q": null,
            "revenue": 26281465,
            "revenue_4q": null,
            "common_shares": 2232200,
            "book_valuer_per_share": 31.79,
            "book_valuer_per_share_4q_avg": 29.93,
            "equity": 8142776,
            "current_ratio": 47.25,
            "debt_ratio": 88.9,
            "inventory_turnover_ratio": 2.98,
            "account_receivable_turnover_ratio": 16.57,
            "reinvestment_rate": 136.64,
            "research_to_sale_ratio": null,
            "price_fair": 275.28,
            "eps_avg_yearly": 7.87,
            "eps_latest_yearly": 9.44,
            "eps_growth_yearly": 68.71
        },
        "20234": {
            "year_quarter": 20234,
            "year": 2023,
            "quarter": 4,
            "eps": 1.72,
            "eps_growth_year": -52.34,
            "eps_4q": 7.22,
            "eps_4q_growth_year": -12.45,
            "roe": 4.96,
            "roe_4q": 22.209999999999997,
            "gross_profit": 9329215,
            "gross_margin": 36.61,
            "gross_margin_4q_avg": 36.49,
            "net_income": 415589,
            "net_income_4q": null,
            "revenue": 25484294,
            "revenue_4q": null,
            "common_shares": 2232200,
            "book_valuer_per_share": 33.61,
            "book_valuer_per_share_4q_avg": 30.28,
            "equity": 8614476,
            "current_ratio": 49.7,
            "debt_ratio": 88.58,
            "inventory_turnover_ratio": 2.52,
            "account_receivable_turnover_ratio": 14.87,
            "reinvestment_rate": 143.97,
            "research_to_sale_ratio": null,
            "price_fair": 271.43,
            "eps_avg_yearly": 7.76,
            "eps_latest_yearly": 6.88,
            "eps_growth_yearly": 66.47
        }
    },
    "months": {
        "2002-02": {
            "month": "2002-02",
            "price": "24.57",
            "revenue": 1625136
        },
        "2002-03": {
            "month": "2002-03",
            "price": "24.21",
            "revenue": 1699289
        },
        "2002-04": {
            "month": "2002-04",
            "price": "23.63",
            "revenue": 1743039
        },
        "2002-05": {
            "month": "2002-05",
            "price": "23.59",
            "revenue": 1897031
        },
        "2002-06": {
            "month": "2002-06",
            "price": "24.04",
            "revenue": 1958004
        },
        "2002-07": {
            "month": "2002-07",
            "price": "24.21",
            "revenue": 2022666
        },
        "2002-08": {
            "month": "2002-08",
            "price": "27.25",
            "revenue": 2000199
        },
        "2002-09": {
            "month": "2002-09",
            "price": "28.36",
            "revenue": 1857083
        },
        "2002-10": {
            "month": "2002-10",
            "price": "27.74",
            "revenue": 1883538
        },
        "2002-11": {
            "month": "2002-11",
            "price": "31.29",
            "revenue": 1736939
        },
        "2002-12": {
            "month": "2002-12",
            "price": "35.50",
            "revenue": 1817184
        },
        "2003-01": {
            "month": "2003-01",
            "price": "34.86",
            "revenue": 1823917
        },
        "2003-02": {
            "month": "2003-02",
            "price": "34.21",
            "revenue": 1757139
        },
        "2003-03": {
            "month": "2003-03",
            "price": "33.72",
            "revenue": 1842472
        },
        "2003-04": {
            "month": "2003-04",
            "price": "35.09",
            "revenue": 1889945
        },
        "2003-05": {
            "month": "2003-05",
            "price": "36.19",
            "revenue": 2034507
        },
        "2003-06": {
            "month": "2003-06",
            "price": "39.33",
            "revenue": 2115684
        },
        "2003-07": {
            "month": "2003-07",
            "price": "37.97",
            "revenue": 2290404
        },
        "2003-08": {
            "month": "2003-08",
            "price": "40.10",
            "revenue": 2231388
        },
        "2003-09": {
            "month": "2003-09",
            "price": "39.28",
            "revenue": 2170777
        },
        "2003-10": {
            "month": "2003-10",
            "price": "43.07",
            "revenue": 2152775
        },
        "2003-11": {
            "month": "2003-11",
            "price": "49.26",
            "revenue": 2047819
        },
        "2003-12": {
            "month": "2003-12",
            "price": "50.61",
            "revenue": 2052770
        },
        "2004-01": {
            "month": "2004-01",
            "price": "52.32",
            "revenue": 2192003
        },
        "2004-02": {
            "month": "2004-02",
            "price": "58.70",
            "revenue": 1972375
        },
        "2004-03": {
            "month": "2004-03",
            "price": "55.48",
            "revenue": 2126223
        },
        "2004-04": {
            "month": "2004-04",
            "price": "54.30",
            "revenue": 2143391
        },
        "2004-05": {
            "month": "2004-05",
            "price": "51.58",
            "revenue": 2357776
        },
        "2004-06": {
            "month": "2004-06",
            "price": "51.20",
            "revenue": 2346279
        },
        "2004-07": {
            "month": "2004-07",
            "price": "51.35",
            "revenue": 2525170
        },
        "2004-08": {
            "month": "2004-08",
            "price": "51.62",
            "revenue": 2551546
        },
        "2004-09": {
            "month": "2004-09",
            "price": "51.53",
            "revenue": 2356080
        },
        "2004-10": {
            "month": "2004-10",
            "price": "52.26",
            "revenue": 2331998
        },
        "2004-11": {
            "month": "2004-11",
            "price": "54.03",
            "revenue": 2213939
        },
        "2004-12": {
            "month": "2004-12",
            "price": "54.80",
            "revenue": 2248976
        },
        "2005-01": {
            "month": "2005-01",
            "price": "52.87",
            "revenue": 2186831
        },
        "2005-02": {
            "month": "2005-02",
            "price": "52.50",
            "revenue": 2172723
        },
        "2005-03": {
            "month": "2005-03",
            "price": "51.91",
            "revenue": 2263059
        },
        "2005-04": {
            "month": "2005-04",
            "price": "53.29",
            "revenue": 2364689
        },
        "2005-05": {
            "month": "2005-05",
            "price": "53.52",
            "revenue": 2434188
        },
        "2005-06": {
            "month": "2005-06",
            "price": "53.74",
            "revenue": 2273040
        },
        "2005-07": {
            "month": "2005-07",
            "price": "54.53",
            "revenue": 2627003
        },
        "2005-08": {
            "month": "2005-08",
            "price": "51.48",
            "revenue": 2703091
        },
        "2005-09": {
            "month": "2005-09",
            "price": "51.03",
            "revenue": 2646670
        },
        "2005-10": {
            "month": "2005-10",
            "price": "48.58",
            "revenue": 2635123
        },
        "2005-11": {
            "month": "2005-11",
            "price": "49.75",
            "revenue": 2736831
        },
        "2005-12": {
            "month": "2005-12",
            "price": "51.03",
            "revenue": 2640543
        },
        "2006-01": {
            "month": "2006-01",
            "price": "51.82",
            "revenue": 2738463
        },
        "2006-02": {
            "month": "2006-02",
            "price": "50.80",
            "revenue": 2338039
        },
        "2006-03": {
            "month": "2006-03",
            "price": "49.78",
            "revenue": 2270752
        },
        "2006-04": {
            "month": "2006-04",
            "price": "49.50",
            "revenue": 2493470
        },
        "2006-05": {
            "month": "2006-05",
            "price": "50.64",
            "revenue": 2694421
        },
        "2006-06": {
            "month": "2006-06",
            "price": "49.72",
            "revenue": 2783042
        },
        "2006-07": {
            "month": "2006-07",
            "price": "50.32",
            "revenue": 2740841
        },
        "2006-08": {
            "month": "2006-08",
            "price": "51.08",
            "revenue": 2692549
        },
        "2006-09": {
            "month": "2006-09",
            "price": "50.77",
            "revenue": 2542157
        },
        "2006-10": {
            "month": "2006-10",
            "price": "51.38",
            "revenue": 2670539
        },
        "2006-11": {
            "month": "2006-11",
            "price": "51.16",
            "revenue": 2408413
        },
        "2006-12": {
            "month": "2006-12",
            "price": "50.99",
            "revenue": 2414213
        },
        "2007-01": {
            "month": "2007-01",
            "price": "49.24",
            "revenue": 2416360
        },
        "2007-02": {
            "month": "2007-02",
            "price": "49.76",
            "revenue": 2502406
        },
        "2007-03": {
            "month": "2007-03",
            "price": "49.89",
            "revenue": 2555435
        },
        "2007-04": {
            "month": "2007-04",
            "price": "50.66",
            "revenue": 2551918
        },
        "2007-05": {
            "month": "2007-05",
            "price": "51.91",
            "revenue": 2728505
        },
        "2007-06": {
            "month": "2007-06",
            "price": "52.41",
            "revenue": 2698956
        },
        "2007-07": {
            "month": "2007-07",
            "price": "54.33",
            "revenue": 3029872
        },
        "2007-08": {
            "month": "2007-08",
            "price": "51.71",
            "revenue": 3344389
        },
        "2007-09": {
            "month": "2007-09",
            "price": "51.13",
            "revenue": 3081076
        },
        "2007-10": {
            "month": "2007-10",
            "price": "52.60",
            "revenue": 2937270
        },
        "2007-11": {
            "month": "2007-11",
            "price": "52.48",
            "revenue": 2753587
        },
        "2007-12": {
            "month": "2007-12",
            "price": "49.92",
            "revenue": 2818224
        },
        "2008-01": {
            "month": "2008-01",
            "price": "49.69",
            "revenue": 3006540
        },
        "2008-02": {
            "month": "2008-02",
            "price": "52.22",
            "revenue": 3026450
        },
        "2008-03": {
            "month": "2008-03",
            "price": "54.85",
            "revenue": 2921727
        },
        "2008-04": {
            "month": "2008-04",
            "price": "56.12",
            "revenue": 3081081
        },
        "2008-05": {
            "month": "2008-05",
            "price": "55.63",
            "revenue": 3274186
        },
        "2008-06": {
            "month": "2008-06",
            "price": "56.08",
            "revenue": 3159103
        },
        "2008-07": {
            "month": "2008-07",
            "price": "51.71",
            "revenue": 3456286
        },
        "2008-08": {
            "month": "2008-08",
            "price": "49.82",
            "revenue": 3470185
        },
        "2008-09": {
            "month": "2008-09",
            "price": "49.02",
            "revenue": 3228930
        },
        "2008-10": {
            "month": "2008-10",
            "price": "45.88",
            "revenue": 3221119
        },
        "2008-11": {
            "month": "2008-11",
            "price": "45.76",
            "revenue": 2952750
        },
        "2008-12": {
            "month": "2008-12",
            "price": "47.60",
            "revenue": 3033530
        },
        "2009-01": {
            "month": "2009-01",
            "price": "48.62",
            "revenue": 3228163
        },
        "2009-02": {
            "month": "2009-02",
            "price": "48.62",
            "revenue": 2899779
        },
        "2009-03": {
            "month": "2009-03",
            "price": "49.92",
            "revenue": 3036564
        },
        "2009-04": {
            "month": "2009-04",
            "price": "51.14",
            "revenue": 2956038
        },
        "2009-05": {
            "month": "2009-05",
            "price": "54.24",
            "revenue": 3258665
        },
        "2009-06": {
            "month": "2009-06",
            "price": "57.44",
            "revenue": 3212950
        },
        "2009-07": {
            "month": "2009-07",
            "price": "54.22",
            "revenue": 3632916
        },
        "2009-08": {
            "month": "2009-08",
            "price": "54.03",
            "revenue": 3679114
        },
        "2009-09": {
            "month": "2009-09",
            "price": "54.98",
            "revenue": 3434640
        },
        "2009-10": {
            "month": "2009-10",
            "price": "55.43",
            "revenue": 3541790
        },
        "2009-11": {
            "month": "2009-11",
            "price": "62.50",
            "revenue": 3171044
        },
        "2009-12": {
            "month": "2009-12",
            "price": "61.17",
            "revenue": 3154109
        },
        "2010-01": {
            "month": "2010-01",
            "price": "60.22",
            "revenue": 3184423
        },
        "2010-02": {
            "month": "2010-02",
            "price": "59.04",
            "revenue": 3260491
        },
        "2010-03": {
            "month": "2010-03",
            "price": "62.39",
            "revenue": 3325341
        },
        "2010-04": {
            "month": "2010-04",
            "price": "67.97",
            "revenue": 3268256
        },
        "2010-05": {
            "month": "2010-05",
            "price": "64.01",
            "revenue": 3717275
        },
        "2010-06": {
            "month": "2010-06",
            "price": "65.67",
            "revenue": 3632261
        },
        "2010-07": {
            "month": "2010-07",
            "price": "68.33",
            "revenue": 4003762
        },
        "2010-08": {
            "month": "2010-08",
            "price": "81.09",
            "revenue": 3960021
        },
        "2010-09": {
            "month": "2010-09",
            "price": "91.10",
            "revenue": 3704590
        },
        "2010-10": {
            "month": "2010-10",
            "price": "89.19",
            "revenue": 3783590
        },
        "2010-11": {
            "month": "2010-11",
            "price": "88.41",
            "revenue": 3547716
        },
        "2010-12": {
            "month": "2010-12",
            "price": "91.83",
            "revenue": 3566106
        },
        "2011-01": {
            "month": "2011-01",
            "price": "100.34",
            "revenue": 3495592
        },
        "2011-02": {
            "month": "2011-02",
            "price": "106.94",
            "revenue": 3308275
        },
        "2011-03": {
            "month": "2011-03",
            "price": "110.02",
            "revenue": 3507977
        },
        "2011-04": {
            "month": "2011-04",
            "price": "131.68",
            "revenue": 3796799
        },
        "2011-05": {
            "month": "2011-05",
            "price": "137.83",
            "revenue": 3927056
        },
        "2011-06": {
            "month": "2011-06",
            "price": "135.12",
            "revenue": 3892256
        },
        "2011-07": {
            "month": "2011-07",
            "price": "150.33",
            "revenue": 4186706
        },
        "2011-08": {
            "month": "2011-08",
            "price": "153.52",
            "revenue": 4203710
        },
        "2011-09": {
            "month": "2011-09",
            "price": "141.43",
            "revenue": 4444292
        },
        "2011-10": {
            "month": "2011-10",
            "price": "131.00",
            "revenue": 4411963
        },
        "2011-11": {
            "month": "2011-11",
            "price": "132.52",
            "revenue": 4145609
        },
        "2011-12": {
            "month": "2011-12",
            "price": "126.27",
            "revenue": 4107737
        },
        "2012-01": {
            "month": "2012-01",
            "price": "124.20",
            "revenue": 4523114
        },
        "2012-02": {
            "month": "2012-02",
            "price": "135.95",
            "revenue": 3898680
        },
        "2012-03": {
            "month": "2012-03",
            "price": "151.07",
            "revenue": 4269153
        },
        "2012-04": {
            "month": "2012-04",
            "price": "146.02",
            "revenue": 4295590
        },
        "2012-05": {
            "month": "2012-05",
            "price": "143.05",
            "revenue": 4736865
        },
        "2012-06": {
            "month": "2012-06",
            "price": "141.24",
            "revenue": 4702295
        },
        "2012-07": {
            "month": "2012-07",
            "price": "142.02",
            "revenue": 4878244
        },
        "2012-08": {
            "month": "2012-08",
            "price": "149.55",
            "revenue": 4698269
        },
        "2012-09": {
            "month": "2012-09",
            "price": "144.38",
            "revenue": 4521907
        },
        "2012-10": {
            "month": "2012-10",
            "price": "145.23",
            "revenue": 4628962
        },
        "2012-11": {
            "month": "2012-11",
            "price": "140.86",
            "revenue": 4312386
        },
        "2012-12": {
            "month": "2012-12",
            "price": "137.76",
            "revenue": 4455122
        },
        "2013-01": {
            "month": "2013-01",
            "price": "134.05",
            "revenue": 4143999
        },
        "2013-02": {
            "month": "2013-02",
            "price": "133.81",
            "revenue": 4076375
        },
        "2013-03": {
            "month": "2013-03",
            "price": "137.29",
            "revenue": 4205997
        },
        "2013-04": {
            "month": "2013-04",
            "price": "136.62",
            "revenue": 4115518
        },
        "2013-05": {
            "month": "2013-05",
            "price": "139.55",
            "revenue": 4641397
        },
        "2013-06": {
            "month": "2013-06",
            "price": "140.95",
            "revenue": 4825777
        },
        "2013-07": {
            "month": "2013-07",
            "price": "155.78",
            "revenue": 4809076
        },
        "2013-08": {
            "month": "2013-08",
            "price": "153.17",
            "revenue": 4817845
        },
        "2013-09": {
            "month": "2013-09",
            "price": "147.45",
            "revenue": 4664126
        },
        "2013-10": {
            "month": "2013-10",
            "price": "154.23",
            "revenue": 4790691
        },
        "2013-11": {
            "month": "2013-11",
            "price": "171.95",
            "revenue": 4326465
        },
        "2013-12": {
            "month": "2013-12",
            "price": "189.86",
            "revenue": 4304893
        },
        "2014-01": {
            "month": "2014-01",
            "price": "180.17",
            "revenue": 4447486
        },
        "2014-02": {
            "month": "2014-02",
            "price": "181.65",
            "revenue": 4131550
        },
        "2014-03": {
            "month": "2014-03",
            "price": "200.36",
            "revenue": 4482868
        },
        "2014-04": {
            "month": "2014-04",
            "price": "199.93",
            "revenue": 4470872
        },
        "2014-05": {
            "month": "2014-05",
            "price": "210.88",
            "revenue": 4866562
        },
        "2014-06": {
            "month": "2014-06",
            "price": "213.60",
            "revenue": 4909097
        },
        "2014-07": {
            "month": "2014-07",
            "price": "210.41",
            "revenue": 5183291
        },
        "2014-08": {
            "month": "2014-08",
            "price": "209.50",
            "revenue": 5057229
        },
        "2014-09": {
            "month": "2014-09",
            "price": "208.31",
            "revenue": 4894011
        },
        "2014-10": {
            "month": "2014-10",
            "price": "200.34",
            "revenue": 4700599
        },
        "2014-11": {
            "month": "2014-11",
            "price": "192.90",
            "revenue": 4493972
        },
        "2014-12": {
            "month": "2014-12",
            "price": "198.94",
            "revenue": 4430104
        },
        "2015-01": {
            "month": "2015-01",
            "price": "195.88",
            "revenue": 4461503
        },
        "2015-02": {
            "month": "2015-02",
            "price": "200.15",
            "revenue": 4381436
        },
        "2015-03": {
            "month": "2015-03",
            "price": "221.39",
            "revenue": 4529511
        },
        "2015-04": {
            "month": "2015-04",
            "price": "241.60",
            "revenue": 4636423
        },
        "2015-05": {
            "month": "2015-05",
            "price": "238.55",
            "revenue": 4947752
        },
        "2015-06": {
            "month": "2015-06",
            "price": "237.38",
            "revenue": 5103367
        },
        "2015-07": {
            "month": "2015-07",
            "price": "214.45",
            "revenue": 5299900
        },
        "2015-08": {
            "month": "2015-08",
            "price": "222.21",
            "revenue": 5176344
        },
        "2015-09": {
            "month": "2015-09",
            "price": "206.35",
            "revenue": 4889420
        },
        "2015-10": {
            "month": "2015-10",
            "price": "210.31",
            "revenue": 4982054
        },
        "2015-11": {
            "month": "2015-11",
            "price": "209.88",
            "revenue": 4706936
        },
        "2015-12": {
            "month": "2015-12",
            "price": "201.24",
            "revenue": 4676623
        },
        "2016-01": {
            "month": "2016-01",
            "price": "199.60",
            "revenue": 4754472
        },
        "2016-02": {
            "month": "2016-02",
            "price": "202.62",
            "revenue": 4633364
        },
        "2016-03": {
            "month": "2016-03",
            "price": "214.63",
            "revenue": 4722822
        },
        "2016-04": {
            "month": "2016-04",
            "price": "210.75",
            "revenue": 4773501
        },
        "2016-05": {
            "month": "2016-05",
            "price": "202.24",
            "revenue": 5197829
        },
        "2016-06": {
            "month": "2016-06",
            "price": "201.17",
            "revenue": 5297177
        },
        "2016-07": {
            "month": "2016-07",
            "price": "209.35",
            "revenue": 5512013
        },
        "2016-08": {
            "month": "2016-08",
            "price": "222.85",
            "revenue": 5376482
        },
        "2016-09": {
            "month": "2016-09",
            "price": "224.34",
            "revenue": 5033955
        },
        "2016-10": {
            "month": "2016-10",
            "price": "221.14",
            "revenue": 5280705
        },
        "2016-11": {
            "month": "2016-11",
            "price": "219.16",
            "revenue": 4883639
        },
        "2016-12": {
            "month": "2016-12",
            "price": "208.35",
            "revenue": 5101975
        },
        "2017-01": {
            "month": "2017-01",
            "price": "209.00",
            "revenue": 5302246
        },
        "2017-02": {
            "month": "2017-02",
            "price": "206.00",
            "revenue": 4479910
        },
        "2017-03": {
            "month": "2017-03",
            "price": "203.09",
            "revenue": 5071121
        },
        "2017-04": {
            "month": "2017-04",
            "price": "203.22",
            "revenue": 5129516
        },
        "2017-05": {
            "month": "2017-05",
            "price": "205.30",
            "revenue": 5720366
        },
        "2017-06": {
            "month": "2017-06",
            "price": "205.96",
            "revenue": 5485689
        },
        "2017-07": {
            "month": "2017-07",
            "price": "203.90",
            "revenue": 5706762
        },
        "2017-08": {
            "month": "2017-08",
            "price": "198.91",
            "revenue": 5846830
        },
        "2017-09": {
            "month": "2017-09",
            "price": "186.07",
            "revenue": 5473209
        },
        "2017-10": {
            "month": "2017-10",
            "price": "183.95",
            "revenue": 5536208
        },
        "2017-11": {
            "month": "2017-11",
            "price": "180.64",
            "revenue": 5195527
        },
        "2017-12": {
            "month": "2017-12",
            "price": "176.31",
            "revenue": 5484015
        },
        "2018-01": {
            "month": "2018-01",
            "price": "187.02",
            "revenue": 5485087
        },
        "2018-02": {
            "month": "2018-02",
            "price": "185.15",
            "revenue": 5197132
        },
        "2018-03": {
            "month": "2018-03",
            "price": "176.74",
            "revenue": 5666592
        },
        "2018-04": {
            "month": "2018-04",
            "price": "175.53",
            "revenue": 5697106
        },
        "2018-05": {
            "month": "2018-05",
            "price": "179.39",
            "revenue": 6253975
        },
        "2018-06": {
            "month": "2018-06",
            "price": "181.92",
            "revenue": 6184958
        },
        "2018-07": {
            "month": "2018-07",
            "price": "189.16",
            "revenue": 6373882
        },
        "2018-08": {
            "month": "2018-08",
            "price": "196.98",
            "revenue": 6374284
        },
        "2018-09": {
            "month": "2018-09",
            "price": "207.34",
            "revenue": 6068023
        },
        "2018-10": {
            "month": "2018-10",
            "price": "211.86",
            "revenue": 6158619
        },
        "2018-11": {
            "month": "2018-11",
            "price": "206.14",
            "revenue": 6071420
        },
        "2018-12": {
            "month": "2018-12",
            "price": "213.69",
            "revenue": 6189895
        },
        "2019-01": {
            "month": "2019-01",
            "price": "220.02",
            "revenue": 6285771
        },
        "2019-02": {
            "month": "2019-02",
            "price": "232.62",
            "revenue": 5739799
        },
        "2019-03": {
            "month": "2019-03",
            "price": "223.88",
            "revenue": 6166708
        },
        "2019-04": {
            "month": "2019-04",
            "price": "218.78",
            "revenue": 6147252
        },
        "2019-05": {
            "month": "2019-05",
            "price": "220.45",
            "revenue": 6411287
        },
        "2019-06": {
            "month": "2019-06",
            "price": "226.24",
            "revenue": 6628302
        },
        "2019-07": {
            "month": "2019-07",
            "price": "224.98",
            "revenue": 6900293
        },
        "2019-08": {
            "month": "2019-08",
            "price": "219.90",
            "revenue": 6850825
        },
        "2019-09": {
            "month": "2019-09",
            "price": "218.24",
            "revenue": 6487354
        },
        "2019-10": {
            "month": "2019-10",
            "price": "218.90",
            "revenue": 6866936
        },
        "2019-11": {
            "month": "2019-11",
            "price": "219.33",
            "revenue": 6555842
        },
        "2019-12": {
            "month": "2019-12",
            "price": "218.93",
            "revenue": 6689328
        },
        "2020-01": {
            "month": "2020-01",
            "price": "218.60",
            "revenue": 6999116
        },
        "2020-02": {
            "month": "2020-02",
            "price": "218.39",
            "revenue": 6093921
        },
        "2020-03": {
            "month": "2020-03",
            "price": "208.66",
            "revenue": 6698910
        },
        "2020-04": {
            "month": "2020-04",
            "price": "217.80",
            "revenue": 6499630
        },
        "2020-05": {
            "month": "2020-05",
            "price": "231.02",
            "revenue": 7312994
        },
        "2020-06": {
            "month": "2020-06",
            "price": "241.45",
            "revenue": 7297920
        },
        "2020-07": {
            "month": "2020-07",
            "price": "254.22",
            "revenue": 7833253
        },
        "2020-08": {
            "month": "2020-08",
            "price": "261.50",
            "revenue": 7728213
        },
        "2020-09": {
            "month": "2020-09",
            "price": "262.91",
            "revenue": 7171119
        },
        "2020-10": {
            "month": "2020-10",
            "price": "262.45",
            "revenue": 7318067
        },
        "2020-11": {
            "month": "2020-11",
            "price": "264.95",
            "revenue": 7150622
        },
        "2020-12": {
            "month": "2020-12",
            "price": "262.59",
            "revenue": 7261910
        },
        "2021-01": {
            "month": "2021-01",
            "price": "261.42",
            "revenue": 7046699
        },
        "2021-02": {
            "month": "2021-02",
            "price": "259.08",
            "revenue": 6610267
        },
        "2021-03": {
            "month": "2021-03",
            "price": "262.77",
            "revenue": 7184987
        },
        "2021-04": {
            "month": "2021-04",
            "price": "266.63",
            "revenue": 7034902
        },
        "2021-05": {
            "month": "2021-05",
            "price": "265.69",
            "revenue": 7154812
        },
        "2021-06": {
            "month": "2021-06",
            "price": "264.58",
            "revenue": 6311274
        },
        "2021-07": {
            "month": "2021-07",
            "price": "264.57",
            "revenue": 6824824
        },
        "2021-08": {
            "month": "2021-08",
            "price": "262.48",
            "revenue": 6968121
        },
        "2021-09": {
            "month": "2021-09",
            "price": "259.82",
            "revenue": 6869297
        },
        "2021-10": {
            "month": "2021-10",
            "price": "259.53",
            "revenue": 7378430
        },
        "2021-11": {
            "month": "2021-11",
            "price": "256.16",
            "revenue": 7017661
        },
        "2021-12": {
            "month": "2021-12",
            "price": "249.48",
            "revenue": 7258238
        },
        "2022-01": {
            "month": "2022-01",
            "price": "246.72",
            "revenue": 7380686
        },
        "2022-02": {
            "month": "2022-02",
            "price": "237.57",
            "revenue": 6245514
        },
        "2022-03": {
            "month": "2022-03",
            "price": "208.13",
            "revenue": 7367329
        },
        "2022-04": {
            "month": "2022-04",
            "price": "200.00",
            "revenue": 7268331
        },
        "2022-05": {
            "month": "2022-05",
            "price": "188.17",
            "revenue": 7420441
        },
        "2022-06": {
            "month": "2022-06",
            "price": "187.95",
            "revenue": 7505180
        },
        "2022-07": {
            "month": "2022-07",
            "price": "191.45",
            "revenue": 8200610
        },
        "2022-08": {
            "month": "2022-08",
            "price": "192.39",
            "revenue": 8198524
        },
        "2022-09": {
            "month": "2022-09",
            "price": "196.69",
            "revenue": 7613395
        },
        "2022-10": {
            "month": "2022-10",
            "price": "184.63",
            "revenue": 7960850
        },
        "2022-11": {
            "month": "2022-11",
            "price": "186.20",
            "revenue": 7757919
        },
        "2022-12": {
            "month": "2022-12",
            "price": "198.93",
            "revenue": 7821626
        },
        "2023-01": {
            "month": "2023-01",
            "price": "203.35",
            "revenue": 8178583
        },
        "2023-02": {
            "month": "2023-02",
            "price": "201.47",
            "revenue": 6935645
        },
        "2023-03": {
            "month": "2023-03",
            "price": "216.22",
            "revenue": 8012019
        },
        "2023-04": {
            "month": "2023-04",
            "price": "215.91",
            "revenue": 7927683
        },
        "2023-05": {
            "month": "2023-05",
            "price": "212.32",
            "revenue": 8361325
        },
        "2023-06": {
            "month": "2023-06",
            "price": "212.18",
            "revenue": 8429197
        },
        "2023-07": {
            "month": "2023-07",
            "price": "213.33",
            "revenue": 8909048
        },
        "2023-08": {
            "month": "2023-08",
            "price": "207.50",
            "revenue": 8893314
        },
        "2023-09": {
            "month": "2023-09",
            "price": "200.53",
            "revenue": 8479103
        },
        "2023-10": {
            "month": "2023-10",
            "price": "190.55",
            "revenue": 8617374
        },
        "2023-11": {
            "month": "2023-11",
            "price": "185.55",
            "revenue": 8314930
        },
        "2023-12": {
            "month": "2023-12",
            "price": "189.48",
            "revenue": 8551990
        },
        "2024-01": {
            "month": "2024-01",
            "price": "188.80",
            "revenue": 8339245
        },
        "2024-02": {
            "month": "2024-02",
            "price": "188.46",
            "revenue": 7995632
        }
    }
}
