{
    "summary": {
        "stock_name": "寶雅",
        "stock_id": "5904",
        "category": "居家生活",
        "main_business": "零售業(1)時尚美粧美材保養品(2)流行內衣襪<br>零售業(3)生活日常用品(4)精緻個人用品",
        "website_url": "http://www.poya.com.tw",
        "ceo": "陳宗成",
        "pe_ratio": 20,
        "report_year_from": 2001,
        "report_year_to": 2023,
        "age": 23,
        "eps_negative_percentage": 0,
        "eps_growth_avg": {
            "last_all": 10.09,
            "last_2y": 5.31,
            "last_4y": 7.62,
            "last_8y": 13.41,
            "last_12y": 17.07,
            "last_16y": 14.56,
            "last_20y": 11.27,
            "at_2006_last_3y": -2.71,
            "at_2007_last_3y": -8.1,
            "at_2008_last_3y": -3.43,
            "at_2009_last_3y": -10.19,
            "at_2010_last_3y": 6.4,
            "at_2011_last_3y": 10.69,
            "at_2012_last_3y": 12.18,
            "at_2013_last_3y": 21.98,
            "at_2014_last_3y": 25.3,
            "at_2015_last_3y": 28.09,
            "at_2016_last_3y": 26.78,
            "at_2017_last_3y": 24.96,
            "at_2018_last_3y": 20.65,
            "at_2019_last_3y": 17.79,
            "at_2020_last_3y": 15.53,
            "at_2021_last_3y": 6.81,
            "at_2022_last_3y": 4.44,
            "at_2023_last_3y": 6.95,
            "at_2024_last_3y": 6.95,
            "at_2006_last_all": -5.11,
            "at_2007_last_all": -5.35,
            "at_2008_last_all": -1.71,
            "at_2009_last_all": -2.9,
            "at_2010_last_all": 0,
            "at_2011_last_all": 1.07,
            "at_2012_last_all": 3.35,
            "at_2013_last_all": 5.39,
            "at_2014_last_all": 7.79,
            "at_2015_last_all": 8.79,
            "at_2016_last_all": 9.59,
            "at_2017_last_all": 10.28,
            "at_2018_last_all": 10.81,
            "at_2019_last_all": 10.79,
            "at_2020_last_all": 10.84,
            "at_2021_last_all": 9.59,
            "at_2022_last_all": 9.6,
            "at_2023_last_all": 10.09,
            "at_2024_last_all": 10.09
        },
        "latest_eps": 24.4,
        "latest_price": 495,
        "latest_roe": 40.78,
        "latest_gross_margin": 45.64,
        "latest_equity": 6314284,
        "latest_revenue": 5634862,
        "latest_gross_profit": 2571969,
        "latest_net_income": 679732,
        "latest_debt_ratio": 75.44,
        "latest_current_ratio": 117.78,
        "latest_account_receivable_turnover_ratio": 4.26,
        "latest_inventory_turnover_ratio": 0.59,
        "latest_reinvestment_rate": 8.66,
        "latest_research_to_sale_ratio": null
    },
    "eps_dividends": {
        "2000": {
            "cash": 0,
            "stock": 2,
            "eps": 0
        },
        "2001": {
            "cash": 0.5,
            "stock": 1.5,
            "eps": 4.21
        },
        "2002": {
            "cash": 0.5,
            "stock": 2.5,
            "eps": 3.59
        },
        "2003": {
            "cash": 1.5,
            "stock": 1.5,
            "eps": 4.13
        },
        "2004": {
            "cash": 2.5,
            "stock": 0.5,
            "eps": 4.19
        },
        "2005": {
            "cash": 0.7,
            "stock": 3,
            "eps": 4.85
        },
        "2006": {
            "cash": 1.66,
            "stock": 1.52,
            "eps": 2.76
        },
        "2007": {
            "cash": 1.66,
            "stock": 0.1,
            "eps": 2.58
        },
        "2008": {
            "cash": 1.8,
            "stock": 0.1,
            "eps": 3.1
        },
        "2009": {
            "cash": 1.8,
            "stock": 0.9,
            "eps": 2.75
        },
        "2010": {
            "cash": 0.5,
            "stock": 1.95,
            "eps": 3.39
        },
        "2011": {
            "cash": 2.8,
            "stock": 0.1,
            "eps": 3.75
        },
        "2012": {
            "cash": 3.28,
            "stock": 0.1,
            "eps": 4.73
        },
        "2013": {
            "cash": 4.1,
            "stock": 0.1,
            "eps": 6.05
        },
        "2014": {
            "cash": 4.8,
            "stock": 0.1,
            "eps": 8.26
        },
        "2015": {
            "cash": 7.4,
            "stock": 0.1,
            "eps": 10.06
        },
        "2016": {
            "cash": 8.8,
            "stock": 0.1,
            "eps": 12.16
        },
        "2017": {
            "cash": 10.7,
            "stock": 0.1,
            "eps": 14.67
        },
        "2018": {
            "cash": 13,
            "stock": 0,
            "eps": 17.5
        },
        "2019": {
            "cash": 15.75,
            "stock": 0,
            "eps": 19.31
        },
        "2020": {
            "cash": 17.1,
            "stock": 0,
            "eps": 21.6
        },
        "2021": {
            "cash": 18.7,
            "stock": 0.3,
            "eps": 18.52
        },
        "2022": {
            "cash": 11,
            "stock": 0.1,
            "eps": 20.34
        },
        "2023": {
            "cash": 23.9,
            "stock": 0.1,
            "eps": 24.48
        },
        "2024": {
            "cash": 21,
            "stock": 0.1,
            "eps": 0
        }
    },
    "dividends": {
        "2000-06-26": {
            "cash": 0,
            "stock": 2
        },
        "2001-06-26": {
            "cash": 0.5,
            "stock": 1.5
        },
        "2002-04-22": {
            "cash": 0.5,
            "stock": 2.5
        },
        "2003-04-21": {
            "cash": 1.5,
            "stock": 1.5
        },
        "2004-04-06": {
            "cash": 2.5,
            "stock": 0.5
        },
        "2005-04-04": {
            "cash": 0.7,
            "stock": 3
        },
        "2006-04-12": {
            "cash": 1.66,
            "stock": 1.52
        },
        "2007-04-10": {
            "cash": 1.66,
            "stock": 0.1
        },
        "2008-04-01": {
            "cash": 1.8,
            "stock": 0.1
        },
        "2009-04-20": {
            "cash": 1.8,
            "stock": 0.9
        },
        "2010-04-26": {
            "cash": 0.5,
            "stock": 1.95
        },
        "2011-04-25": {
            "cash": 2.8,
            "stock": 0.1
        },
        "2012-06-06": {
            "cash": 3.28,
            "stock": 0.1
        },
        "2013-06-11": {
            "cash": 4.1,
            "stock": 0.1
        },
        "2014-08-27": {
            "cash": 4.8,
            "stock": 0.1
        },
        "2015-08-27": {
            "cash": 7.4,
            "stock": 0.1
        },
        "2016-08-11": {
            "cash": 8.8,
            "stock": 0.1
        },
        "2017-08-30": {
            "cash": 10.7,
            "stock": 0.1
        },
        "2018-07-12": {
            "cash": 13,
            "stock": 0
        },
        "2019-07-09": {
            "cash": 15.75,
            "stock": 0
        },
        "2020-06-12": {
            "cash": 17.1,
            "stock": 0
        },
        "2021-08-31": {
            "cash": 18.7,
            "stock": 0.3
        },
        "2022-09-02": {
            "cash": 11,
            "stock": 0.1
        },
        "2023-08-25": {
            "cash": 23.9,
            "stock": 0.1
        },
        "2024-02-26": {
            "cash": 21,
            "stock": 0.1
        }
    },
    "prices": {
        "200101": "無",
        "200102": "無",
        "200103": "無",
        "200104": "無",
        "200105": "無",
        "200106": "無",
        "200107": "無",
        "200108": "無",
        "200109": "無",
        "200110": "無",
        "200111": "無",
        "200112": "無",
        "200201": "無",
        "200202": "無",
        "200203": "無",
        "200204": "無",
        "200205": "無",
        "200206": "無",
        "200207": "無",
        "200208": "無",
        "200209": "40.77",
        "200210": "31.74",
        "200211": "32.90",
        "200212": "32.91",
        "200301": "33.36",
        "200302": "31.80",
        "200303": "31.31",
        "200304": "30.84",
        "200305": "31.50",
        "200306": "34.14",
        "200307": "29.64",
        "200308": "28.61",
        "200309": "28.57",
        "200310": "31.51",
        "200311": "34.16",
        "200312": "33.49",
        "200401": "33.89",
        "200402": "37.90",
        "200403": "37.70",
        "200404": "37.16",
        "200405": "34.21",
        "200406": "33.34",
        "200407": "30.05",
        "200408": "27.32",
        "200409": "26.38",
        "200410": "25.74",
        "200411": "24.85",
        "200412": "24.55",
        "200501": "25.03",
        "200502": "26.86",
        "200503": "28.24",
        "200504": "29.75",
        "200505": "29.40",
        "200506": "29.95",
        "200507": "26.45",
        "200508": "25.85",
        "200509": "24.72",
        "200510": "24.54",
        "200511": "24.88",
        "200512": "26.14",
        "200601": "28.80",
        "200602": "28.62",
        "200603": "27.80",
        "200604": "28.78",
        "200605": "28.13",
        "200606": "26.50",
        "200607": "25.41",
        "200608": "23.96",
        "200609": "22.72",
        "200610": "22.62",
        "200611": "20.25",
        "200612": "21.20",
        "200701": "21.80",
        "200702": "21.48",
        "200703": "21.22",
        "200704": "22.34",
        "200705": "21.79",
        "200706": "25.78",
        "200707": "30.80",
        "200708": "25.15",
        "200709": "24.49",
        "200710": "25.96",
        "200711": "22.72",
        "200712": "20.56",
        "200801": "19.43",
        "200802": "19.41",
        "200803": "21.94",
        "200804": "25.55",
        "200805": "26.89",
        "200806": "26.50",
        "200807": "23.64",
        "200808": "24.06",
        "200809": "22.68",
        "200810": "19.69",
        "200811": "18.57",
        "200812": "20.78",
        "200901": "22.48",
        "200902": "23.18",
        "200903": "24.45",
        "200904": "26.91",
        "200905": "28.28",
        "200906": "28.61",
        "200907": "28.08",
        "200908": "26.99",
        "200909": "26.99",
        "200910": "28.48",
        "200911": "27.04",
        "200912": "27.88",
        "201001": "28.49",
        "201002": "28.18",
        "201003": "29.01",
        "201004": "29.81",
        "201005": "31.76",
        "201006": "32.16",
        "201007": "33.30",
        "201008": "35.48",
        "201009": "31.73",
        "201010": "30.20",
        "201011": "28.16",
        "201012": "29.45",
        "201101": "29.79",
        "201102": "29.45",
        "201103": "29.62",
        "201104": "31.68",
        "201105": "34.43",
        "201106": "35.26",
        "201107": "44.64",
        "201108": "42.90",
        "201109": "38.53",
        "201110": "37.50",
        "201111": "35.71",
        "201112": "33.72",
        "201201": "36.17",
        "201202": "42.93",
        "201203": "45.64",
        "201204": "45.45",
        "201205": "51.46",
        "201206": "51.99",
        "201207": "57.01",
        "201208": "61.85",
        "201209": "64.29",
        "201210": "68.90",
        "201211": "68.94",
        "201212": "74.09",
        "201301": "80.83",
        "201302": "91.98",
        "201303": "96.73",
        "201304": "98.12",
        "201305": "119.73",
        "201306": "113.47",
        "201307": "138.04",
        "201308": "148.21",
        "201309": "146.42",
        "201310": "153.52",
        "201311": "175.83",
        "201312": "186.55",
        "201401": "186.92",
        "201402": "184.82",
        "201403": "195.05",
        "201404": "192.00",
        "201405": "184.36",
        "201406": "184.72",
        "201407": "177.80",
        "201408": "173.40",
        "201409": "183.52",
        "201410": "191.14",
        "201411": "227.28",
        "201412": "245.06",
        "201501": "249.08",
        "201502": "266.15",
        "201503": "278.23",
        "201504": "312.10",
        "201505": "354.95",
        "201506": "374.29",
        "201507": "320.98",
        "201508": "334.14",
        "201509": "319.72",
        "201510": "340.62",
        "201511": "350.31",
        "201512": "312.80",
        "201601": "304.74",
        "201602": "331.27",
        "201603": "347.30",
        "201604": "336.11",
        "201605": "352.26",
        "201606": "355.69",
        "201607": "377.92",
        "201608": "448.70",
        "201609": "465.42",
        "201610": "464.20",
        "201611": "428.98",
        "201612": "382.45",
        "201701": "383.16",
        "201702": "361.42",
        "201703": "374.89",
        "201704": "376.36",
        "201705": "417.42",
        "201706": "399.57",
        "201707": "383.48",
        "201708": "372.30",
        "201709": "375.82",
        "201710": "375.42",
        "201711": "371.43",
        "201712": "371.22",
        "201801": "369.43",
        "201802": "372.96",
        "201803": "371.20",
        "201804": "337.81",
        "201805": "323.55",
        "201806": "329.80",
        "201807": "328.82",
        "201808": "322.39",
        "201809": "299.58",
        "201810": "265.00",
        "201811": "294.57",
        "201812": "304.24",
        "201901": "317.79",
        "201902": "315.96",
        "201903": "352.60",
        "201904": "361.85",
        "201905": "371.39",
        "201906": "409.03",
        "201907": "434.54",
        "201908": "423.90",
        "201909": "430.89",
        "201910": "436.81",
        "201911": "415.50",
        "201912": "432.68",
        "202001": "430.90",
        "202002": "473.61",
        "202003": "445.61",
        "202004": "459.92",
        "202005": "554.35",
        "202006": "583.60",
        "202007": "605.48",
        "202008": "601.10",
        "202009": "563.05",
        "202010": "591.47",
        "202011": "599.95",
        "202012": "591.17",
        "202101": "578.75",
        "202102": "587.08",
        "202103": "601.00",
        "202104": "599.47",
        "202105": "573.81",
        "202106": "549.38",
        "202107": "546.09",
        "202108": "547.23",
        "202109": "487.88",
        "202110": "491.52",
        "202111": "504.73",
        "202112": "464.39",
        "202201": "430.28",
        "202202": "412.80",
        "202203": "394.85",
        "202204": "361.87",
        "202205": "296.90",
        "202206": "289.90",
        "202207": "360.57",
        "202208": "397.39",
        "202209": "431.98",
        "202210": "415.60",
        "202211": "467.70",
        "202212": "463.34",
        "202301": "527.35",
        "202302": "550.67",
        "202303": "585.43",
        "202304": "588.29",
        "202305": "554.18",
        "202306": "560.70",
        "202307": "539.19",
        "202308": "494.82",
        "202309": "490.32",
        "202310": "478.35",
        "202311": "516.36",
        "202312": "543.57",
        "202401": "532.27",
        "202402": "502.85",
        "202403": "498.67",
        "202404": "無"
    },
    "quarters": {
        "20011": {
            "year_quarter": 20011,
            "year": 2001,
            "quarter": 1,
            "eps": 1.15,
            "eps_growth_year": null,
            "eps_4q": null,
            "eps_4q_growth_year": null,
            "roe": 8.67,
            "roe_4q": 8.67,
            "gross_profit": 107863,
            "gross_margin": 22.4,
            "gross_margin_4q_avg": 22.4,
            "net_income": 17085,
            "net_income_4q": null,
            "revenue": 481549,
            "revenue_4q": null,
            "common_shares": 148800,
            "book_valuer_per_share": 13.82,
            "book_valuer_per_share_4q_avg": 13.82,
            "equity": 205706,
            "current_ratio": 109.51,
            "debt_ratio": 62.14,
            "inventory_turnover_ratio": 1.5,
            "account_receivable_turnover_ratio": null,
            "reinvestment_rate": null,
            "research_to_sale_ratio": null,
            "price_fair": 0,
            "eps_avg_yearly": 0,
            "eps_latest_yearly": 0,
            "eps_growth_yearly": 0
        },
        "20012": {
            "year_quarter": 20012,
            "year": 2001,
            "quarter": 2,
            "eps": 0.92,
            "eps_growth_year": null,
            "eps_4q": null,
            "eps_4q_growth_year": null,
            "roe": 7.18,
            "roe_4q": 15.85,
            "gross_profit": 108500,
            "gross_margin": 22.39,
            "gross_margin_4q_avg": 22.4,
            "net_income": 15023,
            "net_income_4q": null,
            "revenue": 484637,
            "revenue_4q": null,
            "common_shares": 148800,
            "book_valuer_per_share": 14.29,
            "book_valuer_per_share_4q_avg": 14.06,
            "equity": 212609,
            "current_ratio": 111.54,
            "debt_ratio": 62.64,
            "inventory_turnover_ratio": 1.37,
            "account_receivable_turnover_ratio": null,
            "reinvestment_rate": null,
            "research_to_sale_ratio": null,
            "price_fair": 0,
            "eps_avg_yearly": 0,
            "eps_latest_yearly": 0,
            "eps_growth_yearly": 0
        },
        "20013": {
            "year_quarter": 20013,
            "year": 2001,
            "quarter": 3,
            "eps": 1.2,
            "eps_growth_year": null,
            "eps_4q": null,
            "eps_4q_growth_year": null,
            "roe": 8.8,
            "roe_4q": 24.65,
            "gross_profit": 122482,
            "gross_margin": 23.19,
            "gross_margin_4q_avg": 22.66,
            "net_income": 19561,
            "net_income_4q": null,
            "revenue": 528246,
            "revenue_4q": null,
            "common_shares": 148800,
            "book_valuer_per_share": 15.6,
            "book_valuer_per_share_4q_avg": 14.57,
            "equity": 232170,
            "current_ratio": 110.41,
            "debt_ratio": 64.85,
            "inventory_turnover_ratio": 1.43,
            "account_receivable_turnover_ratio": null,
            "reinvestment_rate": null,
            "research_to_sale_ratio": null,
            "price_fair": 0,
            "eps_avg_yearly": 0,
            "eps_latest_yearly": 0,
            "eps_growth_yearly": 0
        },
        "20014": {
            "year_quarter": 20014,
            "year": 2001,
            "quarter": 4,
            "eps": 0.94,
            "eps_growth_year": null,
            "eps_4q": 4.09,
            "eps_4q_growth_year": null,
            "roe": 6.43,
            "roe_4q": 31.08,
            "gross_profit": 113611,
            "gross_margin": 22.66,
            "gross_margin_4q_avg": 22.66,
            "net_income": 15433,
            "net_income_4q": null,
            "revenue": 501331,
            "revenue_4q": null,
            "common_shares": 163680,
            "book_valuer_per_share": 15.13,
            "book_valuer_per_share_4q_avg": 14.71,
            "equity": 247603,
            "current_ratio": 122.08,
            "debt_ratio": 55.93,
            "inventory_turnover_ratio": 1.41,
            "account_receivable_turnover_ratio": null,
            "reinvestment_rate": null,
            "research_to_sale_ratio": null,
            "price_fair": 0,
            "eps_avg_yearly": 0,
            "eps_latest_yearly": 0,
            "eps_growth_yearly": 0
        },
        "20021": {
            "year_quarter": 20021,
            "year": 2002,
            "quarter": 1,
            "eps": 1.1,
            "eps_growth_year": -4.35,
            "eps_4q": 4.15,
            "eps_4q_growth_year": null,
            "roe": 7.02,
            "roe_4q": 29.43,
            "gross_profit": 115954,
            "gross_margin": 24.81,
            "gross_margin_4q_avg": 23.26,
            "net_income": 18014,
            "net_income_4q": null,
            "revenue": 467360,
            "revenue_4q": null,
            "common_shares": 163680,
            "book_valuer_per_share": 16.23,
            "book_valuer_per_share_4q_avg": 15.31,
            "equity": 265617,
            "current_ratio": 129.17,
            "debt_ratio": 54.78,
            "inventory_turnover_ratio": 1.37,
            "account_receivable_turnover_ratio": null,
            "reinvestment_rate": null,
            "research_to_sale_ratio": null,
            "price_fair": 154,
            "eps_avg_yearly": 4.4,
            "eps_latest_yearly": 4.4,
            "eps_growth_yearly": 68.09
        },
        "20022": {
            "year_quarter": 20022,
            "year": 2002,
            "quarter": 2,
            "eps": 0.68,
            "eps_growth_year": -26.09,
            "eps_4q": 3.26,
            "eps_4q_growth_year": null,
            "roe": 5.22,
            "roe_4q": 27.47,
            "gross_profit": 125585,
            "gross_margin": 25.46,
            "gross_margin_4q_avg": 24.03,
            "net_income": 13975,
            "net_income_4q": null,
            "revenue": 493222,
            "revenue_4q": null,
            "common_shares": 163680,
            "book_valuer_per_share": 16.49,
            "book_valuer_per_share_4q_avg": 15.86,
            "equity": 269908,
            "current_ratio": 125.87,
            "debt_ratio": 56.69,
            "inventory_turnover_ratio": 1.46,
            "account_receivable_turnover_ratio": null,
            "reinvestment_rate": null,
            "research_to_sale_ratio": null,
            "price_fair": 10.68,
            "eps_avg_yearly": 3.56,
            "eps_latest_yearly": 2.72,
            "eps_growth_yearly": -42.32
        },
        "20023": {
            "year_quarter": 20023,
            "year": 2002,
            "quarter": 3,
            "eps": 1.18,
            "eps_growth_year": -1.67,
            "eps_4q": 3.49,
            "eps_4q_growth_year": null,
            "roe": 8.59,
            "roe_4q": 27.259999999999998,
            "gross_profit": 150232,
            "gross_margin": 25.59,
            "gross_margin_4q_avg": 24.63,
            "net_income": 24230,
            "net_income_4q": null,
            "revenue": 587186,
            "revenue_4q": null,
            "common_shares": 204947,
            "book_valuer_per_share": 14.35,
            "book_valuer_per_share_4q_avg": 15.55,
            "equity": 294138,
            "current_ratio": 109.2,
            "debt_ratio": 62.66,
            "inventory_turnover_ratio": 1.5,
            "account_receivable_turnover_ratio": null,
            "reinvestment_rate": null,
            "research_to_sale_ratio": null,
            "price_fair": 138.13,
            "eps_avg_yearly": 3.95,
            "eps_latest_yearly": 4.72,
            "eps_growth_yearly": 69.83
        },
        "20024": {
            "year_quarter": 20024,
            "year": 2002,
            "quarter": 4,
            "eps": 0.63,
            "eps_growth_year": -32.98,
            "eps_4q": 3.39,
            "eps_4q_growth_year": -16.95,
            "roe": 4.26,
            "roe_4q": 25.09,
            "gross_profit": 166545,
            "gross_margin": 26.47,
            "gross_margin_4q_avg": 25.58,
            "net_income": 12813,
            "net_income_4q": null,
            "revenue": 629094,
            "revenue_4q": null,
            "common_shares": 204947,
            "book_valuer_per_share": 14.98,
            "book_valuer_per_share_4q_avg": 15.51,
            "equity": 306951,
            "current_ratio": 105.13,
            "debt_ratio": 62.37,
            "inventory_turnover_ratio": 1.3,
            "account_receivable_turnover_ratio": null,
            "reinvestment_rate": null,
            "research_to_sale_ratio": null,
            "price_fair": 56.57,
            "eps_avg_yearly": 3.59,
            "eps_latest_yearly": 2.52,
            "eps_growth_yearly": 5.76
        },
        "20031": {
            "year_quarter": 20031,
            "year": 2003,
            "quarter": 1,
            "eps": 1.38,
            "eps_growth_year": 25.45,
            "eps_4q": 3.87,
            "eps_4q_growth_year": -6.84,
            "roe": 8.81,
            "roe_4q": 26.88,
            "gross_profit": 174169,
            "gross_margin": 26.6,
            "gross_margin_4q_avg": 26.03,
            "net_income": 28275,
            "net_income_4q": null,
            "revenue": 654840,
            "revenue_4q": null,
            "common_shares": 204947,
            "book_valuer_per_share": 16.36,
            "book_valuer_per_share_4q_avg": 15.55,
            "equity": 335226,
            "current_ratio": 100.09,
            "debt_ratio": 57.97,
            "inventory_turnover_ratio": 1.28,
            "account_receivable_turnover_ratio": null,
            "reinvestment_rate": null,
            "research_to_sale_ratio": null,
            "price_fair": 139.16,
            "eps_avg_yearly": 3.98,
            "eps_latest_yearly": 5.52,
            "eps_growth_yearly": 99.85
        },
        "20032": {
            "year_quarter": 20032,
            "year": 2003,
            "quarter": 2,
            "eps": 0.54,
            "eps_growth_year": -20.59,
            "eps_4q": 3.26,
            "eps_4q_growth_year": 0.01,
            "roe": 4,
            "roe_4q": 25.66,
            "gross_profit": 158375,
            "gross_margin": 24.63,
            "gross_margin_4q_avg": 25.82,
            "net_income": 12969,
            "net_income_4q": null,
            "revenue": 642943,
            "revenue_4q": null,
            "common_shares": 238689,
            "book_valuer_per_share": 13.14,
            "book_valuer_per_share_4q_avg": 14.71,
            "equity": 313653,
            "current_ratio": 137.66,
            "debt_ratio": 69.36,
            "inventory_turnover_ratio": 1.29,
            "account_receivable_turnover_ratio": null,
            "reinvestment_rate": null,
            "research_to_sale_ratio": null,
            "price_fair": 128.57,
            "eps_avg_yearly": 3.67,
            "eps_latest_yearly": 2.16,
            "eps_growth_yearly": 42.62
        },
        "20033": {
            "year_quarter": 20033,
            "year": 2003,
            "quarter": 3,
            "eps": 1.28,
            "eps_growth_year": 8.47,
            "eps_4q": 3.55,
            "eps_4q_growth_year": 1.63,
            "roe": 9.28,
            "roe_4q": 26.35,
            "gross_profit": 189682,
            "gross_margin": 26.14,
            "gross_margin_4q_avg": 25.96,
            "net_income": 30531,
            "net_income_4q": null,
            "revenue": 725547,
            "revenue_4q": null,
            "common_shares": 238689,
            "book_valuer_per_share": 14.42,
            "book_valuer_per_share_4q_avg": 14.73,
            "equity": 344184,
            "current_ratio": 144.35,
            "debt_ratio": 65.43,
            "inventory_turnover_ratio": 1.39,
            "account_receivable_turnover_ratio": null,
            "reinvestment_rate": null,
            "research_to_sale_ratio": null,
            "price_fair": 135.8,
            "eps_avg_yearly": 3.88,
            "eps_latest_yearly": 5.12,
            "eps_growth_yearly": 114.84
        },
        "20034": {
            "year_quarter": 20034,
            "year": 2003,
            "quarter": 4,
            "eps": 0.93,
            "eps_growth_year": 47.62,
            "eps_4q": 3.94,
            "eps_4q_growth_year": 16.08,
            "roe": 6.24,
            "roe_4q": 28.33,
            "gross_profit": 187698,
            "gross_margin": 26.17,
            "gross_margin_4q_avg": 25.89,
            "net_income": 22176,
            "net_income_4q": null,
            "revenue": 717134,
            "revenue_4q": null,
            "common_shares": 238689,
            "book_valuer_per_share": 15.35,
            "book_valuer_per_share_4q_avg": 14.82,
            "equity": 366360,
            "current_ratio": 134.35,
            "debt_ratio": 67.29,
            "inventory_turnover_ratio": 1.24,
            "account_receivable_turnover_ratio": null,
            "reinvestment_rate": null,
            "research_to_sale_ratio": null,
            "price_fair": 135.1,
            "eps_avg_yearly": 3.86,
            "eps_latest_yearly": 3.72,
            "eps_growth_yearly": 86.82
        },
        "20041": {
            "year_quarter": 20041,
            "year": 2004,
            "quarter": 1,
            "eps": 1.35,
            "eps_growth_year": -2.17,
            "eps_4q": 4.11,
            "eps_4q_growth_year": 6.14,
            "roe": 8.41,
            "roe_4q": 27.93,
            "gross_profit": 183568,
            "gross_margin": 25.34,
            "gross_margin_4q_avg": 25.57,
            "net_income": 32151,
            "net_income_4q": null,
            "revenue": 724516,
            "revenue_4q": null,
            "common_shares": 238689,
            "book_valuer_per_share": 16.7,
            "book_valuer_per_share_4q_avg": 14.9,
            "equity": 398511,
            "current_ratio": 146.67,
            "debt_ratio": 62.14,
            "inventory_turnover_ratio": 1.19,
            "account_receivable_turnover_ratio": null,
            "reinvestment_rate": null,
            "research_to_sale_ratio": null,
            "price_fair": 141.09,
            "eps_avg_yearly": 4.03,
            "eps_latest_yearly": 5.4,
            "eps_growth_yearly": 97.24
        },
        "20042": {
            "year_quarter": 20042,
            "year": 2004,
            "quarter": 2,
            "eps": 0.39,
            "eps_growth_year": -27.78,
            "eps_4q": 3.68,
            "eps_4q_growth_year": 12.76,
            "roe": 2.71,
            "roe_4q": 26.64,
            "gross_profit": 182552,
            "gross_margin": 28.15,
            "gross_margin_4q_avg": 26.45,
            "net_income": 10073,
            "net_income_4q": null,
            "revenue": 648455,
            "revenue_4q": null,
            "common_shares": 238689,
            "book_valuer_per_share": 14.42,
            "book_valuer_per_share_4q_avg": 15.22,
            "equity": 344112,
            "current_ratio": 127.96,
            "debt_ratio": 68.44,
            "inventory_turnover_ratio": 1.06,
            "account_receivable_turnover_ratio": null,
            "reinvestment_rate": null,
            "research_to_sale_ratio": null,
            "price_fair": 132.44,
            "eps_avg_yearly": 3.78,
            "eps_latest_yearly": 1.56,
            "eps_growth_yearly": 59.07
        },
        "20043": {
            "year_quarter": 20043,
            "year": 2004,
            "quarter": 3,
            "eps": 0.84,
            "eps_growth_year": -34.38,
            "eps_4q": 3.36,
            "eps_4q_growth_year": -5.26,
            "roe": 6.05,
            "roe_4q": 23.410000000000004,
            "gross_profit": 207336,
            "gross_margin": 26.58,
            "gross_margin_4q_avg": 26.56,
            "net_income": 21469,
            "net_income_4q": null,
            "revenue": 780181,
            "revenue_4q": null,
            "common_shares": 255019,
            "book_valuer_per_share": 14.34,
            "book_valuer_per_share_4q_avg": 15.2,
            "equity": 365581,
            "current_ratio": 138.85,
            "debt_ratio": 71.9,
            "inventory_turnover_ratio": 1.41,
            "account_receivable_turnover_ratio": null,
            "reinvestment_rate": null,
            "research_to_sale_ratio": null,
            "price_fair": 131.09,
            "eps_avg_yearly": 3.75,
            "eps_latest_yearly": 3.36,
            "eps_growth_yearly": 95.66
        },
        "20044": {
            "year_quarter": 20044,
            "year": 2004,
            "quarter": 4,
            "eps": 1.61,
            "eps_growth_year": 73.12,
            "eps_4q": 4.11,
            "eps_4q_growth_year": 4.33,
            "roe": 10.62,
            "roe_4q": 27.79,
            "gross_profit": 240764,
            "gross_margin": 31.12,
            "gross_margin_4q_avg": 27.8,
            "net_income": 41006,
            "net_income_4q": null,
            "revenue": 773590,
            "revenue_4q": null,
            "common_shares": 255019,
            "book_valuer_per_share": 15.94,
            "book_valuer_per_share_4q_avg": 15.35,
            "equity": 406587,
            "current_ratio": 119.31,
            "debt_ratio": 67.96,
            "inventory_turnover_ratio": 1.39,
            "account_receivable_turnover_ratio": null,
            "reinvestment_rate": 98.32,
            "research_to_sale_ratio": null,
            "price_fair": 138.95,
            "eps_avg_yearly": 3.97,
            "eps_latest_yearly": 6.44,
            "eps_growth_yearly": 118.24
        },
        "20051": {
            "year_quarter": 20051,
            "year": 2005,
            "quarter": 1,
            "eps": 1.35,
            "eps_growth_year": 0,
            "eps_4q": 4.19,
            "eps_4q_growth_year": 1.91,
            "roe": 8.15,
            "roe_4q": 27.53,
            "gross_profit": 208145,
            "gross_margin": 27.41,
            "gross_margin_4q_avg": 28.32,
            "net_income": 34532,
            "net_income_4q": null,
            "revenue": 759497,
            "revenue_4q": null,
            "common_shares": 255019,
            "book_valuer_per_share": 17.3,
            "book_valuer_per_share_4q_avg": 15.5,
            "equity": 441119,
            "current_ratio": 114.12,
            "debt_ratio": 64.11,
            "inventory_turnover_ratio": 1.38,
            "account_receivable_turnover_ratio": null,
            "reinvestment_rate": 100.14,
            "research_to_sale_ratio": null,
            "price_fair": 142.8,
            "eps_avg_yearly": 4.08,
            "eps_latest_yearly": 5.4,
            "eps_growth_yearly": 104.18
        },
        "20052": {
            "year_quarter": 20052,
            "year": 2005,
            "quarter": 2,
            "eps": 0.51,
            "eps_growth_year": 30.77,
            "eps_4q": 3.39,
            "eps_4q_growth_year": -7.82,
            "roe": 3.92,
            "roe_4q": 28.74,
            "gross_profit": 210168,
            "gross_margin": 27.93,
            "gross_margin_4q_avg": 28.26,
            "net_income": 17191,
            "net_income_4q": null,
            "revenue": 752410,
            "revenue_4q": null,
            "common_shares": 255019,
            "book_valuer_per_share": 17.08,
            "book_valuer_per_share_4q_avg": 16.17,
            "equity": 435659,
            "current_ratio": 106.02,
            "debt_ratio": 65.65,
            "inventory_turnover_ratio": 1.26,
            "account_receivable_turnover_ratio": null,
            "reinvestment_rate": 110.76,
            "research_to_sale_ratio": null,
            "price_fair": 137.7,
            "eps_avg_yearly": 3.93,
            "eps_latest_yearly": 2.04,
            "eps_growth_yearly": 78.96
        },
        "20053": {
            "year_quarter": 20053,
            "year": 2005,
            "quarter": 3,
            "eps": 1.12,
            "eps_growth_year": 33.33,
            "eps_4q": 3.84,
            "eps_4q_growth_year": 14.32,
            "roe": 8.21,
            "roe_4q": 30.9,
            "gross_profit": 230514,
            "gross_margin": 28.93,
            "gross_margin_4q_avg": 28.85,
            "net_income": 38170,
            "net_income_4q": null,
            "revenue": 796707,
            "revenue_4q": null,
            "common_shares": 339525,
            "book_valuer_per_share": 14.56,
            "book_valuer_per_share_4q_avg": 16.22,
            "equity": 494429,
            "current_ratio": 115.61,
            "debt_ratio": 63.22,
            "inventory_turnover_ratio": 1.27,
            "account_receivable_turnover_ratio": null,
            "reinvestment_rate": 101.39,
            "research_to_sale_ratio": null,
            "price_fair": 138.97,
            "eps_avg_yearly": 3.97,
            "eps_latest_yearly": 4.48,
            "eps_growth_yearly": 105.59
        },
        "20054": {
            "year_quarter": 20054,
            "year": 2005,
            "quarter": 4,
            "eps": 1.87,
            "eps_growth_year": 16.15,
            "eps_4q": 4.45,
            "eps_4q_growth_year": 8.36,
            "roe": 11.25,
            "roe_4q": 31.53,
            "gross_profit": 257513,
            "gross_margin": 30.38,
            "gross_margin_4q_avg": 28.66,
            "net_income": 65044,
            "net_income_4q": null,
            "revenue": 847572,
            "revenue_4q": null,
            "common_shares": 392922,
            "book_valuer_per_share": 16.84,
            "book_valuer_per_share_4q_avg": 16.45,
            "equity": 661812,
            "current_ratio": 118.31,
            "debt_ratio": 59.13,
            "inventory_turnover_ratio": 1.2,
            "account_receivable_turnover_ratio": null,
            "reinvestment_rate": 103.94,
            "research_to_sale_ratio": null,
            "price_fair": 146.65,
            "eps_avg_yearly": 4.19,
            "eps_latest_yearly": 7.48,
            "eps_growth_yearly": 115.73
        },
        "20061": {
            "year_quarter": 20061,
            "year": 2006,
            "quarter": 1,
            "eps": 0.62,
            "eps_growth_year": -54.07,
            "eps_4q": 3.65,
            "eps_4q_growth_year": -12.85,
            "roe": 3.64,
            "roe_4q": 27.020000000000003,
            "gross_profit": 228181,
            "gross_margin": 28.42,
            "gross_margin_4q_avg": 28.92,
            "net_income": 24653,
            "net_income_4q": null,
            "revenue": 802767,
            "revenue_4q": null,
            "common_shares": 392922,
            "book_valuer_per_share": 17.67,
            "book_valuer_per_share_4q_avg": 16.54,
            "equity": 694152,
            "current_ratio": 124.63,
            "debt_ratio": 56.06,
            "inventory_turnover_ratio": 1.07,
            "account_receivable_turnover_ratio": null,
            "reinvestment_rate": 112.12,
            "research_to_sale_ratio": null,
            "price_fair": 142.45,
            "eps_avg_yearly": 4.07,
            "eps_latest_yearly": 2.48,
            "eps_growth_yearly": 94.77
        },
        "20062": {
            "year_quarter": 20062,
            "year": 2006,
            "quarter": 2,
            "eps": 0.59,
            "eps_growth_year": 15.69,
            "eps_4q": 3.83,
            "eps_4q_growth_year": 13.11,
            "roe": 3.47,
            "roe_4q": 26.57,
            "gross_profit": 231058,
            "gross_margin": 29.12,
            "gross_margin_4q_avg": 29.21,
            "net_income": 23270,
            "net_income_4q": null,
            "revenue": 793422,
            "revenue_4q": null,
            "common_shares": 396342,
            "book_valuer_per_share": 16.32,
            "book_valuer_per_share_4q_avg": 16.35,
            "equity": 646745,
            "current_ratio": 118.29,
            "debt_ratio": 61.9,
            "inventory_turnover_ratio": 1.01,
            "account_receivable_turnover_ratio": null,
            "reinvestment_rate": 112.92,
            "research_to_sale_ratio": null,
            "price_fair": 141.66,
            "eps_avg_yearly": 4.05,
            "eps_latest_yearly": 2.36,
            "eps_growth_yearly": 103.1
        },
        "20063": {
            "year_quarter": 20063,
            "year": 2006,
            "quarter": 3,
            "eps": 0.63,
            "eps_growth_year": -43.75,
            "eps_4q": 3.03,
            "eps_4q_growth_year": -21.02,
            "roe": 3.94,
            "roe_4q": 22.3,
            "gross_profit": 243246,
            "gross_margin": 26.95,
            "gross_margin_4q_avg": 28.72,
            "net_income": 29611,
            "net_income_4q": null,
            "revenue": 902422,
            "revenue_4q": null,
            "common_shares": 476342,
            "book_valuer_per_share": 17.99,
            "book_valuer_per_share_4q_avg": 17.21,
            "equity": 856939,
            "current_ratio": 135.93,
            "debt_ratio": 52.99,
            "inventory_turnover_ratio": 1.13,
            "account_receivable_turnover_ratio": null,
            "reinvestment_rate": 93.49,
            "research_to_sale_ratio": null,
            "price_fair": 136.85,
            "eps_avg_yearly": 3.91,
            "eps_latest_yearly": 2.52,
            "eps_growth_yearly": 86.41
        },
        "20064": {
            "year_quarter": 20064,
            "year": 2006,
            "quarter": 4,
            "eps": 0.92,
            "eps_growth_year": -50.8,
            "eps_4q": 2.5,
            "eps_4q_growth_year": -43.76,
            "roe": 5.12,
            "roe_4q": 16.17,
            "gross_profit": 267408,
            "gross_margin": 28.51,
            "gross_margin_4q_avg": 28.25,
            "net_income": 45005,
            "net_income_4q": null,
            "revenue": 937995,
            "revenue_4q": null,
            "common_shares": 549506,
            "book_valuer_per_share": 16.41,
            "book_valuer_per_share_4q_avg": 17.1,
            "equity": 901944,
            "current_ratio": 138.11,
            "debt_ratio": 52.6,
            "inventory_turnover_ratio": 1.08,
            "account_receivable_turnover_ratio": null,
            "reinvestment_rate": 87.37,
            "research_to_sale_ratio": null,
            "price_fair": 139.39,
            "eps_avg_yearly": 3.98,
            "eps_latest_yearly": 3.68,
            "eps_growth_yearly": 109.58
        },
        "20071": {
            "year_quarter": 20071,
            "year": 2007,
            "quarter": 1,
            "eps": 0.41,
            "eps_growth_year": -33.87,
            "eps_4q": 2.17,
            "eps_4q_growth_year": -40.51,
            "roe": 2.49,
            "roe_4q": 15.020000000000001,
            "gross_profit": 246727,
            "gross_margin": 26.09,
            "gross_margin_4q_avg": 27.67,
            "net_income": 22798,
            "net_income_4q": null,
            "revenue": 945668,
            "revenue_4q": null,
            "common_shares": 549506,
            "book_valuer_per_share": 16.88,
            "book_valuer_per_share_4q_avg": 16.9,
            "equity": 927494,
            "current_ratio": 134.56,
            "debt_ratio": 51.74,
            "inventory_turnover_ratio": 1.05,
            "account_receivable_turnover_ratio": null,
            "reinvestment_rate": 83.05,
            "research_to_sale_ratio": null,
            "price_fair": 130.9,
            "eps_avg_yearly": 3.74,
            "eps_latest_yearly": 1.64,
            "eps_growth_yearly": 65.95
        },
        "20072": {
            "year_quarter": 20072,
            "year": 2007,
            "quarter": 2,
            "eps": 0.55,
            "eps_growth_year": -6.78,
            "eps_4q": 2.24,
            "eps_4q_growth_year": -41.51,
            "roe": 3.28,
            "roe_4q": 14.83,
            "gross_profit": 276976,
            "gross_margin": 29.11,
            "gross_margin_4q_avg": 27.67,
            "net_income": 31675,
            "net_income_4q": null,
            "revenue": 951486,
            "revenue_4q": null,
            "common_shares": 625014,
            "book_valuer_per_share": 16.03,
            "book_valuer_per_share_4q_avg": 16.83,
            "equity": 1001720,
            "current_ratio": 136.77,
            "debt_ratio": 50.23,
            "inventory_turnover_ratio": 0.95,
            "account_receivable_turnover_ratio": null,
            "reinvestment_rate": 82.66,
            "research_to_sale_ratio": null,
            "price_fair": 130.99,
            "eps_avg_yearly": 3.74,
            "eps_latest_yearly": 2.2,
            "eps_growth_yearly": 89.71
        },
        "20073": {
            "year_quarter": 20073,
            "year": 2007,
            "quarter": 3,
            "eps": 0.48,
            "eps_growth_year": -23.81,
            "eps_4q": 2.13,
            "eps_4q_growth_year": -29.69,
            "roe": 2.83,
            "roe_4q": 13.719999999999999,
            "gross_profit": 290686,
            "gross_margin": 26.18,
            "gross_margin_4q_avg": 27.47,
            "net_income": 28891,
            "net_income_4q": null,
            "revenue": 1110350,
            "revenue_4q": null,
            "common_shares": 646857,
            "book_valuer_per_share": 16.04,
            "book_valuer_per_share_4q_avg": 16.34,
            "equity": 1037563,
            "current_ratio": 127.04,
            "debt_ratio": 49.71,
            "inventory_turnover_ratio": 1.05,
            "account_receivable_turnover_ratio": null,
            "reinvestment_rate": 95.46,
            "research_to_sale_ratio": null,
            "price_fair": 123.99,
            "eps_avg_yearly": 3.54,
            "eps_latest_yearly": 1.92,
            "eps_growth_yearly": 52.27
        },
        "20074": {
            "year_quarter": 20074,
            "year": 2007,
            "quarter": 4,
            "eps": 1.14,
            "eps_growth_year": 23.91,
            "eps_4q": 2.51,
            "eps_4q_growth_year": 0.07,
            "roe": 6.48,
            "roe_4q": 15.08,
            "gross_profit": 342182,
            "gross_margin": 31.41,
            "gross_margin_4q_avg": 28.2,
            "net_income": 69540,
            "net_income_4q": null,
            "revenue": 1089433,
            "revenue_4q": null,
            "common_shares": 646857,
            "book_valuer_per_share": 17.12,
            "book_valuer_per_share_4q_avg": 16.52,
            "equity": 1107103,
            "current_ratio": 147.28,
            "debt_ratio": 46.28,
            "inventory_turnover_ratio": 0.89,
            "account_receivable_turnover_ratio": null,
            "reinvestment_rate": 76.88,
            "research_to_sale_ratio": null,
            "price_fair": 125.83,
            "eps_avg_yearly": 3.6,
            "eps_latest_yearly": 4.56,
            "eps_growth_yearly": 93.48
        },
        "20081": {
            "year_quarter": 20081,
            "year": 2008,
            "quarter": 1,
            "eps": 0.71,
            "eps_growth_year": 73.17,
            "eps_4q": 2.73,
            "eps_4q_growth_year": 25.96,
            "roe": 4.04,
            "roe_4q": 16.63,
            "gross_profit": 321313,
            "gross_margin": 27.88,
            "gross_margin_4q_avg": 28.65,
            "net_income": 45644,
            "net_income_4q": null,
            "revenue": 1152639,
            "revenue_4q": null,
            "common_shares": 646857,
            "book_valuer_per_share": 17.82,
            "book_valuer_per_share_4q_avg": 16.75,
            "equity": 1152747,
            "current_ratio": 150.95,
            "debt_ratio": 45.42,
            "inventory_turnover_ratio": 0.97,
            "account_receivable_turnover_ratio": null,
            "reinvestment_rate": 74.79,
            "research_to_sale_ratio": null,
            "price_fair": 120.23,
            "eps_avg_yearly": 3.44,
            "eps_latest_yearly": 2.84,
            "eps_growth_yearly": 72.76
        },
        "20082": {
            "year_quarter": 20082,
            "year": 2008,
            "quarter": 2,
            "eps": 0.66,
            "eps_growth_year": 20,
            "eps_4q": 2.85,
            "eps_4q_growth_year": 27.02,
            "roe": 3.9,
            "roe_4q": 17.25,
            "gross_profit": 332635,
            "gross_margin": 29.53,
            "gross_margin_4q_avg": 28.75,
            "net_income": 43478,
            "net_income_4q": null,
            "revenue": 1126599,
            "revenue_4q": null,
            "common_shares": 646857,
            "book_valuer_per_share": 16.62,
            "book_valuer_per_share_4q_avg": 16.9,
            "equity": 1074991,
            "current_ratio": 131.43,
            "debt_ratio": 52.64,
            "inventory_turnover_ratio": 0.9,
            "account_receivable_turnover_ratio": null,
            "reinvestment_rate": 76.09,
            "research_to_sale_ratio": null,
            "price_fair": 122.59,
            "eps_avg_yearly": 3.5,
            "eps_latest_yearly": 2.64,
            "eps_growth_yearly": 88.78
        },
        "20083": {
            "year_quarter": 20083,
            "year": 2008,
            "quarter": 3,
            "eps": 0.54,
            "eps_growth_year": 12.5,
            "eps_4q": 2.93,
            "eps_4q_growth_year": 37.23,
            "roe": 3.28,
            "roe_4q": 17.7,
            "gross_profit": 357734,
            "gross_margin": 27.65,
            "gross_margin_4q_avg": 29.12,
            "net_income": 35897,
            "net_income_4q": null,
            "revenue": 1293633,
            "revenue_4q": null,
            "common_shares": 663578,
            "book_valuer_per_share": 16.74,
            "book_valuer_per_share_4q_avg": 17.08,
            "equity": 1110888,
            "current_ratio": 136.23,
            "debt_ratio": 53.18,
            "inventory_turnover_ratio": 0.98,
            "account_receivable_turnover_ratio": null,
            "reinvestment_rate": 63.71,
            "research_to_sale_ratio": null,
            "price_fair": 119.96,
            "eps_avg_yearly": 3.43,
            "eps_latest_yearly": 2.16,
            "eps_growth_yearly": 55.38
        },
        "20084": {
            "year_quarter": 20084,
            "year": 2008,
            "quarter": 4,
            "eps": 1.19,
            "eps_growth_year": 4.39,
            "eps_4q": 3.07,
            "eps_4q_growth_year": 22.45,
            "roe": 6.88,
            "roe_4q": 18.1,
            "gross_profit": 412876,
            "gross_margin": 31.56,
            "gross_margin_4q_avg": 29.16,
            "net_income": 79162,
            "net_income_4q": null,
            "revenue": 1308323,
            "revenue_4q": null,
            "common_shares": 663578,
            "book_valuer_per_share": 17.93,
            "book_valuer_per_share_4q_avg": 17.28,
            "equity": 1190050,
            "current_ratio": 140.75,
            "debt_ratio": 52.12,
            "inventory_turnover_ratio": 0.84,
            "account_receivable_turnover_ratio": 40.36,
            "reinvestment_rate": 49.23,
            "research_to_sale_ratio": null,
            "price_fair": 116.29,
            "eps_avg_yearly": 3.32,
            "eps_latest_yearly": 4.76,
            "eps_growth_yearly": 62.56
        },
        "20091": {
            "year_quarter": 20091,
            "year": 2009,
            "quarter": 1,
            "eps": 0.7,
            "eps_growth_year": -1.41,
            "eps_4q": 3.09,
            "eps_4q_growth_year": 13.11,
            "roe": 3.82,
            "roe_4q": 17.88,
            "gross_profit": 377130,
            "gross_margin": 28.06,
            "gross_margin_4q_avg": 29.2,
            "net_income": 46392,
            "net_income_4q": null,
            "revenue": 1344178,
            "revenue_4q": null,
            "common_shares": 663578,
            "book_valuer_per_share": 18.63,
            "book_valuer_per_share_4q_avg": 17.48,
            "equity": 1236442,
            "current_ratio": 148.21,
            "debt_ratio": 49.38,
            "inventory_turnover_ratio": 0.86,
            "account_receivable_turnover_ratio": 34.25,
            "reinvestment_rate": 41.42,
            "research_to_sale_ratio": null,
            "price_fair": 110.6,
            "eps_avg_yearly": 3.16,
            "eps_latest_yearly": 2.8,
            "eps_growth_yearly": 56.3
        },
        "20092": {
            "year_quarter": 20092,
            "year": 2009,
            "quarter": 2,
            "eps": 0.55,
            "eps_growth_year": -16.67,
            "eps_4q": 2.76,
            "eps_4q_growth_year": -2.91,
            "roe": 3.33,
            "roe_4q": 17.310000000000002,
            "gross_profit": 378109,
            "gross_margin": 30,
            "gross_margin_4q_avg": 29.32,
            "net_income": 40102,
            "net_income_4q": null,
            "revenue": 1260524,
            "revenue_4q": null,
            "common_shares": 663578,
            "book_valuer_per_share": 17.71,
            "book_valuer_per_share_4q_avg": 17.75,
            "equity": 1175100,
            "current_ratio": 140.4,
            "debt_ratio": 53.74,
            "inventory_turnover_ratio": 0.76,
            "account_receivable_turnover_ratio": 110.59,
            "reinvestment_rate": 32.16,
            "research_to_sale_ratio": null,
            "price_fair": 110.95,
            "eps_avg_yearly": 3.17,
            "eps_latest_yearly": 2.2,
            "eps_growth_yearly": 66.5
        },
        "20093": {
            "year_quarter": 20093,
            "year": 2009,
            "quarter": 3,
            "eps": 0.47,
            "eps_growth_year": -12.96,
            "eps_4q": 2.76,
            "eps_4q_growth_year": -5.54,
            "roe": 2.85,
            "roe_4q": 16.88,
            "gross_profit": 398969,
            "gross_margin": 26.82,
            "gross_margin_4q_avg": 29.11,
            "net_income": 33932,
            "net_income_4q": null,
            "revenue": 1487579,
            "revenue_4q": null,
            "common_shares": 730588,
            "book_valuer_per_share": 16.55,
            "book_valuer_per_share_4q_avg": 17.71,
            "equity": 1209030,
            "current_ratio": 140.93,
            "debt_ratio": 54.44,
            "inventory_turnover_ratio": 0.88,
            "account_receivable_turnover_ratio": 150.17,
            "reinvestment_rate": 36.77,
            "research_to_sale_ratio": null,
            "price_fair": 105.26,
            "eps_avg_yearly": 3.01,
            "eps_latest_yearly": 1.88,
            "eps_growth_yearly": 32.96
        },
        "20094": {
            "year_quarter": 20094,
            "year": 2009,
            "quarter": 4,
            "eps": 1.03,
            "eps_growth_year": -13.45,
            "eps_4q": 2.68,
            "eps_4q_growth_year": -12.82,
            "roe": 6.02,
            "roe_4q": 16.02,
            "gross_profit": 450627,
            "gross_margin": 29.95,
            "gross_margin_4q_avg": 28.71,
            "net_income": 75064,
            "net_income_4q": null,
            "revenue": 1504644,
            "revenue_4q": null,
            "common_shares": 730588,
            "book_valuer_per_share": 17.58,
            "book_valuer_per_share_4q_avg": 17.62,
            "equity": 1284094,
            "current_ratio": 138.3,
            "debt_ratio": 55.28,
            "inventory_turnover_ratio": 0.83,
            "account_receivable_turnover_ratio": 39.44,
            "reinvestment_rate": 33.78,
            "research_to_sale_ratio": null,
            "price_fair": 97.91,
            "eps_avg_yearly": 2.8,
            "eps_latest_yearly": 4.12,
            "eps_growth_yearly": 46.01
        },
        "20101": {
            "year_quarter": 20101,
            "year": 2010,
            "quarter": 1,
            "eps": 0.99,
            "eps_growth_year": 41.43,
            "eps_4q": 3.03,
            "eps_4q_growth_year": -2,
            "roe": 5.48,
            "roe_4q": 17.68,
            "gross_profit": 439838,
            "gross_margin": 28.71,
            "gross_margin_4q_avg": 28.87,
            "net_income": 72293,
            "net_income_4q": null,
            "revenue": 1531854,
            "revenue_4q": null,
            "common_shares": 730588,
            "book_valuer_per_share": 18.57,
            "book_valuer_per_share_4q_avg": 17.6,
            "equity": 1356387,
            "current_ratio": 139.19,
            "debt_ratio": 52.21,
            "inventory_turnover_ratio": 0.85,
            "account_receivable_turnover_ratio": 25.61,
            "reinvestment_rate": 34.22,
            "research_to_sale_ratio": null,
            "price_fair": 101.15,
            "eps_avg_yearly": 2.89,
            "eps_latest_yearly": 3.96,
            "eps_growth_yearly": 61.75
        },
        "20102": {
            "year_quarter": 20102,
            "year": 2010,
            "quarter": 2,
            "eps": 0.61,
            "eps_growth_year": 11.64,
            "eps_4q": 2.63,
            "eps_4q_growth_year": -4.89,
            "roe": 4.01,
            "roe_4q": 18.36,
            "gross_profit": 425017,
            "gross_margin": 29.48,
            "gross_margin_4q_avg": 28.74,
            "net_income": 55242,
            "net_income_4q": null,
            "revenue": 1441825,
            "revenue_4q": null,
            "common_shares": 730588,
            "book_valuer_per_share": 19.19,
            "book_valuer_per_share_4q_avg": 17.97,
            "equity": 1401700,
            "current_ratio": 158.11,
            "debt_ratio": 45.83,
            "inventory_turnover_ratio": 0.82,
            "account_receivable_turnover_ratio": 50.13,
            "reinvestment_rate": 28.46,
            "research_to_sale_ratio": null,
            "price_fair": 101.33,
            "eps_avg_yearly": 2.9,
            "eps_latest_yearly": 2.44,
            "eps_growth_yearly": 53.36
        },
        "20103": {
            "year_quarter": 20103,
            "year": 2010,
            "quarter": 3,
            "eps": 0.48,
            "eps_growth_year": 1.69,
            "eps_4q": 2.77,
            "eps_4q_growth_year": 0.27,
            "roe": 2.97,
            "roe_4q": 18.48,
            "gross_profit": 438932,
            "gross_margin": 27.2,
            "gross_margin_4q_avg": 28.84,
            "net_income": 42205,
            "net_income_4q": null,
            "revenue": 1613994,
            "revenue_4q": null,
            "common_shares": 883090,
            "book_valuer_per_share": 16.35,
            "book_valuer_per_share_4q_avg": 17.92,
            "equity": 1443904,
            "current_ratio": 150.62,
            "debt_ratio": 47.87,
            "inventory_turnover_ratio": 1.04,
            "account_receivable_turnover_ratio": 109.43,
            "reinvestment_rate": 28.39,
            "research_to_sale_ratio": null,
            "price_fair": 100.01,
            "eps_avg_yearly": 2.86,
            "eps_latest_yearly": 1.92,
            "eps_growth_yearly": 46.34
        },
        "20104": {
            "year_quarter": 20104,
            "year": 2010,
            "quarter": 4,
            "eps": 1.31,
            "eps_growth_year": 27.64,
            "eps_4q": 3.24,
            "eps_4q_growth_year": 20.97,
            "roe": 7.73,
            "roe_4q": 20.19,
            "gross_profit": 553202,
            "gross_margin": 36.14,
            "gross_margin_4q_avg": 30.38,
            "net_income": 116101,
            "net_income_4q": null,
            "revenue": 1530573,
            "revenue_4q": null,
            "common_shares": 883090,
            "book_valuer_per_share": 17.67,
            "book_valuer_per_share_4q_avg": 17.95,
            "equity": 1560005,
            "current_ratio": 153.75,
            "debt_ratio": 47.06,
            "inventory_turnover_ratio": 0.88,
            "account_receivable_turnover_ratio": 26.62,
            "reinvestment_rate": 26.28,
            "research_to_sale_ratio": null,
            "price_fair": 103.43,
            "eps_avg_yearly": 2.96,
            "eps_latest_yearly": 5.24,
            "eps_growth_yearly": 78.06
        },
        "20111": {
            "year_quarter": 20111,
            "year": 2011,
            "quarter": 1,
            "eps": 1,
            "eps_growth_year": 1.01,
            "eps_4q": 3.42,
            "eps_4q_growth_year": 12.83,
            "roe": 5.51,
            "roe_4q": 20.22,
            "gross_profit": 475023,
            "gross_margin": 31.31,
            "gross_margin_4q_avg": 31.03,
            "net_income": 88396,
            "net_income_4q": null,
            "revenue": 1517062,
            "revenue_4q": null,
            "common_shares": 883090,
            "book_valuer_per_share": 18.67,
            "book_valuer_per_share_4q_avg": 17.97,
            "equity": 1648401,
            "current_ratio": 176.79,
            "debt_ratio": 40.96,
            "inventory_turnover_ratio": 0.88,
            "account_receivable_turnover_ratio": 27.95,
            "reinvestment_rate": 18.88,
            "research_to_sale_ratio": null,
            "price_fair": 108.59,
            "eps_avg_yearly": 3.1,
            "eps_latest_yearly": 4,
            "eps_growth_yearly": 86
        },
        "20112": {
            "year_quarter": 20112,
            "year": 2011,
            "quarter": 2,
            "eps": 0.45,
            "eps_growth_year": -27.5,
            "eps_4q": 3.13,
            "eps_4q_growth_year": 18.93,
            "roe": 2.63,
            "roe_4q": 18.84,
            "gross_profit": 445319,
            "gross_margin": 30.64,
            "gross_margin_4q_avg": 31.32,
            "net_income": 40953,
            "net_income_4q": null,
            "revenue": 1453217,
            "revenue_4q": null,
            "common_shares": 883090,
            "book_valuer_per_share": 16.65,
            "book_valuer_per_share_4q_avg": 17.34,
            "equity": 1470089,
            "current_ratio": 145.83,
            "debt_ratio": 48.66,
            "inventory_turnover_ratio": 0.83,
            "account_receivable_turnover_ratio": 137.05,
            "reinvestment_rate": 17.49,
            "research_to_sale_ratio": null,
            "price_fair": 107.71,
            "eps_avg_yearly": 3.08,
            "eps_latest_yearly": 1.8,
            "eps_growth_yearly": 63.72
        },
        "20113": {
            "year_quarter": 20113,
            "year": 2011,
            "quarter": 3,
            "eps": 0.58,
            "eps_growth_year": 20.33,
            "eps_4q": 3.3,
            "eps_4q_growth_year": 19.03,
            "roe": 3.46,
            "roe_4q": 19.33,
            "gross_profit": 498302,
            "gross_margin": 29.28,
            "gross_margin_4q_avg": 31.84,
            "net_income": 51807,
            "net_income_4q": null,
            "revenue": 1701622,
            "revenue_4q": null,
            "common_shares": 900867,
            "book_valuer_per_share": 16.89,
            "book_valuer_per_share_4q_avg": 17.47,
            "equity": 1521894,
            "current_ratio": 154.45,
            "debt_ratio": 46.38,
            "inventory_turnover_ratio": 0.95,
            "account_receivable_turnover_ratio": 73.5,
            "reinvestment_rate": 13.26,
            "research_to_sale_ratio": null,
            "price_fair": 108.59,
            "eps_avg_yearly": 3.1,
            "eps_latest_yearly": 2.32,
            "eps_growth_yearly": 74.12
        },
        "20114": {
            "year_quarter": 20114,
            "year": 2011,
            "quarter": 4,
            "eps": 1.72,
            "eps_growth_year": 31.04,
            "eps_4q": 3.73,
            "eps_4q_growth_year": 15.35,
            "roe": 9.7,
            "roe_4q": 21.299999999999997,
            "gross_profit": 629150,
            "gross_margin": 39.17,
            "gross_margin_4q_avg": 32.6,
            "net_income": 155202,
            "net_income_4q": null,
            "revenue": 1606302,
            "revenue_4q": null,
            "common_shares": 900867,
            "book_valuer_per_share": 18.62,
            "book_valuer_per_share_4q_avg": 17.71,
            "equity": 1677096,
            "current_ratio": 161.16,
            "debt_ratio": 44.89,
            "inventory_turnover_ratio": 0.74,
            "account_receivable_turnover_ratio": 16.51,
            "reinvestment_rate": 17.09,
            "research_to_sale_ratio": null,
            "price_fair": 113.66,
            "eps_avg_yearly": 3.25,
            "eps_latest_yearly": 6.88,
            "eps_growth_yearly": 88.88
        },
        "20121": {
            "year_quarter": 20121,
            "year": 2012,
            "quarter": 1,
            "eps": 1.43,
            "eps_growth_year": 43,
            "eps_4q": 4.18,
            "eps_4q_growth_year": 22.19,
            "roe": 7.37,
            "roe_4q": 23.16,
            "gross_profit": 562010,
            "gross_margin": 34.62,
            "gross_margin_4q_avg": 33.43,
            "net_income": 128414,
            "net_income_4q": null,
            "revenue": 1623592,
            "revenue_4q": null,
            "common_shares": 900867,
            "book_valuer_per_share": 20.04,
            "book_valuer_per_share_4q_avg": 18.05,
            "equity": 1805510,
            "current_ratio": 190.25,
            "debt_ratio": 37.28,
            "inventory_turnover_ratio": 0.85,
            "account_receivable_turnover_ratio": 15.14,
            "reinvestment_rate": 14.93,
            "research_to_sale_ratio": null,
            "price_fair": 119.96,
            "eps_avg_yearly": 3.43,
            "eps_latest_yearly": 5.72,
            "eps_growth_yearly": 94.1
        },
        "20122": {
            "year_quarter": 20122,
            "year": 2012,
            "quarter": 2,
            "eps": 0.97,
            "eps_growth_year": 117.66,
            "eps_4q": 4.53,
            "eps_4q_growth_year": 45,
            "roe": 5.3,
            "roe_4q": 25.83,
            "gross_profit": 561317,
            "gross_margin": 35.79,
            "gross_margin_4q_avg": 34.72,
            "net_income": 91170,
            "net_income_4q": null,
            "revenue": 1568248,
            "revenue_4q": null,
            "common_shares": 900867,
            "book_valuer_per_share": 18.12,
            "book_valuer_per_share_4q_avg": 18.42,
            "equity": 1632196,
            "current_ratio": 148.7,
            "debt_ratio": 47.78,
            "inventory_turnover_ratio": 0.83,
            "account_receivable_turnover_ratio": 19.92,
            "reinvestment_rate": 10.88,
            "research_to_sale_ratio": null,
            "price_fair": 122.68,
            "eps_avg_yearly": 3.51,
            "eps_latest_yearly": 3.88,
            "eps_growth_yearly": 87.82
        },
        "20123": {
            "year_quarter": 20123,
            "year": 2012,
            "quarter": 3,
            "eps": 1.28,
            "eps_growth_year": 122.14,
            "eps_4q": 5.37,
            "eps_4q_growth_year": 62.68,
            "roe": 6.92,
            "roe_4q": 29.29,
            "gross_profit": 637623,
            "gross_margin": 35.49,
            "gross_margin_4q_avg": 36.27,
            "net_income": 117051,
            "net_income_4q": null,
            "revenue": 1796456,
            "revenue_4q": null,
            "common_shares": 916267,
            "book_valuer_per_share": 19.09,
            "book_valuer_per_share_4q_avg": 18.97,
            "equity": 1749242,
            "current_ratio": 161.14,
            "debt_ratio": 44.13,
            "inventory_turnover_ratio": 0.91,
            "account_receivable_turnover_ratio": 11.78,
            "reinvestment_rate": 7.31,
            "research_to_sale_ratio": null,
            "price_fair": 129.15,
            "eps_avg_yearly": 3.69,
            "eps_latest_yearly": 5.12,
            "eps_growth_yearly": 100.35
        },
        "20124": {
            "year_quarter": 20124,
            "year": 2012,
            "quarter": 4,
            "eps": 1.05,
            "eps_growth_year": -38.8,
            "eps_4q": 4.73,
            "eps_4q_growth_year": 26.64,
            "roe": 5.37,
            "roe_4q": 24.96,
            "gross_profit": 609520,
            "gross_margin": 35.62,
            "gross_margin_4q_avg": 35.38,
            "net_income": 96610,
            "net_income_4q": null,
            "revenue": 1711361,
            "revenue_4q": null,
            "common_shares": 916267,
            "book_valuer_per_share": 20.15,
            "book_valuer_per_share_4q_avg": 19.35,
            "equity": 1845852,
            "current_ratio": 165.11,
            "debt_ratio": 43.3,
            "inventory_turnover_ratio": 0.83,
            "account_receivable_turnover_ratio": 7.77,
            "reinvestment_rate": 8.53,
            "research_to_sale_ratio": null,
            "price_fair": 127.93,
            "eps_avg_yearly": 3.66,
            "eps_latest_yearly": 4.2,
            "eps_growth_yearly": 65.77
        },
        "20131": {
            "year_quarter": 20131,
            "year": 2013,
            "quarter": 1,
            "eps": 1.83,
            "eps_growth_year": 27.97,
            "eps_4q": 5.16,
            "eps_4q_growth_year": 23.49,
            "roe": 8.82,
            "roe_4q": 26.41,
            "gross_profit": 693920,
            "gross_margin": 42.22,
            "gross_margin_4q_avg": 37.28,
            "net_income": 167898,
            "net_income_4q": null,
            "revenue": 1643645,
            "revenue_4q": null,
            "common_shares": 916267,
            "book_valuer_per_share": 21.41,
            "book_valuer_per_share_4q_avg": 19.69,
            "equity": 1961576,
            "current_ratio": 178.94,
            "debt_ratio": 40.51,
            "inventory_turnover_ratio": 0.72,
            "account_receivable_turnover_ratio": 9.13,
            "reinvestment_rate": 7.43,
            "research_to_sale_ratio": null,
            "price_fair": 137.81,
            "eps_avg_yearly": 3.94,
            "eps_latest_yearly": 7.32,
            "eps_growth_yearly": 94.63
        },
        "20132": {
            "year_quarter": 20132,
            "year": 2013,
            "quarter": 2,
            "eps": 1.26,
            "eps_growth_year": 30.03,
            "eps_4q": 5.16,
            "eps_4q_growth_year": 13.71,
            "roe": 6.27,
            "roe_4q": 27.380000000000003,
            "gross_profit": 657488,
            "gross_margin": 38.86,
            "gross_margin_4q_avg": 38.05,
            "net_income": 116181,
            "net_income_4q": null,
            "revenue": 1691881,
            "revenue_4q": null,
            "common_shares": 916267,
            "book_valuer_per_share": 19.01,
            "book_valuer_per_share_4q_avg": 19.92,
            "equity": 1742087,
            "current_ratio": 140.04,
            "debt_ratio": 51.08,
            "inventory_turnover_ratio": 0.75,
            "account_receivable_turnover_ratio": 10.39,
            "reinvestment_rate": 11.41,
            "research_to_sale_ratio": null,
            "price_fair": 144.03,
            "eps_avg_yearly": 4.12,
            "eps_latest_yearly": 5.04,
            "eps_growth_yearly": 92.2
        },
        "20133": {
            "year_quarter": 20133,
            "year": 2013,
            "quarter": 3,
            "eps": 1.54,
            "eps_growth_year": 20.55,
            "eps_4q": 5.63,
            "eps_4q_growth_year": 4.96,
            "roe": 7.87,
            "roe_4q": 28.330000000000002,
            "gross_profit": 761018,
            "gross_margin": 40.04,
            "gross_margin_4q_avg": 39.19,
            "net_income": 142762,
            "net_income_4q": null,
            "revenue": 1900814,
            "revenue_4q": null,
            "common_shares": 929073,
            "book_valuer_per_share": 20.29,
            "book_valuer_per_share_4q_avg": 20.22,
            "equity": 1884849,
            "current_ratio": 152.81,
            "debt_ratio": 47.36,
            "inventory_turnover_ratio": 0.8,
            "account_receivable_turnover_ratio": 8.41,
            "reinvestment_rate": 24.78,
            "research_to_sale_ratio": null,
            "price_fair": 153.39,
            "eps_avg_yearly": 4.38,
            "eps_latest_yearly": 6.16,
            "eps_growth_yearly": 101.4
        },
        "20134": {
            "year_quarter": 20134,
            "year": 2013,
            "quarter": 4,
            "eps": 1.42,
            "eps_growth_year": 34.76,
            "eps_4q": 6.02,
            "eps_4q_growth_year": 27.21,
            "roe": 6.76,
            "roe_4q": 29.72,
            "gross_profit": 762768,
            "gross_margin": 37.89,
            "gross_margin_4q_avg": 39.75,
            "net_income": 132011,
            "net_income_4q": null,
            "revenue": 2013119,
            "revenue_4q": null,
            "common_shares": 929073,
            "book_valuer_per_share": 21.76,
            "book_valuer_per_share_4q_avg": 20.62,
            "equity": 2021296,
            "current_ratio": 143.3,
            "debt_ratio": 49.45,
            "inventory_turnover_ratio": 0.89,
            "account_receivable_turnover_ratio": 7.42,
            "reinvestment_rate": 30,
            "research_to_sale_ratio": null,
            "price_fair": 156.8,
            "eps_avg_yearly": 4.48,
            "eps_latest_yearly": 5.68,
            "eps_growth_yearly": 69.66
        },
        "20141": {
            "year_quarter": 20141,
            "year": 2014,
            "quarter": 1,
            "eps": 1.82,
            "eps_growth_year": -0.55,
            "eps_4q": 6.03,
            "eps_4q_growth_year": 16.92,
            "roe": 8.05,
            "roe_4q": 28.95,
            "gross_profit": 807857,
            "gross_margin": 40.02,
            "gross_margin_4q_avg": 39.2,
            "net_income": 169505,
            "net_income_4q": null,
            "revenue": 2018753,
            "revenue_4q": null,
            "common_shares": 929073,
            "book_valuer_per_share": 23.58,
            "book_valuer_per_share_4q_avg": 21.16,
            "equity": 2190801,
            "current_ratio": 161.33,
            "debt_ratio": 43.19,
            "inventory_turnover_ratio": 0.87,
            "account_receivable_turnover_ratio": 9.35,
            "reinvestment_rate": 24.06,
            "research_to_sale_ratio": null,
            "price_fair": 164.06,
            "eps_avg_yearly": 4.69,
            "eps_latest_yearly": 7.28,
            "eps_growth_yearly": 77.67
        },
        "20142": {
            "year_quarter": 20142,
            "year": 2014,
            "quarter": 2,
            "eps": 1.76,
            "eps_growth_year": 39.68,
            "eps_4q": 6.14,
            "eps_4q_growth_year": 19.13,
            "roe": 7.87,
            "roe_4q": 30.55,
            "gross_profit": 838931,
            "gross_margin": 39.76,
            "gross_margin_4q_avg": 39.43,
            "net_income": 163400,
            "net_income_4q": null,
            "revenue": 2109807,
            "revenue_4q": null,
            "common_shares": 929073,
            "book_valuer_per_share": 21.09,
            "book_valuer_per_share_4q_avg": 21.68,
            "equity": 1959247,
            "current_ratio": 125.35,
            "debt_ratio": 54.27,
            "inventory_turnover_ratio": 0.91,
            "account_receivable_turnover_ratio": 11.67,
            "reinvestment_rate": 25.72,
            "research_to_sale_ratio": null,
            "price_fair": 174.13,
            "eps_avg_yearly": 4.98,
            "eps_latest_yearly": 7.04,
            "eps_growth_yearly": 86.45
        },
        "20143": {
            "year_quarter": 20143,
            "year": 2014,
            "quarter": 3,
            "eps": 2.55,
            "eps_growth_year": 65.58,
            "eps_4q": 7.48,
            "eps_4q_growth_year": 32.84,
            "roe": 11.52,
            "roe_4q": 34.2,
            "gross_profit": 1043008,
            "gross_margin": 42.28,
            "gross_margin_4q_avg": 39.99,
            "net_income": 239442,
            "net_income_4q": null,
            "revenue": 2467153,
            "revenue_4q": null,
            "common_shares": 941131,
            "book_valuer_per_share": 23.36,
            "book_valuer_per_share_4q_avg": 22.45,
            "equity": 2198689,
            "current_ratio": 138.49,
            "debt_ratio": 51.71,
            "inventory_turnover_ratio": 0.94,
            "account_receivable_turnover_ratio": 8.26,
            "reinvestment_rate": 31.22,
            "research_to_sale_ratio": null,
            "price_fair": 192.24,
            "eps_avg_yearly": 5.49,
            "eps_latest_yearly": 10.2,
            "eps_growth_yearly": 103
        },
        "20144": {
            "year_quarter": 20144,
            "year": 2014,
            "quarter": 4,
            "eps": 2.13,
            "eps_growth_year": 49.65,
            "eps_4q": 8.21,
            "eps_4q_growth_year": 36.45,
            "roe": 8.7,
            "roe_4q": 36.14,
            "gross_profit": 1020974,
            "gross_margin": 39.7,
            "gross_margin_4q_avg": 40.44,
            "net_income": 200115,
            "net_income_4q": null,
            "revenue": 2571877,
            "revenue_4q": null,
            "common_shares": 941131,
            "book_valuer_per_share": 25.52,
            "book_valuer_per_share_4q_avg": 23.39,
            "equity": 2402098,
            "current_ratio": 139.94,
            "debt_ratio": 50.89,
            "inventory_turnover_ratio": 0.92,
            "account_receivable_turnover_ratio": 6.32,
            "reinvestment_rate": 25.99,
            "research_to_sale_ratio": null,
            "price_fair": 199.41,
            "eps_avg_yearly": 5.7,
            "eps_latest_yearly": 8.52,
            "eps_growth_yearly": 55.65
        },
        "20151": {
            "year_quarter": 20151,
            "year": 2015,
            "quarter": 1,
            "eps": 2.52,
            "eps_growth_year": 38.46,
            "eps_4q": 8.93,
            "eps_4q_growth_year": 47.95,
            "roe": 9.4,
            "roe_4q": 37.49,
            "gross_profit": 1056143,
            "gross_margin": 42,
            "gross_margin_4q_avg": 40.94,
            "net_income": 237014,
            "net_income_4q": null,
            "revenue": 2514564,
            "revenue_4q": null,
            "common_shares": 941131,
            "book_valuer_per_share": 28.04,
            "book_valuer_per_share_4q_avg": 24.5,
            "equity": 2639112,
            "current_ratio": 154.76,
            "debt_ratio": 45.5,
            "inventory_turnover_ratio": 0.81,
            "account_receivable_turnover_ratio": 7.77,
            "reinvestment_rate": 24.6,
            "research_to_sale_ratio": null,
            "price_fair": 212.71,
            "eps_avg_yearly": 6.08,
            "eps_latest_yearly": 10.08,
            "eps_growth_yearly": 66.14
        },
        "20152": {
            "year_quarter": 20152,
            "year": 2015,
            "quarter": 2,
            "eps": 2.2,
            "eps_growth_year": 25,
            "eps_4q": 8.57,
            "eps_4q_growth_year": 39.46,
            "roe": 8.5,
            "roe_4q": 38.12,
            "gross_profit": 1016685,
            "gross_margin": 39.58,
            "gross_margin_4q_avg": 40.89,
            "net_income": 207031,
            "net_income_4q": null,
            "revenue": 2568635,
            "revenue_4q": null,
            "common_shares": 941131,
            "book_valuer_per_share": 23.7,
            "book_valuer_per_share_4q_avg": 25.16,
            "equity": 2230707,
            "current_ratio": 113.68,
            "debt_ratio": 55.53,
            "inventory_turnover_ratio": 0.85,
            "account_receivable_turnover_ratio": 10.02,
            "reinvestment_rate": 33.7,
            "research_to_sale_ratio": null,
            "price_fair": 228.03,
            "eps_avg_yearly": 6.52,
            "eps_latest_yearly": 8.8,
            "eps_growth_yearly": 76.72
        },
        "20153": {
            "year_quarter": 20153,
            "year": 2015,
            "quarter": 3,
            "eps": 2.93,
            "eps_growth_year": 14.9,
            "eps_4q": 9.69,
            "eps_4q_growth_year": 29.43,
            "roe": 11.76,
            "roe_4q": 38.36,
            "gross_profit": 1169007,
            "gross_margin": 42.41,
            "gross_margin_4q_avg": 40.92,
            "net_income": 278757,
            "net_income_4q": null,
            "revenue": 2756299,
            "revenue_4q": null,
            "common_shares": 952774,
            "book_valuer_per_share": 26.34,
            "book_valuer_per_share_4q_avg": 25.9,
            "equity": 2509464,
            "current_ratio": 136.04,
            "debt_ratio": 52.1,
            "inventory_turnover_ratio": 0.85,
            "account_receivable_turnover_ratio": 6.92,
            "reinvestment_rate": 31.08,
            "research_to_sale_ratio": null,
            "price_fair": 248.59,
            "eps_avg_yearly": 7.1,
            "eps_latest_yearly": 11.72,
            "eps_growth_yearly": 77.79
        },
        "20154": {
            "year_quarter": 20154,
            "year": 2015,
            "quarter": 4,
            "eps": 2.41,
            "eps_growth_year": 13.21,
            "eps_4q": 9.99,
            "eps_4q_growth_year": 21.75,
            "roe": 8.74,
            "roe_4q": 38.4,
            "gross_profit": 1135735,
            "gross_margin": 39.87,
            "gross_margin_4q_avg": 40.97,
            "net_income": 229343,
            "net_income_4q": null,
            "revenue": 2848327,
            "revenue_4q": null,
            "common_shares": 952774,
            "book_valuer_per_share": 28.72,
            "book_valuer_per_share_4q_avg": 26.7,
            "equity": 2736740,
            "current_ratio": 136.25,
            "debt_ratio": 51.73,
            "inventory_turnover_ratio": 0.86,
            "account_receivable_turnover_ratio": 5.35,
            "reinvestment_rate": 34.76,
            "research_to_sale_ratio": null,
            "price_fair": 248.92,
            "eps_avg_yearly": 7.28,
            "eps_latest_yearly": 9.64,
            "eps_growth_yearly": 24.22
        },
        "20161": {
            "year_quarter": 20161,
            "year": 2016,
            "quarter": 1,
            "eps": 2.59,
            "eps_growth_year": 2.78,
            "eps_4q": 10.1,
            "eps_4q_growth_year": 13.11,
            "roe": 8.63,
            "roe_4q": 37.63,
            "gross_profit": 1169144,
            "gross_margin": 38.93,
            "gross_margin_4q_avg": 40.2,
            "net_income": 246717,
            "net_income_4q": null,
            "revenue": 3003298,
            "revenue_4q": null,
            "common_shares": 952774,
            "book_valuer_per_share": 31.31,
            "book_valuer_per_share_4q_avg": 27.52,
            "equity": 2983457,
            "current_ratio": 143.06,
            "debt_ratio": 47.25,
            "inventory_turnover_ratio": 0.87,
            "account_receivable_turnover_ratio": 7.27,
            "reinvestment_rate": 36.59,
            "research_to_sale_ratio": null,
            "price_fair": 264.78,
            "eps_avg_yearly": 7.57,
            "eps_latest_yearly": 10.36,
            "eps_growth_yearly": 30.3
        },
        "20162": {
            "year_quarter": 20162,
            "year": 2016,
            "quarter": 2,
            "eps": 2.9,
            "eps_growth_year": 31.82,
            "eps_4q": 9.9,
            "eps_4q_growth_year": 15.62,
            "roe": 10.18,
            "roe_4q": 39.31,
            "gross_profit": 1224964,
            "gross_margin": 40.13,
            "gross_margin_4q_avg": 40.34,
            "net_income": 279458,
            "net_income_4q": null,
            "revenue": 3052805,
            "revenue_4q": null,
            "common_shares": 952774,
            "book_valuer_per_share": 26.31,
            "book_valuer_per_share_4q_avg": 28.17,
            "equity": 2506474,
            "current_ratio": 120.44,
            "debt_ratio": 58.11,
            "inventory_turnover_ratio": 0.84,
            "account_receivable_turnover_ratio": 9.28,
            "reinvestment_rate": 28.18,
            "research_to_sale_ratio": null,
            "price_fair": 281.66,
            "eps_avg_yearly": 8.05,
            "eps_latest_yearly": 11.6,
            "eps_growth_yearly": 41.33
        },
        "20163": {
            "year_quarter": 20163,
            "year": 2016,
            "quarter": 3,
            "eps": 3.62,
            "eps_growth_year": 23.55,
            "eps_4q": 11.45,
            "eps_4q_growth_year": 18.18,
            "roe": 13.02,
            "roe_4q": 40.57,
            "gross_profit": 1386648,
            "gross_margin": 43.22,
            "gross_margin_4q_avg": 40.54,
            "net_income": 348950,
            "net_income_4q": null,
            "revenue": 3208692,
            "revenue_4q": null,
            "common_shares": 964760,
            "book_valuer_per_share": 29.6,
            "book_valuer_per_share_4q_avg": 28.99,
            "equity": 2855424,
            "current_ratio": 147.46,
            "debt_ratio": 53.62,
            "inventory_turnover_ratio": 0.81,
            "account_receivable_turnover_ratio": 6.59,
            "reinvestment_rate": 31.25,
            "research_to_sale_ratio": null,
            "price_fair": 302.14,
            "eps_avg_yearly": 8.63,
            "eps_latest_yearly": 14.48,
            "eps_growth_yearly": 39.55
        },
        "20164": {
            "year_quarter": 20164,
            "year": 2016,
            "quarter": 4,
            "eps": 3.05,
            "eps_growth_year": 26.75,
            "eps_4q": 12.12,
            "eps_4q_growth_year": 21.3,
            "roe": 9.81,
            "roe_4q": 41.64,
            "gross_profit": 1326797,
            "gross_margin": 42,
            "gross_margin_4q_avg": 41.07,
            "net_income": 294359,
            "net_income_4q": null,
            "revenue": 3158951,
            "revenue_4q": null,
            "common_shares": 964760,
            "book_valuer_per_share": 32.59,
            "book_valuer_per_share_4q_avg": 29.95,
            "equity": 3144353,
            "current_ratio": 143.57,
            "debt_ratio": 51.35,
            "inventory_turnover_ratio": 0.79,
            "account_receivable_turnover_ratio": 5.12,
            "reinvestment_rate": 35.99,
            "research_to_sale_ratio": null,
            "price_fair": 319.64,
            "eps_avg_yearly": 9.13,
            "eps_latest_yearly": 12.2,
            "eps_growth_yearly": 40.11
        },
        "20171": {
            "year_quarter": 20171,
            "year": 2017,
            "quarter": 1,
            "eps": 3.41,
            "eps_growth_year": 31.66,
            "eps_4q": 12.97,
            "eps_4q_growth_year": 28.52,
            "roe": 9.94,
            "roe_4q": 42.949999999999996,
            "gross_profit": 1376719,
            "gross_margin": 42.49,
            "gross_margin_4q_avg": 41.96,
            "net_income": 328950,
            "net_income_4q": null,
            "revenue": 3239813,
            "revenue_4q": null,
            "common_shares": 964760,
            "book_valuer_per_share": 36,
            "book_valuer_per_share_4q_avg": 31.13,
            "equity": 3473303,
            "current_ratio": 148.55,
            "debt_ratio": 46.3,
            "inventory_turnover_ratio": 0.81,
            "account_receivable_turnover_ratio": 7.09,
            "reinvestment_rate": 40.17,
            "research_to_sale_ratio": null,
            "price_fair": 328.55,
            "eps_avg_yearly": 9.53,
            "eps_latest_yearly": 13.64,
            "eps_growth_yearly": 24.48
        },
        "20172": {
            "year_quarter": 20172,
            "year": 2017,
            "quarter": 2,
            "eps": 3.01,
            "eps_growth_year": 3.79,
            "eps_4q": 11.9,
            "eps_4q_growth_year": 20.13,
            "roe": 9.34,
            "roe_4q": 42.11,
            "gross_profit": 1334217,
            "gross_margin": 41.99,
            "gross_margin_4q_avg": 42.43,
            "net_income": 294086,
            "net_income_4q": null,
            "revenue": 3177658,
            "revenue_4q": null,
            "common_shares": 964760,
            "book_valuer_per_share": 29.28,
            "book_valuer_per_share_4q_avg": 31.87,
            "equity": 2825096,
            "current_ratio": 109.35,
            "debt_ratio": 58.39,
            "inventory_turnover_ratio": 0.8,
            "account_receivable_turnover_ratio": 9.78,
            "reinvestment_rate": 39.58,
            "research_to_sale_ratio": null,
            "price_fair": 348.78,
            "eps_avg_yearly": 9.97,
            "eps_latest_yearly": 12.04,
            "eps_growth_yearly": 29.34
        },
        "20173": {
            "year_quarter": 20173,
            "year": 2017,
            "quarter": 3,
            "eps": 4.41,
            "eps_growth_year": 21.82,
            "eps_4q": 13.8,
            "eps_4q_growth_year": 20.57,
            "roe": 14.17,
            "roe_4q": 43.26,
            "gross_profit": 1536313,
            "gross_margin": 44.37,
            "gross_margin_4q_avg": 42.71,
            "net_income": 430979,
            "net_income_4q": null,
            "revenue": 3462497,
            "revenue_4q": null,
            "common_shares": 976850,
            "book_valuer_per_share": 33.33,
            "book_valuer_per_share_4q_avg": 32.8,
            "equity": 3256075,
            "current_ratio": 141.23,
            "debt_ratio": 55.33,
            "inventory_turnover_ratio": 0.79,
            "account_receivable_turnover_ratio": 6.9,
            "reinvestment_rate": 33.58,
            "research_to_sale_ratio": null,
            "price_fair": 373.89,
            "eps_avg_yearly": 10.68,
            "eps_latest_yearly": 17.64,
            "eps_growth_yearly": 35.41
        },
        "20174": {
            "year_quarter": 20174,
            "year": 2017,
            "quarter": 4,
            "eps": 3.84,
            "eps_growth_year": 25.83,
            "eps_4q": 14.63,
            "eps_4q_growth_year": 20.68,
            "roe": 10.89,
            "roe_4q": 44.34,
            "gross_profit": 1431451,
            "gross_margin": 42.32,
            "gross_margin_4q_avg": 42.79,
            "net_income": 375042,
            "net_income_4q": null,
            "revenue": 3382103,
            "revenue_4q": null,
            "common_shares": 976850,
            "book_valuer_per_share": 37.16,
            "book_valuer_per_share_4q_avg": 33.94,
            "equity": 3629825,
            "current_ratio": 143.45,
            "debt_ratio": 51.79,
            "inventory_turnover_ratio": 0.75,
            "account_receivable_turnover_ratio": 5.24,
            "reinvestment_rate": 30.57,
            "research_to_sale_ratio": null,
            "price_fair": 395.06,
            "eps_avg_yearly": 11.29,
            "eps_latest_yearly": 15.36,
            "eps_growth_yearly": 34.13
        },
        "20181": {
            "year_quarter": 20181,
            "year": 2018,
            "quarter": 1,
            "eps": 4.54,
            "eps_growth_year": 33.14,
            "eps_4q": 15.8,
            "eps_4q_growth_year": 21.77,
            "roe": 11.51,
            "roe_4q": 45.91,
            "gross_profit": 1516953,
            "gross_margin": 44.62,
            "gross_margin_4q_avg": 43.33,
            "net_income": 443224,
            "net_income_4q": null,
            "revenue": 3399691,
            "revenue_4q": null,
            "common_shares": 976850,
            "book_valuer_per_share": 41.7,
            "book_valuer_per_share_4q_avg": 35.37,
            "equity": 4073273,
            "current_ratio": 151.64,
            "debt_ratio": 48.42,
            "inventory_turnover_ratio": 0.69,
            "account_receivable_turnover_ratio": 6.68,
            "reinvestment_rate": 30.15,
            "research_to_sale_ratio": null,
            "price_fair": 418.86,
            "eps_avg_yearly": 11.97,
            "eps_latest_yearly": 18.16,
            "eps_growth_yearly": 31.64
        },
        "20182": {
            "year_quarter": 20182,
            "year": 2018,
            "quarter": 2,
            "eps": 3.75,
            "eps_growth_year": 24.58,
            "eps_4q": 16.54,
            "eps_4q_growth_year": 39.01,
            "roe": 10.11,
            "roe_4q": 46.68,
            "gross_profit": 1446983,
            "gross_margin": 42.03,
            "gross_margin_4q_avg": 43.34,
            "net_income": 366295,
            "net_income_4q": null,
            "revenue": 3442570,
            "revenue_4q": null,
            "common_shares": 976850,
            "book_valuer_per_share": 32.45,
            "book_valuer_per_share_4q_avg": 36.16,
            "equity": 3169663,
            "current_ratio": 99.39,
            "debt_ratio": 60.9,
            "inventory_turnover_ratio": 0.71,
            "account_receivable_turnover_ratio": 8.83,
            "reinvestment_rate": 30.03,
            "research_to_sale_ratio": null,
            "price_fair": 436.28,
            "eps_avg_yearly": 12.47,
            "eps_latest_yearly": 15,
            "eps_growth_yearly": 28.12
        },
        "20183": {
            "year_quarter": 20183,
            "year": 2018,
            "quarter": 3,
            "eps": 4.93,
            "eps_growth_year": 11.79,
            "eps_4q": 17.06,
            "eps_4q_growth_year": 23.56,
            "roe": 14.12,
            "roe_4q": 46.629999999999995,
            "gross_profit": 1651743,
            "gross_margin": 45.03,
            "gross_margin_4q_avg": 43.5,
            "net_income": 481506,
            "net_income_4q": null,
            "revenue": 3667966,
            "revenue_4q": null,
            "common_shares": 976850,
            "book_valuer_per_share": 37.38,
            "book_valuer_per_share_4q_avg": 37.17,
            "equity": 3651169,
            "current_ratio": 147.32,
            "debt_ratio": 54.38,
            "inventory_turnover_ratio": 0.72,
            "account_receivable_turnover_ratio": 6.32,
            "reinvestment_rate": 24.79,
            "research_to_sale_ratio": null,
            "price_fair": 454,
            "eps_avg_yearly": 13.06,
            "eps_latest_yearly": 19.72,
            "eps_growth_yearly": 24.76
        },
        "20184": {
            "year_quarter": 20184,
            "year": 2018,
            "quarter": 4,
            "eps": 4.28,
            "eps_growth_year": 11.48,
            "eps_4q": 17.5,
            "eps_4q_growth_year": 19.6,
            "roe": 10.83,
            "roe_4q": 46.57,
            "gross_profit": 1552504,
            "gross_margin": 43.44,
            "gross_margin_4q_avg": 43.78,
            "net_income": 418115,
            "net_income_4q": null,
            "revenue": 3573805,
            "revenue_4q": null,
            "common_shares": 976850,
            "book_valuer_per_share": 41.67,
            "book_valuer_per_share_4q_avg": 38.3,
            "equity": 4070286,
            "current_ratio": 147.98,
            "debt_ratio": 52.45,
            "inventory_turnover_ratio": 0.69,
            "account_receivable_turnover_ratio": 4.67,
            "reinvestment_rate": 26.57,
            "research_to_sale_ratio": null,
            "price_fair": 475.91,
            "eps_avg_yearly": 13.6,
            "eps_latest_yearly": 17.12,
            "eps_growth_yearly": 25.58
        },
        "20191": {
            "year_quarter": 20191,
            "year": 2019,
            "quarter": 1,
            "eps": 4.65,
            "eps_growth_year": 2.42,
            "eps_4q": 17.61,
            "eps_4q_growth_year": 11.46,
            "roe": 10.6,
            "roe_4q": 45.66,
            "gross_profit": 1631196,
            "gross_margin": 42.96,
            "gross_margin_4q_avg": 43.37,
            "net_income": 454299,
            "net_income_4q": null,
            "revenue": 3796786,
            "revenue_4q": null,
            "common_shares": 976850,
            "book_valuer_per_share": 46.06,
            "book_valuer_per_share_4q_avg": 39.39,
            "equity": 4499076,
            "current_ratio": 121.3,
            "debt_ratio": 74.7,
            "inventory_turnover_ratio": 0.69,
            "account_receivable_turnover_ratio": 6.17,
            "reinvestment_rate": 26.92,
            "research_to_sale_ratio": null,
            "price_fair": 468.66,
            "eps_avg_yearly": 14.13,
            "eps_latest_yearly": 18.6,
            "eps_growth_yearly": 23.17
        },
        "20192": {
            "year_quarter": 20192,
            "year": 2019,
            "quarter": 2,
            "eps": 4.34,
            "eps_growth_year": 15.73,
            "eps_4q": 18.2,
            "eps_4q_growth_year": 10.05,
            "roe": 10.76,
            "roe_4q": 46.309999999999995,
            "gross_profit": 1613900,
            "gross_margin": 42.2,
            "gross_margin_4q_avg": 43.41,
            "net_income": 424029,
            "net_income_4q": null,
            "revenue": 3824727,
            "revenue_4q": null,
            "common_shares": 976850,
            "book_valuer_per_share": 34.65,
            "book_valuer_per_share_4q_avg": 39.94,
            "equity": 3384566,
            "current_ratio": 87.18,
            "debt_ratio": 81.86,
            "inventory_turnover_ratio": 0.69,
            "account_receivable_turnover_ratio": 7.37,
            "reinvestment_rate": 21.79,
            "research_to_sale_ratio": null,
            "price_fair": 508.52,
            "eps_avg_yearly": 14.67,
            "eps_latest_yearly": 17.36,
            "eps_growth_yearly": 24.68
        },
        "20193": {
            "year_quarter": 20193,
            "year": 2019,
            "quarter": 3,
            "eps": 5.13,
            "eps_growth_year": 4.06,
            "eps_4q": 18.4,
            "eps_4q_growth_year": 7.9,
            "roe": 13.79,
            "roe_4q": 45.98,
            "gross_profit": 1780717,
            "gross_margin": 42.95,
            "gross_margin_4q_avg": 42.89,
            "net_income": 501168,
            "net_income_4q": null,
            "revenue": 4145958,
            "revenue_4q": null,
            "common_shares": 976850,
            "book_valuer_per_share": 39.78,
            "book_valuer_per_share_4q_avg": 40.54,
            "equity": 3885734,
            "current_ratio": 111.16,
            "debt_ratio": 79.35,
            "inventory_turnover_ratio": 0.74,
            "account_receivable_turnover_ratio": 5.89,
            "reinvestment_rate": 21.39,
            "research_to_sale_ratio": null,
            "price_fair": 470.61,
            "eps_avg_yearly": 15.22,
            "eps_latest_yearly": 20.52,
            "eps_growth_yearly": 20.93
        },
        "20194": {
            "year_quarter": 20194,
            "year": 2019,
            "quarter": 4,
            "eps": 5.19,
            "eps_growth_year": 21.31,
            "eps_4q": 19.31,
            "eps_4q_growth_year": 10.39,
            "roe": 12.26,
            "roe_4q": 47.41,
            "gross_profit": 1798422,
            "gross_margin": 44.73,
            "gross_margin_4q_avg": 43.21,
            "net_income": 507231,
            "net_income_4q": null,
            "revenue": 4020223,
            "revenue_4q": null,
            "common_shares": 976850,
            "book_valuer_per_share": 44.95,
            "book_valuer_per_share_4q_avg": 41.36,
            "equity": 4391034,
            "current_ratio": 116.14,
            "debt_ratio": 77.64,
            "inventory_turnover_ratio": 0.67,
            "account_receivable_turnover_ratio": 4.93,
            "reinvestment_rate": 18.05,
            "research_to_sale_ratio": null,
            "price_fair": 556.85,
            "eps_avg_yearly": 15.91,
            "eps_latest_yearly": 20.76,
            "eps_growth_yearly": 25.66
        },
        "20201": {
            "year_quarter": 20201,
            "year": 2020,
            "quarter": 1,
            "eps": 5.06,
            "eps_growth_year": 8.82,
            "eps_4q": 19.72,
            "eps_4q_growth_year": 11.99,
            "roe": 12.99,
            "roe_4q": 49.8,
            "gross_profit": 1823544,
            "gross_margin": 42.75,
            "gross_margin_4q_avg": 43.16,
            "net_income": 493970,
            "net_income_4q": null,
            "revenue": 4266030,
            "revenue_4q": null,
            "common_shares": 976850,
            "book_valuer_per_share": 32.91,
            "book_valuer_per_share_4q_avg": 38.07,
            "equity": 3214590,
            "current_ratio": 94.4,
            "debt_ratio": 84.47,
            "inventory_turnover_ratio": 0.7,
            "account_receivable_turnover_ratio": 6.84,
            "reinvestment_rate": 17.01,
            "research_to_sale_ratio": null,
            "price_fair": 548.16,
            "eps_avg_yearly": 16.53,
            "eps_latest_yearly": 20.24,
            "eps_growth_yearly": 23.17
        },
        "20202": {
            "year_quarter": 20202,
            "year": 2020,
            "quarter": 2,
            "eps": 4.08,
            "eps_growth_year": -5.99,
            "eps_4q": 19.46,
            "eps_4q_growth_year": 6.92,
            "roe": 11.68,
            "roe_4q": 50.72,
            "gross_profit": 1649545,
            "gross_margin": 41.87,
            "gross_margin_4q_avg": 43.08,
            "net_income": 398614,
            "net_income_4q": null,
            "revenue": 3940129,
            "revenue_4q": null,
            "common_shares": 976850,
            "book_valuer_per_share": 36.99,
            "book_valuer_per_share_4q_avg": 38.66,
            "equity": 3613204,
            "current_ratio": 108.5,
            "debt_ratio": 82.8,
            "inventory_turnover_ratio": 0.66,
            "account_receivable_turnover_ratio": 8.11,
            "reinvestment_rate": 20.48,
            "research_to_sale_ratio": null,
            "price_fair": 426.16,
            "eps_avg_yearly": 16.82,
            "eps_latest_yearly": 16.32,
            "eps_growth_yearly": 15.33
        },
        "20203": {
            "year_quarter": 20203,
            "year": 2020,
            "quarter": 3,
            "eps": 7.03,
            "eps_growth_year": 37.04,
            "eps_4q": 21.36,
            "eps_4q_growth_year": 16.09,
            "roe": 17.37,
            "roe_4q": 54.3,
            "gross_profit": 2133420,
            "gross_margin": 44.79,
            "gross_margin_4q_avg": 43.54,
            "net_income": 687097,
            "net_income_4q": null,
            "revenue": 4763486,
            "revenue_4q": null,
            "common_shares": 976850,
            "book_valuer_per_share": 44.02,
            "book_valuer_per_share_4q_avg": 39.72,
            "equity": 4300301,
            "current_ratio": 111.91,
            "debt_ratio": 80.85,
            "inventory_turnover_ratio": 0.73,
            "account_receivable_turnover_ratio": 6.68,
            "reinvestment_rate": 18.23,
            "research_to_sale_ratio": null,
            "price_fair": 618.63,
            "eps_avg_yearly": 17.68,
            "eps_latest_yearly": 28.12,
            "eps_growth_yearly": 27.2
        },
        "20204": {
            "year_quarter": 20204,
            "year": 2020,
            "quarter": 4,
            "eps": 5.43,
            "eps_growth_year": 4.58,
            "eps_4q": 21.6,
            "eps_4q_growth_year": 11.84,
            "roe": 11.62,
            "roe_4q": 53.660000000000004,
            "gross_profit": 1966278,
            "gross_margin": 43.03,
            "gross_margin_4q_avg": 43.11,
            "net_income": 530442,
            "net_income_4q": null,
            "revenue": 4569193,
            "revenue_4q": null,
            "common_shares": 976850,
            "book_valuer_per_share": 49.42,
            "book_valuer_per_share_4q_avg": 40.84,
            "equity": 4827952,
            "current_ratio": 113.14,
            "debt_ratio": 79.17,
            "inventory_turnover_ratio": 0.66,
            "account_receivable_turnover_ratio": 5,
            "reinvestment_rate": 17.53,
            "research_to_sale_ratio": null,
            "price_fair": 639.45,
            "eps_avg_yearly": 18.27,
            "eps_latest_yearly": 21.72,
            "eps_growth_yearly": 25.45
        },
        "20211": {
            "year_quarter": 20211,
            "year": 2021,
            "quarter": 1,
            "eps": 6.2,
            "eps_growth_year": 22.53,
            "eps_4q": 22.75,
            "eps_4q_growth_year": 15.37,
            "roe": 14.38,
            "roe_4q": 55.050000000000004,
            "gross_profit": 2102667,
            "gross_margin": 44.53,
            "gross_margin_4q_avg": 43.56,
            "net_income": 606399,
            "net_income_4q": null,
            "revenue": 4721778,
            "revenue_4q": null,
            "common_shares": 976850,
            "book_valuer_per_share": 36.93,
            "book_valuer_per_share_4q_avg": 41.84,
            "equity": 3607641,
            "current_ratio": 89.12,
            "debt_ratio": 84.75,
            "inventory_turnover_ratio": 0.62,
            "account_receivable_turnover_ratio": 6.33,
            "reinvestment_rate": 15.43,
            "research_to_sale_ratio": null,
            "price_fair": 663.86,
            "eps_avg_yearly": 18.97,
            "eps_latest_yearly": 24.8,
            "eps_growth_yearly": 26.04
        },
        "20212": {
            "year_quarter": 20212,
            "year": 2021,
            "quarter": 2,
            "eps": 2.91,
            "eps_growth_year": -28.68,
            "eps_4q": 20.96,
            "eps_4q_growth_year": 7.69,
            "roe": 7.59,
            "roe_4q": 50.959999999999994,
            "gross_profit": 1632256,
            "gross_margin": 43.03,
            "gross_margin_4q_avg": 43.85,
            "net_income": 284653,
            "net_income_4q": null,
            "revenue": 3793606,
            "revenue_4q": null,
            "common_shares": 976850,
            "book_valuer_per_share": 39.85,
            "book_valuer_per_share_4q_avg": 42.56,
            "equity": 3892294,
            "current_ratio": 110.86,
            "debt_ratio": 84.32,
            "inventory_turnover_ratio": 0.5,
            "account_receivable_turnover_ratio": 6.64,
            "reinvestment_rate": 14.41,
            "research_to_sale_ratio": null,
            "price_fair": 486.99,
            "eps_avg_yearly": 18.94,
            "eps_latest_yearly": 11.64,
            "eps_growth_yearly": 15.71
        },
        "20213": {
            "year_quarter": 20213,
            "year": 2021,
            "quarter": 3,
            "eps": 3.92,
            "eps_growth_year": -44.24,
            "eps_4q": 15.85,
            "eps_4q_growth_year": -25.79,
            "roe": 9.49,
            "roe_4q": 43.08,
            "gross_profit": 1830656,
            "gross_margin": 43.5,
            "gross_margin_4q_avg": 43.52,
            "net_income": 394939,
            "net_income_4q": null,
            "revenue": 4208425,
            "revenue_4q": null,
            "common_shares": 976850,
            "book_valuer_per_share": 45.32,
            "book_valuer_per_share_4q_avg": 42.88,
            "equity": 4426733,
            "current_ratio": 122.1,
            "debt_ratio": 81.24,
            "inventory_turnover_ratio": 0.59,
            "account_receivable_turnover_ratio": 5.86,
            "reinvestment_rate": 12.26,
            "research_to_sale_ratio": null,
            "price_fair": 428.3,
            "eps_avg_yearly": 18.82,
            "eps_latest_yearly": 15.68,
            "eps_growth_yearly": 12.76
        },
        "20214": {
            "year_quarter": 20214,
            "year": 2021,
            "quarter": 4,
            "eps": 5.49,
            "eps_growth_year": 1.11,
            "eps_4q": 18.24,
            "eps_4q_growth_year": -15.56,
            "roe": 11.77,
            "roe_4q": 43.23,
            "gross_profit": 2097913,
            "gross_margin": 44.21,
            "gross_margin_4q_avg": 43.82,
            "net_income": 553752,
            "net_income_4q": null,
            "revenue": 4745399,
            "revenue_4q": null,
            "common_shares": 1008595,
            "book_valuer_per_share": 49.41,
            "book_valuer_per_share_4q_avg": 42.88,
            "equity": 4983752,
            "current_ratio": 124.23,
            "debt_ratio": 80.07,
            "inventory_turnover_ratio": 0.64,
            "account_receivable_turnover_ratio": 5.13,
            "reinvestment_rate": 11.86,
            "research_to_sale_ratio": null,
            "price_fair": 673.14,
            "eps_avg_yearly": 19.23,
            "eps_latest_yearly": 21.96,
            "eps_growth_yearly": 26
        },
        "20221": {
            "year_quarter": 20221,
            "year": 2022,
            "quarter": 1,
            "eps": 5.01,
            "eps_growth_year": -19.19,
            "eps_4q": 17.23,
            "eps_4q_growth_year": -24.25,
            "roe": 9.64,
            "roe_4q": 38.489999999999995,
            "gross_profit": 2029287,
            "gross_margin": 43.05,
            "gross_margin_4q_avg": 43.45,
            "net_income": 504946,
            "net_income_4q": null,
            "revenue": 4713273,
            "revenue_4q": null,
            "common_shares": 1008595,
            "book_valuer_per_share": 54.42,
            "book_valuer_per_share_4q_avg": 47.25,
            "equity": 5488698,
            "current_ratio": 131.73,
            "debt_ratio": 78.12,
            "inventory_turnover_ratio": 0.6,
            "account_receivable_turnover_ratio": 5.96,
            "reinvestment_rate": 11.85,
            "research_to_sale_ratio": null,
            "price_fair": 566.16,
            "eps_avg_yearly": 19.35,
            "eps_latest_yearly": 20.04,
            "eps_growth_yearly": 19.26
        },
        "20222": {
            "year_quarter": 20222,
            "year": 2022,
            "quarter": 2,
            "eps": 2.84,
            "eps_growth_year": -2.41,
            "eps_4q": 15.25,
            "eps_4q_growth_year": -27.21,
            "roe": 5.58,
            "roe_4q": 36.480000000000004,
            "gross_profit": 1763504,
            "gross_margin": 40.33,
            "gross_margin_4q_avg": 42.77,
            "net_income": 286849,
            "net_income_4q": null,
            "revenue": 4372204,
            "revenue_4q": null,
            "common_shares": 1008595,
            "book_valuer_per_share": 47.48,
            "book_valuer_per_share_4q_avg": 49.16,
            "equity": 4788393,
            "current_ratio": 113.63,
            "debt_ratio": 80.26,
            "inventory_turnover_ratio": 0.59,
            "account_receivable_turnover_ratio": 7.53,
            "reinvestment_rate": 9.48,
            "research_to_sale_ratio": null,
            "price_fair": 435.62,
            "eps_avg_yearly": 19.12,
            "eps_latest_yearly": 11.36,
            "eps_growth_yearly": 12.78
        },
        "20223": {
            "year_quarter": 20223,
            "year": 2022,
            "quarter": 3,
            "eps": 6.07,
            "eps_growth_year": 54.85,
            "eps_4q": 19.24,
            "eps_4q_growth_year": 21.33,
            "roe": 12.16,
            "roe_4q": 39.150000000000006,
            "gross_profit": 2259922,
            "gross_margin": 43.04,
            "gross_margin_4q_avg": 42.66,
            "net_income": 620056,
            "net_income_4q": null,
            "revenue": 5250842,
            "revenue_4q": null,
            "common_shares": 1021820,
            "book_valuer_per_share": 52.93,
            "book_valuer_per_share_4q_avg": 51.06,
            "equity": 5408449,
            "current_ratio": 117.32,
            "debt_ratio": 77.07,
            "inventory_turnover_ratio": 0.68,
            "account_receivable_turnover_ratio": 6.85,
            "reinvestment_rate": 8.84,
            "research_to_sale_ratio": null,
            "price_fair": 679.26,
            "eps_avg_yearly": 19.41,
            "eps_latest_yearly": 24.28,
            "eps_growth_yearly": 33.35
        },
        "20224": {
            "year_quarter": 20224,
            "year": 2022,
            "quarter": 4,
            "eps": 6.42,
            "eps_growth_year": 16.97,
            "eps_4q": 20.24,
            "eps_4q_growth_year": 10.96,
            "roe": 11.43,
            "roe_4q": 38.81,
            "gross_profit": 2354120,
            "gross_margin": 45.8,
            "gross_margin_4q_avg": 43.06,
            "net_income": 656224,
            "net_income_4q": null,
            "revenue": 5139850,
            "revenue_4q": null,
            "common_shares": 1021820,
            "book_valuer_per_share": 59.41,
            "book_valuer_per_share_4q_avg": 53.56,
            "equity": 6070445,
            "current_ratio": 121.16,
            "debt_ratio": 75.11,
            "inventory_turnover_ratio": 0.59,
            "account_receivable_turnover_ratio": 4.76,
            "reinvestment_rate": 6.76,
            "research_to_sale_ratio": null,
            "price_fair": 697.99,
            "eps_avg_yearly": 19.94,
            "eps_latest_yearly": 25.68,
            "eps_growth_yearly": 38.08
        },
        "20231": {
            "year_quarter": 20231,
            "year": 2023,
            "quarter": 1,
            "eps": 6.43,
            "eps_growth_year": 28.34,
            "eps_4q": 21.73,
            "eps_4q_growth_year": 26.1,
            "roe": 12.7,
            "roe_4q": 41.87,
            "gross_profit": 2368359,
            "gross_margin": 44.74,
            "gross_margin_4q_avg": 43.48,
            "net_income": 657605,
            "net_income_4q": null,
            "revenue": 5293268,
            "revenue_4q": null,
            "common_shares": 1021820,
            "book_valuer_per_share": 41.94,
            "book_valuer_per_share_4q_avg": 50.44,
            "equity": 4285899,
            "current_ratio": 94.32,
            "debt_ratio": 82.89,
            "inventory_turnover_ratio": 0.58,
            "account_receivable_turnover_ratio": 5.82,
            "reinvestment_rate": 7.13,
            "research_to_sale_ratio": null,
            "price_fair": 713.56,
            "eps_avg_yearly": 20.39,
            "eps_latest_yearly": 25.72,
            "eps_growth_yearly": 35.96
        },
        "20232": {
            "year_quarter": 20232,
            "year": 2023,
            "quarter": 2,
            "eps": 4.59,
            "eps_growth_year": 61.62,
            "eps_4q": 20.13,
            "eps_4q_growth_year": 31.98,
            "roe": 10.32,
            "roe_4q": 46.61,
            "gross_profit": 2185833,
            "gross_margin": 41.39,
            "gross_margin_4q_avg": 43.74,
            "net_income": 475127,
            "net_income_4q": null,
            "revenue": 5280834,
            "revenue_4q": null,
            "common_shares": 1021820,
            "book_valuer_per_share": 48.2,
            "book_valuer_per_share_4q_avg": 50.62,
            "equity": 4925526,
            "current_ratio": 100.75,
            "debt_ratio": 80.74,
            "inventory_turnover_ratio": 0.61,
            "account_receivable_turnover_ratio": 7.9,
            "reinvestment_rate": 6.62,
            "research_to_sale_ratio": null,
            "price_fair": 715.75,
            "eps_avg_yearly": 20.45,
            "eps_latest_yearly": 18.36,
            "eps_growth_yearly": 30.48
        },
        "20233": {
            "year_quarter": 20233,
            "year": 2023,
            "quarter": 3,
            "eps": 6.89,
            "eps_growth_year": 13.51,
            "eps_4q": 24.17,
            "eps_4q_growth_year": 25.67,
            "roe": 13.5,
            "roe_4q": 47.949999999999996,
            "gross_profit": 2611484,
            "gross_margin": 44.49,
            "gross_margin_4q_avg": 44.11,
            "net_income": 712928,
            "net_income_4q": null,
            "revenue": 5869731,
            "revenue_4q": null,
            "common_shares": 1034930,
            "book_valuer_per_share": 54.48,
            "book_valuer_per_share_4q_avg": 51.01,
            "equity": 5638454,
            "current_ratio": 115.7,
            "debt_ratio": 77.24,
            "inventory_turnover_ratio": 0.64,
            "account_receivable_turnover_ratio": 5.97,
            "reinvestment_rate": 6,
            "research_to_sale_ratio": null,
            "price_fair": 731.15,
            "eps_avg_yearly": 20.89,
            "eps_latest_yearly": 27.56,
            "eps_growth_yearly": 38.45
        },
        "20234": {
            "year_quarter": 20234,
            "year": 2023,
            "quarter": 4,
            "eps": 6.57,
            "eps_growth_year": 2.27,
            "eps_4q": 24.4,
            "eps_4q_growth_year": 20.57,
            "roe": 11.37,
            "roe_4q": 47.89,
            "gross_profit": 2571969,
            "gross_margin": 45.64,
            "gross_margin_4q_avg": 44.07,
            "net_income": 679732,
            "net_income_4q": null,
            "revenue": 5634862,
            "revenue_4q": null,
            "common_shares": 1034930,
            "book_valuer_per_share": 61.01,
            "book_valuer_per_share_4q_avg": 51.41,
            "equity": 6314284,
            "current_ratio": 117.78,
            "debt_ratio": 75.44,
            "inventory_turnover_ratio": 0.59,
            "account_receivable_turnover_ratio": 4.26,
            "reinvestment_rate": 8.66,
            "research_to_sale_ratio": null,
            "price_fair": 743.23,
            "eps_avg_yearly": 21.24,
            "eps_latest_yearly": 26.28,
            "eps_growth_yearly": 37
        }
    },
    "months": {
        "2002-09": {
            "month": "2002-09",
            "price": "40.77",
            "revenue": 228079
        },
        "2002-10": {
            "month": "2002-10",
            "price": "31.74",
            "revenue": 203493
        },
        "2002-11": {
            "month": "2002-11",
            "price": "32.90",
            "revenue": 191163
        },
        "2002-12": {
            "month": "2002-12",
            "price": "32.91",
            "revenue": 203540
        },
        "2003-01": {
            "month": "2003-01",
            "price": "33.36",
            "revenue": 217475
        },
        "2003-02": {
            "month": "2003-02",
            "price": "31.80",
            "revenue": 209811
        },
        "2003-03": {
            "month": "2003-03",
            "price": "31.31",
            "revenue": 215381
        },
        "2003-04": {
            "month": "2003-04",
            "price": "30.84",
            "revenue": 200681
        },
        "2003-05": {
            "month": "2003-05",
            "price": "31.50",
            "revenue": 223889
        },
        "2003-06": {
            "month": "2003-06",
            "price": "34.14",
            "revenue": 211427
        },
        "2003-07": {
            "month": "2003-07",
            "price": "29.64",
            "revenue": 238008
        },
        "2003-08": {
            "month": "2003-08",
            "price": "28.61",
            "revenue": 236446
        },
        "2003-09": {
            "month": "2003-09",
            "price": "28.57",
            "revenue": 242748
        },
        "2003-10": {
            "month": "2003-10",
            "price": "31.51",
            "revenue": 237682
        },
        "2003-11": {
            "month": "2003-11",
            "price": "34.16",
            "revenue": 209680
        },
        "2003-12": {
            "month": "2003-12",
            "price": "33.49",
            "revenue": 254406
        },
        "2004-01": {
            "month": "2004-01",
            "price": "33.89",
            "revenue": 264402
        },
        "2004-02": {
            "month": "2004-02",
            "price": "37.90",
            "revenue": 232939
        },
        "2004-03": {
            "month": "2004-03",
            "price": "37.70",
            "revenue": 227176
        },
        "2004-04": {
            "month": "2004-04",
            "price": "37.16",
            "revenue": 225923
        },
        "2004-05": {
            "month": "2004-05",
            "price": "34.21",
            "revenue": 245033
        },
        "2004-06": {
            "month": "2004-06",
            "price": "33.34",
            "revenue": 231372
        },
        "2004-07": {
            "month": "2004-07",
            "price": "30.05",
            "revenue": 239919
        },
        "2004-08": {
            "month": "2004-08",
            "price": "27.32",
            "revenue": 280470
        },
        "2004-09": {
            "month": "2004-09",
            "price": "26.38",
            "revenue": 289460
        },
        "2004-10": {
            "month": "2004-10",
            "price": "25.74",
            "revenue": 279621
        },
        "2004-11": {
            "month": "2004-11",
            "price": "24.85",
            "revenue": 240380
        },
        "2004-12": {
            "month": "2004-12",
            "price": "24.55",
            "revenue": 283376
        },
        "2005-01": {
            "month": "2005-01",
            "price": "25.03",
            "revenue": 271904
        },
        "2005-02": {
            "month": "2005-02",
            "price": "26.86",
            "revenue": 270610
        },
        "2005-03": {
            "month": "2005-03",
            "price": "28.24",
            "revenue": 255527
        },
        "2005-04": {
            "month": "2005-04",
            "price": "29.75",
            "revenue": 256112
        },
        "2005-05": {
            "month": "2005-05",
            "price": "29.40",
            "revenue": 265460
        },
        "2005-06": {
            "month": "2005-06",
            "price": "29.95",
            "revenue": 262181
        },
        "2005-07": {
            "month": "2005-07",
            "price": "26.45",
            "revenue": 278458
        },
        "2005-08": {
            "month": "2005-08",
            "price": "25.85",
            "revenue": 275864
        },
        "2005-09": {
            "month": "2005-09",
            "price": "24.72",
            "revenue": 272014
        },
        "2005-10": {
            "month": "2005-10",
            "price": "24.54",
            "revenue": 281022
        },
        "2005-11": {
            "month": "2005-11",
            "price": "24.88",
            "revenue": 270523
        },
        "2005-12": {
            "month": "2005-12",
            "price": "26.14",
            "revenue": 319695
        },
        "2006-01": {
            "month": "2006-01",
            "price": "28.80",
            "revenue": 295752
        },
        "2006-02": {
            "month": "2006-02",
            "price": "28.62",
            "revenue": 269613
        },
        "2006-03": {
            "month": "2006-03",
            "price": "27.80",
            "revenue": 263292
        },
        "2006-04": {
            "month": "2006-04",
            "price": "28.78",
            "revenue": 264167
        },
        "2006-05": {
            "month": "2006-05",
            "price": "28.13",
            "revenue": 276487
        },
        "2006-06": {
            "month": "2006-06",
            "price": "26.50",
            "revenue": 272641
        },
        "2006-07": {
            "month": "2006-07",
            "price": "25.41",
            "revenue": 288919
        },
        "2006-08": {
            "month": "2006-08",
            "price": "23.96",
            "revenue": 298156
        },
        "2006-09": {
            "month": "2006-09",
            "price": "22.72",
            "revenue": 331839
        },
        "2006-10": {
            "month": "2006-10",
            "price": "22.62",
            "revenue": 296026
        },
        "2006-11": {
            "month": "2006-11",
            "price": "20.25",
            "revenue": 307825
        },
        "2006-12": {
            "month": "2006-12",
            "price": "21.20",
            "revenue": 352557
        },
        "2007-01": {
            "month": "2007-01",
            "price": "21.80",
            "revenue": 309917
        },
        "2007-02": {
            "month": "2007-02",
            "price": "21.48",
            "revenue": 338401
        },
        "2007-03": {
            "month": "2007-03",
            "price": "21.22",
            "revenue": 319048
        },
        "2007-04": {
            "month": "2007-04",
            "price": "22.34",
            "revenue": 312168
        },
        "2007-05": {
            "month": "2007-05",
            "price": "21.79",
            "revenue": 338692
        },
        "2007-06": {
            "month": "2007-06",
            "price": "25.78",
            "revenue": 317888
        },
        "2007-07": {
            "month": "2007-07",
            "price": "30.80",
            "revenue": 359587
        },
        "2007-08": {
            "month": "2007-08",
            "price": "25.15",
            "revenue": 366206
        },
        "2007-09": {
            "month": "2007-09",
            "price": "24.49",
            "revenue": 402671
        },
        "2007-10": {
            "month": "2007-10",
            "price": "25.96",
            "revenue": 363113
        },
        "2007-11": {
            "month": "2007-11",
            "price": "22.72",
            "revenue": 347163
        },
        "2007-12": {
            "month": "2007-12",
            "price": "20.56",
            "revenue": 395244
        },
        "2008-01": {
            "month": "2008-01",
            "price": "19.43",
            "revenue": 380332
        },
        "2008-02": {
            "month": "2008-02",
            "price": "19.41",
            "revenue": 416281
        },
        "2008-03": {
            "month": "2008-03",
            "price": "21.94",
            "revenue": 374001
        },
        "2008-04": {
            "month": "2008-04",
            "price": "25.55",
            "revenue": 376488
        },
        "2008-05": {
            "month": "2008-05",
            "price": "26.89",
            "revenue": 382949
        },
        "2008-06": {
            "month": "2008-06",
            "price": "26.50",
            "revenue": 382992
        },
        "2008-07": {
            "month": "2008-07",
            "price": "23.64",
            "revenue": 391630
        },
        "2008-08": {
            "month": "2008-08",
            "price": "24.06",
            "revenue": 477309
        },
        "2008-09": {
            "month": "2008-09",
            "price": "22.68",
            "revenue": 436935
        },
        "2008-10": {
            "month": "2008-10",
            "price": "19.69",
            "revenue": 443974
        },
        "2008-11": {
            "month": "2008-11",
            "price": "18.57",
            "revenue": 423617
        },
        "2008-12": {
            "month": "2008-12",
            "price": "20.78",
            "revenue": 448455
        },
        "2009-01": {
            "month": "2009-01",
            "price": "22.48",
            "revenue": 524183
        },
        "2009-02": {
            "month": "2009-02",
            "price": "23.18",
            "revenue": 415991
        },
        "2009-03": {
            "month": "2009-03",
            "price": "24.45",
            "revenue": 405746
        },
        "2009-04": {
            "month": "2009-04",
            "price": "26.91",
            "revenue": 401773
        },
        "2009-05": {
            "month": "2009-05",
            "price": "28.28",
            "revenue": 451212
        },
        "2009-06": {
            "month": "2009-06",
            "price": "28.61",
            "revenue": 412836
        },
        "2009-07": {
            "month": "2009-07",
            "price": "28.08",
            "revenue": 474039
        },
        "2009-08": {
            "month": "2009-08",
            "price": "26.99",
            "revenue": 511685
        },
        "2009-09": {
            "month": "2009-09",
            "price": "26.99",
            "revenue": 508552
        },
        "2009-10": {
            "month": "2009-10",
            "price": "28.48",
            "revenue": 494973
        },
        "2009-11": {
            "month": "2009-11",
            "price": "27.04",
            "revenue": 460700
        },
        "2009-12": {
            "month": "2009-12",
            "price": "27.88",
            "revenue": 556776
        },
        "2010-01": {
            "month": "2010-01",
            "price": "28.49",
            "revenue": 523646
        },
        "2010-02": {
            "month": "2010-02",
            "price": "28.18",
            "revenue": 508097
        },
        "2010-03": {
            "month": "2010-03",
            "price": "29.01",
            "revenue": 490038
        },
        "2010-04": {
            "month": "2010-04",
            "price": "29.81",
            "revenue": 471239
        },
        "2010-05": {
            "month": "2010-05",
            "price": "31.76",
            "revenue": 499398
        },
        "2010-06": {
            "month": "2010-06",
            "price": "32.16",
            "revenue": 468760
        },
        "2010-07": {
            "month": "2010-07",
            "price": "33.30",
            "revenue": 534932
        },
        "2010-08": {
            "month": "2010-08",
            "price": "35.48",
            "revenue": 550774
        },
        "2010-09": {
            "month": "2010-09",
            "price": "31.73",
            "revenue": 525182
        },
        "2010-10": {
            "month": "2010-10",
            "price": "30.20",
            "revenue": 516074
        },
        "2010-11": {
            "month": "2010-11",
            "price": "28.16",
            "revenue": 465039
        },
        "2010-12": {
            "month": "2010-12",
            "price": "29.45",
            "revenue": 538118
        },
        "2011-01": {
            "month": "2011-01",
            "price": "29.79",
            "revenue": 537723
        },
        "2011-02": {
            "month": "2011-02",
            "price": "29.45",
            "revenue": 509055
        },
        "2011-03": {
            "month": "2011-03",
            "price": "29.62",
            "revenue": 444432
        },
        "2011-04": {
            "month": "2011-04",
            "price": "31.68",
            "revenue": 465630
        },
        "2011-05": {
            "month": "2011-05",
            "price": "34.43",
            "revenue": 469685
        },
        "2011-06": {
            "month": "2011-06",
            "price": "35.26",
            "revenue": 513494
        },
        "2011-07": {
            "month": "2011-07",
            "price": "44.64",
            "revenue": 564373
        },
        "2011-08": {
            "month": "2011-08",
            "price": "42.90",
            "revenue": 563342
        },
        "2011-09": {
            "month": "2011-09",
            "price": "38.53",
            "revenue": 566643
        },
        "2011-10": {
            "month": "2011-10",
            "price": "37.50",
            "revenue": 538218
        },
        "2011-11": {
            "month": "2011-11",
            "price": "35.71",
            "revenue": 486194
        },
        "2011-12": {
            "month": "2011-12",
            "price": "33.72",
            "revenue": 571026
        },
        "2012-01": {
            "month": "2012-01",
            "price": "36.17",
            "revenue": 619879
        },
        "2012-02": {
            "month": "2012-02",
            "price": "42.93",
            "revenue": 511171
        },
        "2012-03": {
            "month": "2012-03",
            "price": "45.64",
            "revenue": 486322
        },
        "2012-04": {
            "month": "2012-04",
            "price": "45.45",
            "revenue": 509860
        },
        "2012-05": {
            "month": "2012-05",
            "price": "51.46",
            "revenue": 530412
        },
        "2012-06": {
            "month": "2012-06",
            "price": "51.99",
            "revenue": 534196
        },
        "2012-07": {
            "month": "2012-07",
            "price": "57.01",
            "revenue": 580022
        },
        "2012-08": {
            "month": "2012-08",
            "price": "61.85",
            "revenue": 584079
        },
        "2012-09": {
            "month": "2012-09",
            "price": "64.29",
            "revenue": 632356
        },
        "2012-10": {
            "month": "2012-10",
            "price": "68.90",
            "revenue": 558860
        },
        "2012-11": {
            "month": "2012-11",
            "price": "68.94",
            "revenue": 510224
        },
        "2012-12": {
            "month": "2012-12",
            "price": "74.09",
            "revenue": 642277
        },
        "2013-01": {
            "month": "2013-01",
            "price": "80.83",
            "revenue": 548161
        },
        "2013-02": {
            "month": "2013-02",
            "price": "91.98",
            "revenue": 551952
        },
        "2013-03": {
            "month": "2013-03",
            "price": "96.73",
            "revenue": 543532
        },
        "2013-04": {
            "month": "2013-04",
            "price": "98.12",
            "revenue": 511569
        },
        "2013-05": {
            "month": "2013-05",
            "price": "119.73",
            "revenue": 551684
        },
        "2013-06": {
            "month": "2013-06",
            "price": "113.47",
            "revenue": 628628
        },
        "2013-07": {
            "month": "2013-07",
            "price": "138.04",
            "revenue": 598077
        },
        "2013-08": {
            "month": "2013-08",
            "price": "148.21",
            "revenue": 623764
        },
        "2013-09": {
            "month": "2013-09",
            "price": "146.42",
            "revenue": 678974
        },
        "2013-10": {
            "month": "2013-10",
            "price": "153.52",
            "revenue": 618508
        },
        "2013-11": {
            "month": "2013-11",
            "price": "175.83",
            "revenue": 633608
        },
        "2013-12": {
            "month": "2013-12",
            "price": "186.55",
            "revenue": 761003
        },
        "2014-01": {
            "month": "2014-01",
            "price": "186.92",
            "revenue": 723240
        },
        "2014-02": {
            "month": "2014-02",
            "price": "184.82",
            "revenue": 641427
        },
        "2014-03": {
            "month": "2014-03",
            "price": "195.05",
            "revenue": 654086
        },
        "2014-04": {
            "month": "2014-04",
            "price": "192.00",
            "revenue": 656580
        },
        "2014-05": {
            "month": "2014-05",
            "price": "184.36",
            "revenue": 693544
        },
        "2014-06": {
            "month": "2014-06",
            "price": "184.72",
            "revenue": 759684
        },
        "2014-07": {
            "month": "2014-07",
            "price": "177.80",
            "revenue": 801892
        },
        "2014-08": {
            "month": "2014-08",
            "price": "173.40",
            "revenue": 832464
        },
        "2014-09": {
            "month": "2014-09",
            "price": "183.52",
            "revenue": 832797
        },
        "2014-10": {
            "month": "2014-10",
            "price": "191.14",
            "revenue": 801992
        },
        "2014-11": {
            "month": "2014-11",
            "price": "227.28",
            "revenue": 785879
        },
        "2014-12": {
            "month": "2014-12",
            "price": "245.06",
            "revenue": 984006
        },
        "2015-01": {
            "month": "2015-01",
            "price": "249.08",
            "revenue": 838199
        },
        "2015-02": {
            "month": "2015-02",
            "price": "266.15",
            "revenue": 868912
        },
        "2015-03": {
            "month": "2015-03",
            "price": "278.23",
            "revenue": 807453
        },
        "2015-04": {
            "month": "2015-04",
            "price": "312.10",
            "revenue": 819821
        },
        "2015-05": {
            "month": "2015-05",
            "price": "354.95",
            "revenue": 852933
        },
        "2015-06": {
            "month": "2015-06",
            "price": "374.29",
            "revenue": 895881
        },
        "2015-07": {
            "month": "2015-07",
            "price": "320.98",
            "revenue": 913233
        },
        "2015-08": {
            "month": "2015-08",
            "price": "334.14",
            "revenue": 878753
        },
        "2015-09": {
            "month": "2015-09",
            "price": "319.72",
            "revenue": 964314
        },
        "2015-10": {
            "month": "2015-10",
            "price": "340.62",
            "revenue": 922398
        },
        "2015-11": {
            "month": "2015-11",
            "price": "350.31",
            "revenue": 879290
        },
        "2015-12": {
            "month": "2015-12",
            "price": "312.80",
            "revenue": 1046638
        },
        "2016-01": {
            "month": "2016-01",
            "price": "304.74",
            "revenue": 1057542
        },
        "2016-02": {
            "month": "2016-02",
            "price": "331.27",
            "revenue": 1053992
        },
        "2016-03": {
            "month": "2016-03",
            "price": "347.30",
            "revenue": 891765
        },
        "2016-04": {
            "month": "2016-04",
            "price": "336.11",
            "revenue": 981728
        },
        "2016-05": {
            "month": "2016-05",
            "price": "352.26",
            "revenue": 1038725
        },
        "2016-06": {
            "month": "2016-06",
            "price": "355.69",
            "revenue": 1032353
        },
        "2016-07": {
            "month": "2016-07",
            "price": "377.92",
            "revenue": 1094173
        },
        "2016-08": {
            "month": "2016-08",
            "price": "448.70",
            "revenue": 1091500
        },
        "2016-09": {
            "month": "2016-09",
            "price": "465.42",
            "revenue": 1023019
        },
        "2016-10": {
            "month": "2016-10",
            "price": "464.20",
            "revenue": 1056542
        },
        "2016-11": {
            "month": "2016-11",
            "price": "428.98",
            "revenue": 949737
        },
        "2016-12": {
            "month": "2016-12",
            "price": "382.45",
            "revenue": 1152671
        },
        "2017-01": {
            "month": "2017-01",
            "price": "383.16",
            "revenue": 1212864
        },
        "2017-02": {
            "month": "2017-02",
            "price": "361.42",
            "revenue": 1064792
        },
        "2017-03": {
            "month": "2017-03",
            "price": "374.89",
            "revenue": 962156
        },
        "2017-04": {
            "month": "2017-04",
            "price": "376.36",
            "revenue": 1051168
        },
        "2017-05": {
            "month": "2017-05",
            "price": "417.42",
            "revenue": 1082713
        },
        "2017-06": {
            "month": "2017-06",
            "price": "399.57",
            "revenue": 1043777
        },
        "2017-07": {
            "month": "2017-07",
            "price": "383.48",
            "revenue": 1168000
        },
        "2017-08": {
            "month": "2017-08",
            "price": "372.30",
            "revenue": 1176620
        },
        "2017-09": {
            "month": "2017-09",
            "price": "375.82",
            "revenue": 1117876
        },
        "2017-10": {
            "month": "2017-10",
            "price": "375.42",
            "revenue": 1147925
        },
        "2017-11": {
            "month": "2017-11",
            "price": "371.43",
            "revenue": 1008256
        },
        "2017-12": {
            "month": "2017-12",
            "price": "371.22",
            "revenue": 1225922
        },
        "2018-01": {
            "month": "2018-01",
            "price": "369.43",
            "revenue": 1100462
        },
        "2018-02": {
            "month": "2018-02",
            "price": "372.96",
            "revenue": 1228816
        },
        "2018-03": {
            "month": "2018-03",
            "price": "371.20",
            "revenue": 1070412
        },
        "2018-04": {
            "month": "2018-04",
            "price": "337.81",
            "revenue": 1115078
        },
        "2018-05": {
            "month": "2018-05",
            "price": "323.55",
            "revenue": 1187239
        },
        "2018-06": {
            "month": "2018-06",
            "price": "329.80",
            "revenue": 1140253
        },
        "2018-07": {
            "month": "2018-07",
            "price": "328.82",
            "revenue": 1223299
        },
        "2018-08": {
            "month": "2018-08",
            "price": "322.39",
            "revenue": 1194225
        },
        "2018-09": {
            "month": "2018-09",
            "price": "299.58",
            "revenue": 1250442
        },
        "2018-10": {
            "month": "2018-10",
            "price": "265.00",
            "revenue": 1171925
        },
        "2018-11": {
            "month": "2018-11",
            "price": "294.57",
            "revenue": 1091347
        },
        "2018-12": {
            "month": "2018-12",
            "price": "304.24",
            "revenue": 1310534
        },
        "2019-01": {
            "month": "2019-01",
            "price": "317.79",
            "revenue": 1297104
        },
        "2019-02": {
            "month": "2019-02",
            "price": "315.96",
            "revenue": 1289880
        },
        "2019-03": {
            "month": "2019-03",
            "price": "352.60",
            "revenue": 1209801
        },
        "2019-04": {
            "month": "2019-04",
            "price": "361.85",
            "revenue": 1241687
        },
        "2019-05": {
            "month": "2019-05",
            "price": "371.39",
            "revenue": 1251514
        },
        "2019-06": {
            "month": "2019-06",
            "price": "409.03",
            "revenue": 1331527
        },
        "2019-07": {
            "month": "2019-07",
            "price": "434.54",
            "revenue": 1385961
        },
        "2019-08": {
            "month": "2019-08",
            "price": "423.90",
            "revenue": 1399235
        },
        "2019-09": {
            "month": "2019-09",
            "price": "430.89",
            "revenue": 1360761
        },
        "2019-10": {
            "month": "2019-10",
            "price": "436.81",
            "revenue": 1318082
        },
        "2019-11": {
            "month": "2019-11",
            "price": "415.50",
            "revenue": 1257984
        },
        "2019-12": {
            "month": "2019-12",
            "price": "432.68",
            "revenue": 1444158
        },
        "2020-01": {
            "month": "2020-01",
            "price": "430.90",
            "revenue": 1630751
        },
        "2020-02": {
            "month": "2020-02",
            "price": "473.61",
            "revenue": 1403523
        },
        "2020-03": {
            "month": "2020-03",
            "price": "445.61",
            "revenue": 1231756
        },
        "2020-04": {
            "month": "2020-04",
            "price": "459.92",
            "revenue": 1181737
        },
        "2020-05": {
            "month": "2020-05",
            "price": "554.35",
            "revenue": 1320104
        },
        "2020-06": {
            "month": "2020-06",
            "price": "583.60",
            "revenue": 1438287
        },
        "2020-07": {
            "month": "2020-07",
            "price": "605.48",
            "revenue": 1610156
        },
        "2020-08": {
            "month": "2020-08",
            "price": "601.10",
            "revenue": 1672928
        },
        "2020-09": {
            "month": "2020-09",
            "price": "563.05",
            "revenue": 1480403
        },
        "2020-10": {
            "month": "2020-10",
            "price": "591.47",
            "revenue": 1490268
        },
        "2020-11": {
            "month": "2020-11",
            "price": "599.95",
            "revenue": 1449298
        },
        "2020-12": {
            "month": "2020-12",
            "price": "591.17",
            "revenue": 1629626
        },
        "2021-01": {
            "month": "2021-01",
            "price": "578.75",
            "revenue": 1743468
        },
        "2021-02": {
            "month": "2021-02",
            "price": "587.08",
            "revenue": 1574457
        },
        "2021-03": {
            "month": "2021-03",
            "price": "601.00",
            "revenue": 1403852
        },
        "2021-04": {
            "month": "2021-04",
            "price": "599.47",
            "revenue": 1449265
        },
        "2021-05": {
            "month": "2021-05",
            "price": "573.81",
            "revenue": 1312556
        },
        "2021-06": {
            "month": "2021-06",
            "price": "549.38",
            "revenue": 1031785
        },
        "2021-07": {
            "month": "2021-07",
            "price": "546.09",
            "revenue": 1273449
        },
        "2021-08": {
            "month": "2021-08",
            "price": "547.23",
            "revenue": 1466403
        },
        "2021-09": {
            "month": "2021-09",
            "price": "487.88",
            "revenue": 1468573
        },
        "2021-10": {
            "month": "2021-10",
            "price": "491.52",
            "revenue": 1628899
        },
        "2021-11": {
            "month": "2021-11",
            "price": "504.73",
            "revenue": 1481253
        },
        "2021-12": {
            "month": "2021-12",
            "price": "464.39",
            "revenue": 1635246
        },
        "2022-01": {
            "month": "2022-01",
            "price": "430.28",
            "revenue": 1709733
        },
        "2022-02": {
            "month": "2022-02",
            "price": "412.80",
            "revenue": 1538268
        },
        "2022-03": {
            "month": "2022-03",
            "price": "394.85",
            "revenue": 1465272
        },
        "2022-04": {
            "month": "2022-04",
            "price": "361.87",
            "revenue": 1500796
        },
        "2022-05": {
            "month": "2022-05",
            "price": "296.90",
            "revenue": 1362037
        },
        "2022-06": {
            "month": "2022-06",
            "price": "289.90",
            "revenue": 1509371
        },
        "2022-07": {
            "month": "2022-07",
            "price": "360.57",
            "revenue": 1797119
        },
        "2022-08": {
            "month": "2022-08",
            "price": "397.39",
            "revenue": 1764750
        },
        "2022-09": {
            "month": "2022-09",
            "price": "431.98",
            "revenue": 1688973
        },
        "2022-10": {
            "month": "2022-10",
            "price": "415.60",
            "revenue": 1658970
        },
        "2022-11": {
            "month": "2022-11",
            "price": "467.70",
            "revenue": 1544823
        },
        "2022-12": {
            "month": "2022-12",
            "price": "463.34",
            "revenue": 1936058
        },
        "2023-01": {
            "month": "2023-01",
            "price": "527.35",
            "revenue": 2075594
        },
        "2023-02": {
            "month": "2023-02",
            "price": "550.67",
            "revenue": 1600027
        },
        "2023-03": {
            "month": "2023-03",
            "price": "585.43",
            "revenue": 1617647
        },
        "2023-04": {
            "month": "2023-04",
            "price": "588.29",
            "revenue": 1744389
        },
        "2023-05": {
            "month": "2023-05",
            "price": "554.18",
            "revenue": 1725288
        },
        "2023-06": {
            "month": "2023-06",
            "price": "560.70",
            "revenue": 1811158
        },
        "2023-07": {
            "month": "2023-07",
            "price": "539.19",
            "revenue": 2000286
        },
        "2023-08": {
            "month": "2023-08",
            "price": "494.82",
            "revenue": 1934045
        },
        "2023-09": {
            "month": "2023-09",
            "price": "490.32",
            "revenue": 1935399
        },
        "2023-10": {
            "month": "2023-10",
            "price": "478.35",
            "revenue": 1909304
        },
        "2023-11": {
            "month": "2023-11",
            "price": "516.36",
            "revenue": 1745603
        },
        "2023-12": {
            "month": "2023-12",
            "price": "543.57",
            "revenue": 1979955
        },
        "2024-01": {
            "month": "2024-01",
            "price": "532.27",
            "revenue": 1946354
        },
        "2024-02": {
            "month": "2024-02",
            "price": "502.85",
            "revenue": 2068029
        }
    }
}
