{
    "summary": {
        "stock_name": "南仁湖",
        "stock_id": "5905",
        "category": "貿易百貨",
        "main_business": "客房,餐飲,商品銷售",
        "website_url": "http://www.nanrenhu.com.tw/",
        "ceo": "何曉光",
        "pe_ratio": -25,
        "report_year_from": 2001,
        "report_year_to": 2023,
        "age": 22,
        "eps_negative_percentage": 36,
        "eps_growth_avg": {
            "last_all": -27.64,
            "last_2y": -62.86,
            "last_4y": -35.35,
            "last_8y": -15.62,
            "last_12y": -24.99,
            "last_16y": -32.01,
            "last_20y": null,
            "at_2006_last_3y": -15.48,
            "at_2007_last_3y": -30.48,
            "at_2008_last_3y": -56.77,
            "at_2009_last_3y": -63.57,
            "at_2010_last_3y": -100,
            "at_2011_last_3y": null,
            "at_2012_last_3y": -100,
            "at_2013_last_3y": -100,
            "at_2014_last_3y": -26.14,
            "at_2015_last_3y": -31.27,
            "at_2016_last_3y": 3.82,
            "at_2017_last_3y": 4.11,
            "at_2018_last_3y": -6.63,
            "at_2019_last_3y": -1.36,
            "at_2020_last_3y": -9.1,
            "at_2021_last_3y": -35.35,
            "at_2022_last_3y": -48.72,
            "at_2023_last_3y": -48.72,
            "at_2006_last_all": -15.48,
            "at_2007_last_all": -32.39,
            "at_2008_last_all": -32.39,
            "at_2009_last_all": -32.39,
            "at_2010_last_all": -32.39,
            "at_2011_last_all": -32.39,
            "at_2012_last_all": -43.66,
            "at_2013_last_all": -43.66,
            "at_2014_last_all": -30.6,
            "at_2015_last_all": -31.97,
            "at_2016_last_all": -27.83,
            "at_2017_last_all": -24.55,
            "at_2018_last_all": -21.88,
            "at_2019_last_all": -21.76,
            "at_2020_last_all": -22.07,
            "at_2021_last_all": -27.64,
            "at_2022_last_all": -27.64,
            "at_2023_last_all": -27.64
        },
        "latest_eps": -0.57,
        "latest_price": 14.1,
        "latest_roe": -4.63,
        "latest_gross_margin": 74.6,
        "latest_equity": 3389089,
        "latest_revenue": 259456,
        "latest_gross_profit": 193552,
        "latest_net_income": -17210,
        "latest_debt_ratio": 64.11,
        "latest_current_ratio": 166.89,
        "latest_account_receivable_turnover_ratio": 12.96,
        "latest_inventory_turnover_ratio": 0.11,
        "latest_reinvestment_rate": null,
        "latest_research_to_sale_ratio": null
    },
    "eps_dividends": {
        "2001": {
            "cash": 0,
            "stock": 1.8,
            "eps": 0
        },
        "2002": {
            "cash": 0,
            "stock": 2.1,
            "eps": 2.55
        },
        "2003": {
            "cash": 0,
            "stock": 2,
            "eps": 1.53
        },
        "2004": {
            "cash": 0.29,
            "stock": 0.95,
            "eps": 2.27
        },
        "2005": {
            "cash": 0.43,
            "stock": 1.15,
            "eps": 1.29
        },
        "2006": {
            "cash": 0.39,
            "stock": 0.58,
            "eps": 0.94
        },
        "2007": {
            "cash": 0.29,
            "stock": 0.49,
            "eps": -0.21
        },
        "2008": {
            "cash": 0,
            "stock": 0,
            "eps": -0.49
        },
        "2009": {
            "cash": 0,
            "stock": 0,
            "eps": -1
        },
        "2010": {
            "cash": 0,
            "stock": 0,
            "eps": -1.17
        },
        "2011": {
            "cash": 0,
            "stock": 0,
            "eps": 0.02
        },
        "2012": {
            "cash": 0,
            "stock": 0,
            "eps": -0.63
        },
        "2013": {
            "cash": 0,
            "stock": 0,
            "eps": 0.44
        },
        "2014": {
            "cash": 0.3,
            "stock": 0,
            "eps": 0.65
        },
        "2015": {
            "cash": 0.5,
            "stock": 0,
            "eps": 0.38
        },
        "2016": {
            "cash": 0.3,
            "stock": 0,
            "eps": 0.4
        },
        "2017": {
            "cash": 0.3,
            "stock": 0,
            "eps": 0.42
        },
        "2018": {
            "cash": 0.35,
            "stock": 0,
            "eps": 0.44
        },
        "2019": {
            "cash": 0.4,
            "stock": 0,
            "eps": 0.35
        },
        "2020": {
            "cash": 0.2,
            "stock": 0,
            "eps": 0.26
        },
        "2021": {
            "cash": 0.2,
            "stock": 0,
            "eps": -0.75
        },
        "2022": {
            "cash": 0,
            "stock": 0,
            "eps": -0.87
        },
        "2023": {
            "cash": 0,
            "stock": 0,
            "eps": -0.08
        }
    },
    "dividends": {
        "2001-07-19": {
            "cash": 0,
            "stock": 1.8
        },
        "2002-06-28": {
            "cash": 0,
            "stock": 2.1
        },
        "2003-05-05": {
            "cash": 0,
            "stock": 2
        },
        "2004-04-02": {
            "cash": 0.29,
            "stock": 0.95
        },
        "2005-04-19": {
            "cash": 0.43,
            "stock": 1.15
        },
        "2006-04-06": {
            "cash": 0.39,
            "stock": 0.58
        },
        "2007-04-20": {
            "cash": 0.29,
            "stock": 0.49
        },
        "2014-08-29": {
            "cash": 0.3,
            "stock": 0
        },
        "2015-08-21": {
            "cash": 0.5,
            "stock": 0
        },
        "2016-10-06": {
            "cash": 0.3,
            "stock": 0
        },
        "2017-09-29": {
            "cash": 0.3,
            "stock": 0
        },
        "2018-10-04": {
            "cash": 0.35,
            "stock": 0
        },
        "2019-09-19": {
            "cash": 0.4,
            "stock": 0
        },
        "2020-09-24": {
            "cash": 0.2,
            "stock": 0
        },
        "2021-10-15": {
            "cash": 0.2,
            "stock": 0
        }
    },
    "prices": {
        "200101": "無",
        "200102": "無",
        "200103": "無",
        "200104": "無",
        "200105": "無",
        "200106": "無",
        "200107": "無",
        "200108": "無",
        "200109": "無",
        "200110": "無",
        "200111": "無",
        "200112": "無",
        "200201": "無",
        "200202": "無",
        "200203": "無",
        "200204": "無",
        "200205": "無",
        "200206": "無",
        "200207": "無",
        "200208": "無",
        "200209": "無",
        "200210": "無",
        "200211": "無",
        "200212": "無",
        "200301": "無",
        "200302": "無",
        "200303": "無",
        "200304": "無",
        "200305": "無",
        "200306": "17.05",
        "200307": "17.93",
        "200308": "17.52",
        "200309": "17.05",
        "200310": "16.18",
        "200311": "14.86",
        "200312": "14.44",
        "200401": "15.14",
        "200402": "16.62",
        "200403": "16.94",
        "200404": "17.61",
        "200405": "18.18",
        "200406": "18.02",
        "200407": "17.45",
        "200408": "17.18",
        "200409": "18.21",
        "200410": "20.62",
        "200411": "18.78",
        "200412": "17.13",
        "200501": "18.75",
        "200502": "17.82",
        "200503": "18.18",
        "200504": "16.80",
        "200505": "18.08",
        "200506": "20.93",
        "200507": "19.44",
        "200508": "19.01",
        "200509": "17.71",
        "200510": "17.14",
        "200511": "16.57",
        "200512": "17.75",
        "200601": "16.90",
        "200602": "16.66",
        "200603": "16.14",
        "200604": "18.72",
        "200605": "22.82",
        "200606": "21.63",
        "200607": "21.55",
        "200608": "21.78",
        "200609": "21.38",
        "200610": "21.79",
        "200611": "21.03",
        "200612": "22.06",
        "200701": "20.39",
        "200702": "21.38",
        "200703": "20.08",
        "200704": "20.37",
        "200705": "20.35",
        "200706": "22.87",
        "200707": "25.50",
        "200708": "22.66",
        "200709": "25.23",
        "200710": "28.43",
        "200711": "27.60",
        "200712": "23.35",
        "200801": "21.14",
        "200802": "21.02",
        "200803": "22.66",
        "200804": "22.36",
        "200805": "20.79",
        "200806": "17.20",
        "200807": "12.50",
        "200808": "11.66",
        "200809": "7.80",
        "200810": "5.65",
        "200811": "6.46",
        "200812": "6.71",
        "200901": "6.15",
        "200902": "5.88",
        "200903": "7.03",
        "200904": "9.48",
        "200905": "9.34",
        "200906": "11.73",
        "200907": "12.48",
        "200908": "11.46",
        "200909": "12.51",
        "200910": "13.57",
        "200911": "14.25",
        "200912": "15.39",
        "201001": "17.81",
        "201002": "19.08",
        "201003": "21.05",
        "201004": "24.42",
        "201005": "22.97",
        "201006": "25.06",
        "201007": "23.69",
        "201008": "23.40",
        "201009": "22.19",
        "201010": "21.06",
        "201011": "25.16",
        "201012": "24.63",
        "201101": "23.79",
        "201102": "23.68",
        "201103": "22.35",
        "201104": "21.17",
        "201105": "17.94",
        "201106": "16.42",
        "201107": "13.36",
        "201108": "10.31",
        "201109": "10.77",
        "201110": "10.15",
        "201111": "11.01",
        "201112": "10.56",
        "201201": "10.13",
        "201202": "11.61",
        "201203": "11.85",
        "201204": "11.18",
        "201205": "12.46",
        "201206": "12.33",
        "201207": "11.97",
        "201208": "11.95",
        "201209": "12.00",
        "201210": "11.48",
        "201211": "10.17",
        "201212": "10.98",
        "201301": "11.69",
        "201302": "11.63",
        "201303": "11.18",
        "201304": "10.42",
        "201305": "11.12",
        "201306": "11.57",
        "201307": "11.82",
        "201308": "12.23",
        "201309": "13.50",
        "201310": "13.68",
        "201311": "13.47",
        "201312": "13.74",
        "201401": "13.96",
        "201402": "13.55",
        "201403": "13.11",
        "201404": "12.44",
        "201405": "12.28",
        "201406": "13.18",
        "201407": "14.34",
        "201408": "13.95",
        "201409": "13.24",
        "201410": "11.94",
        "201411": "11.72",
        "201412": "12.39",
        "201501": "12.81",
        "201502": "12.77",
        "201503": "12.93",
        "201504": "12.57",
        "201505": "11.97",
        "201506": "11.15",
        "201507": "11.00",
        "201508": "9.89",
        "201509": "9.97",
        "201510": "9.73",
        "201511": "9.01",
        "201512": "8.48",
        "201601": "8.02",
        "201602": "8.54",
        "201603": "8.70",
        "201604": "8.07",
        "201605": "7.37",
        "201606": "7.55",
        "201607": "7.71",
        "201608": "8.19",
        "201609": "7.77",
        "201610": "7.63",
        "201611": "7.77",
        "201612": "8.07",
        "201701": "8.27",
        "201702": "8.47",
        "201703": "8.62",
        "201704": "8.06",
        "201705": "7.98",
        "201706": "8.13",
        "201707": "8.11",
        "201708": "7.89",
        "201709": "7.70",
        "201710": "7.66",
        "201711": "7.56",
        "201712": "7.75",
        "201801": "8.07",
        "201802": "7.84",
        "201803": "7.79",
        "201804": "7.86",
        "201805": "7.79",
        "201806": "7.82",
        "201807": "7.68",
        "201808": "7.63",
        "201809": "7.20",
        "201810": "6.76",
        "201811": "6.90",
        "201812": "7.37",
        "201901": "7.27",
        "201902": "7.38",
        "201903": "7.40",
        "201904": "7.58",
        "201905": "7.92",
        "201906": "8.63",
        "201907": "8.84",
        "201908": "8.58",
        "201909": "8.31",
        "201910": "10.66",
        "201911": "14.21",
        "201912": "14.87",
        "202001": "13.31",
        "202002": "10.46",
        "202003": "7.97",
        "202004": "8.12",
        "202005": "9.66",
        "202006": "11.70",
        "202007": "10.84",
        "202008": "9.73",
        "202009": "9.57",
        "202010": "9.59",
        "202011": "9.88",
        "202012": "10.44",
        "202101": "10.06",
        "202102": "10.62",
        "202103": "11.58",
        "202104": "12.51",
        "202105": "12.47",
        "202106": "13.22",
        "202107": "15.95",
        "202108": "15.73",
        "202109": "15.90",
        "202110": "16.01",
        "202111": "14.87",
        "202112": "14.30",
        "202201": "14.19",
        "202202": "14.66",
        "202203": "14.16",
        "202204": "13.68",
        "202205": "12.52",
        "202206": "13.14",
        "202207": "11.76",
        "202208": "11.91",
        "202209": "11.95",
        "202210": "11.48",
        "202211": "11.49",
        "202212": "11.92",
        "202301": "12.34",
        "202302": "12.57",
        "202303": "12.49",
        "202304": "11.87",
        "202305": "12.49",
        "202306": "13.57"
    },
    "quarters": {
        "20011": {
            "year_quarter": 20011,
            "year": 2001,
            "quarter": 1,
            "eps": null,
            "eps_growth_year": null,
            "eps_4q": null,
            "eps_4q_growth_year": null,
            "roe": null,
            "roe_4q": 0,
            "gross_profit": null,
            "gross_margin": null,
            "gross_margin_4q_avg": 0,
            "net_income": null,
            "revenue": null,
            "common_shares": null,
            "book_valuer_per_share": null,
            "book_valuer_per_share_4q_avg": 0,
            "equity": null,
            "current_ratio": null,
            "debt_ratio": null,
            "inventory_turnover_ratio": null,
            "account_receivable_turnover_ratio": null,
            "reinvestment_rate": null,
            "research_to_sale_ratio": null,
            "price_fair": 0,
            "eps_avg_yearly": 0,
            "eps_latest_yearly": 0,
            "eps_growth_yearly": 0
        },
        "20012": {
            "year_quarter": 20012,
            "year": 2001,
            "quarter": 2,
            "eps": null,
            "eps_growth_year": null,
            "eps_4q": null,
            "eps_4q_growth_year": null,
            "roe": null,
            "roe_4q": 0,
            "gross_profit": null,
            "gross_margin": null,
            "gross_margin_4q_avg": 0,
            "net_income": null,
            "revenue": null,
            "common_shares": null,
            "book_valuer_per_share": null,
            "book_valuer_per_share_4q_avg": 0,
            "equity": null,
            "current_ratio": null,
            "debt_ratio": null,
            "inventory_turnover_ratio": null,
            "account_receivable_turnover_ratio": null,
            "reinvestment_rate": null,
            "research_to_sale_ratio": null,
            "price_fair": 0,
            "eps_avg_yearly": 0,
            "eps_latest_yearly": 0,
            "eps_growth_yearly": 0
        },
        "20013": {
            "year_quarter": 20013,
            "year": 2001,
            "quarter": 3,
            "eps": null,
            "eps_growth_year": null,
            "eps_4q": null,
            "eps_4q_growth_year": null,
            "roe": null,
            "roe_4q": 0,
            "gross_profit": null,
            "gross_margin": null,
            "gross_margin_4q_avg": 0,
            "net_income": null,
            "revenue": null,
            "common_shares": null,
            "book_valuer_per_share": null,
            "book_valuer_per_share_4q_avg": 0,
            "equity": null,
            "current_ratio": null,
            "debt_ratio": null,
            "inventory_turnover_ratio": null,
            "account_receivable_turnover_ratio": null,
            "reinvestment_rate": null,
            "research_to_sale_ratio": null,
            "price_fair": 0,
            "eps_avg_yearly": 0,
            "eps_latest_yearly": 0,
            "eps_growth_yearly": 0
        },
        "20014": {
            "year_quarter": 20014,
            "year": 2001,
            "quarter": 4,
            "eps": null,
            "eps_growth_year": null,
            "eps_4q": null,
            "eps_4q_growth_year": null,
            "roe": null,
            "roe_4q": 0,
            "gross_profit": null,
            "gross_margin": null,
            "gross_margin_4q_avg": 0,
            "net_income": null,
            "revenue": null,
            "common_shares": 600000,
            "book_valuer_per_share": 13.47,
            "book_valuer_per_share_4q_avg": 3.37,
            "equity": 808251,
            "current_ratio": 101.24,
            "debt_ratio": 60.09,
            "inventory_turnover_ratio": null,
            "account_receivable_turnover_ratio": null,
            "reinvestment_rate": null,
            "research_to_sale_ratio": null,
            "price_fair": 0,
            "eps_avg_yearly": 0,
            "eps_latest_yearly": 0,
            "eps_growth_yearly": 0
        },
        "20021": {
            "year_quarter": 20021,
            "year": 2002,
            "quarter": 1,
            "eps": 0.61,
            "eps_growth_year": null,
            "eps_4q": null,
            "eps_4q_growth_year": null,
            "roe": 4.43,
            "roe_4q": 4.43,
            "gross_profit": 89819,
            "gross_margin": 60.05,
            "gross_margin_4q_avg": 15.01,
            "net_income": 36658,
            "revenue": 149573,
            "common_shares": 600000,
            "book_valuer_per_share": 14.08,
            "book_valuer_per_share_4q_avg": 6.89,
            "equity": 844909,
            "current_ratio": 22.45,
            "debt_ratio": 48.71,
            "inventory_turnover_ratio": 19.11,
            "account_receivable_turnover_ratio": null,
            "reinvestment_rate": null,
            "research_to_sale_ratio": null,
            "price_fair": 0,
            "eps_avg_yearly": 0,
            "eps_latest_yearly": 0,
            "eps_growth_yearly": 0
        },
        "20022": {
            "year_quarter": 20022,
            "year": 2002,
            "quarter": 2,
            "eps": 0.41,
            "eps_growth_year": null,
            "eps_4q": null,
            "eps_4q_growth_year": null,
            "roe": 3.46,
            "roe_4q": 7.89,
            "gross_profit": 91479,
            "gross_margin": 62.98,
            "gross_margin_4q_avg": 30.76,
            "net_income": 29743,
            "revenue": 145246,
            "common_shares": 600000,
            "book_valuer_per_share": 14.55,
            "book_valuer_per_share_4q_avg": 10.53,
            "equity": 873168,
            "current_ratio": 23.07,
            "debt_ratio": 47.61,
            "inventory_turnover_ratio": 20.1,
            "account_receivable_turnover_ratio": null,
            "reinvestment_rate": null,
            "research_to_sale_ratio": null,
            "price_fair": 4.92,
            "eps_avg_yearly": 1.64,
            "eps_latest_yearly": 1.64,
            "eps_growth_yearly": -131.15
        },
        "20023": {
            "year_quarter": 20023,
            "year": 2002,
            "quarter": 3,
            "eps": 1.14,
            "eps_growth_year": null,
            "eps_4q": null,
            "eps_4q_growth_year": null,
            "roe": 9.08,
            "roe_4q": 16.97,
            "gross_profit": 105236,
            "gross_margin": 65.45,
            "gross_margin_4q_avg": 47.12,
            "net_income": 83086,
            "revenue": 160782,
            "common_shares": 726000,
            "book_valuer_per_share": 13.17,
            "book_valuer_per_share_4q_avg": 13.82,
            "equity": 956254,
            "current_ratio": 24.22,
            "debt_ratio": 44.46,
            "inventory_turnover_ratio": 20.07,
            "account_receivable_turnover_ratio": null,
            "reinvestment_rate": null,
            "research_to_sale_ratio": null,
            "price_fair": 108.5,
            "eps_avg_yearly": 3.1,
            "eps_latest_yearly": 4.56,
            "eps_growth_yearly": 290.52
        },
        "20024": {
            "year_quarter": 20024,
            "year": 2002,
            "quarter": 4,
            "eps": 0.39,
            "eps_growth_year": null,
            "eps_4q": 2.44,
            "eps_4q_growth_year": null,
            "roe": 2.93,
            "roe_4q": 19.9,
            "gross_profit": 85751,
            "gross_margin": 65.95,
            "gross_margin_4q_avg": 63.61,
            "net_income": 28411,
            "revenue": 130034,
            "common_shares": 726000,
            "book_valuer_per_share": 13.56,
            "book_valuer_per_share_4q_avg": 13.84,
            "equity": 984665,
            "current_ratio": 40.17,
            "debt_ratio": 57,
            "inventory_turnover_ratio": 12.53,
            "account_receivable_turnover_ratio": null,
            "reinvestment_rate": null,
            "research_to_sale_ratio": null,
            "price_fair": 90.53,
            "eps_avg_yearly": 2.59,
            "eps_latest_yearly": 1.56,
            "eps_growth_yearly": 105.96
        },
        "20031": {
            "year_quarter": 20031,
            "year": 2003,
            "quarter": 1,
            "eps": 0.63,
            "eps_growth_year": 3.28,
            "eps_4q": 2.58,
            "eps_4q_growth_year": null,
            "roe": 4.53,
            "roe_4q": 20,
            "gross_profit": 86438,
            "gross_margin": 61.5,
            "gross_margin_4q_avg": 63.97,
            "net_income": 45626,
            "revenue": 140558,
            "common_shares": 726000,
            "book_valuer_per_share": 14.19,
            "book_valuer_per_share_4q_avg": 13.87,
            "equity": 1030291,
            "current_ratio": 32.23,
            "debt_ratio": 42.06,
            "inventory_turnover_ratio": 16.1,
            "account_receivable_turnover_ratio": null,
            "reinvestment_rate": null,
            "research_to_sale_ratio": null,
            "price_fair": 89.95,
            "eps_avg_yearly": 2.57,
            "eps_latest_yearly": 2.52,
            "eps_growth_yearly": 141.01
        },
        "20032": {
            "year_quarter": 20032,
            "year": 2003,
            "quarter": 2,
            "eps": -0.27,
            "eps_growth_year": -165.85,
            "eps_4q": 1.89,
            "eps_4q_growth_year": null,
            "roe": -1.93,
            "roe_4q": 14.610000000000001,
            "gross_profit": 71999,
            "gross_margin": 62.24,
            "gross_margin_4q_avg": 63.79,
            "net_income": -19714,
            "revenue": 115676,
            "common_shares": 726000,
            "book_valuer_per_share": 13.9,
            "book_valuer_per_share_4q_avg": 13.71,
            "equity": 1009095,
            "current_ratio": 20.41,
            "debt_ratio": 42.29,
            "inventory_turnover_ratio": 17.03,
            "account_receivable_turnover_ratio": null,
            "reinvestment_rate": null,
            "research_to_sale_ratio": null,
            "price_fair": 89.95,
            "eps_avg_yearly": 2.57,
            "eps_latest_yearly": 2.52,
            "eps_growth_yearly": 141.01
        },
        "20033": {
            "year_quarter": 20033,
            "year": 2003,
            "quarter": 3,
            "eps": 0.78,
            "eps_growth_year": -31.58,
            "eps_4q": 1.41,
            "eps_4q_growth_year": null,
            "roe": 6.49,
            "roe_4q": 12.02,
            "gross_profit": 164397,
            "gross_margin": 56.74,
            "gross_margin_4q_avg": 61.61,
            "net_income": 67688,
            "revenue": 289727,
            "common_shares": 871200,
            "book_valuer_per_share": 12.36,
            "book_valuer_per_share_4q_avg": 13.5,
            "equity": 1076485,
            "current_ratio": 38.26,
            "debt_ratio": 41.72,
            "inventory_turnover_ratio": 41.26,
            "account_receivable_turnover_ratio": null,
            "reinvestment_rate": null,
            "research_to_sale_ratio": null,
            "price_fair": 89.95,
            "eps_avg_yearly": 2.57,
            "eps_latest_yearly": 2.52,
            "eps_growth_yearly": 141.01
        },
        "20034": {
            "year_quarter": 20034,
            "year": 2003,
            "quarter": 4,
            "eps": 0.39,
            "eps_growth_year": 0,
            "eps_4q": 1.47,
            "eps_4q_growth_year": -39.93,
            "roe": 3.1,
            "roe_4q": 12.190000000000001,
            "gross_profit": 118522,
            "gross_margin": 56.41,
            "gross_margin_4q_avg": 59.22,
            "net_income": 33899,
            "revenue": 210101,
            "common_shares": 871200,
            "book_valuer_per_share": 12.75,
            "book_valuer_per_share_4q_avg": 13.3,
            "equity": 1110380,
            "current_ratio": 42.37,
            "debt_ratio": 40.61,
            "inventory_turnover_ratio": 30.81,
            "account_receivable_turnover_ratio": null,
            "reinvestment_rate": null,
            "research_to_sale_ratio": null,
            "price_fair": 82.88,
            "eps_avg_yearly": 2.37,
            "eps_latest_yearly": 1.56,
            "eps_growth_yearly": 72.81
        },
        "20041": {
            "year_quarter": 20041,
            "year": 2004,
            "quarter": 1,
            "eps": 0.35,
            "eps_growth_year": -44.44,
            "eps_4q": 1.29,
            "eps_4q_growth_year": -50.11,
            "roe": 2.72,
            "roe_4q": 10.38,
            "gross_profit": 141494,
            "gross_margin": 49.36,
            "gross_margin_4q_avg": 56.19,
            "net_income": 30576,
            "revenue": 286679,
            "common_shares": 871200,
            "book_valuer_per_share": 13.1,
            "book_valuer_per_share_4q_avg": 13.03,
            "equity": 1140956,
            "current_ratio": 19.95,
            "debt_ratio": 40.6,
            "inventory_turnover_ratio": 51.47,
            "account_receivable_turnover_ratio": null,
            "reinvestment_rate": null,
            "research_to_sale_ratio": null,
            "price_fair": 77.23,
            "eps_avg_yearly": 2.21,
            "eps_latest_yearly": 1.4,
            "eps_growth_yearly": 53.84
        },
        "20042": {
            "year_quarter": 20042,
            "year": 2004,
            "quarter": 2,
            "eps": 0.31,
            "eps_growth_year": null,
            "eps_4q": 1.82,
            "eps_4q_growth_year": -3.62,
            "roe": 2.37,
            "roe_4q": 14.68,
            "gross_profit": 136970,
            "gross_margin": 50.92,
            "gross_margin_4q_avg": 53.36,
            "net_income": 27059,
            "revenue": 269008,
            "common_shares": 871200,
            "book_valuer_per_share": 13.09,
            "book_valuer_per_share_4q_avg": 12.83,
            "equity": 1140101,
            "current_ratio": 66.65,
            "debt_ratio": 44.61,
            "inventory_turnover_ratio": 42.5,
            "account_receivable_turnover_ratio": null,
            "reinvestment_rate": null,
            "research_to_sale_ratio": null,
            "price_fair": 72.4,
            "eps_avg_yearly": 2.07,
            "eps_latest_yearly": 1.24,
            "eps_growth_yearly": 39.61
        },
        "20043": {
            "year_quarter": 20043,
            "year": 2004,
            "quarter": 3,
            "eps": 0.93,
            "eps_growth_year": 19.23,
            "eps_4q": 1.98,
            "eps_4q_growth_year": 41.09,
            "roe": 6.86,
            "roe_4q": 15.05,
            "gross_profit": 186426,
            "gross_margin": 54.57,
            "gross_margin_4q_avg": 52.82,
            "net_income": 80789,
            "revenue": 341631,
            "common_shares": 899475,
            "book_valuer_per_share": 13.5,
            "book_valuer_per_share_4q_avg": 13.11,
            "equity": 1214004,
            "current_ratio": 60.32,
            "debt_ratio": 41.8,
            "inventory_turnover_ratio": 45.19,
            "account_receivable_turnover_ratio": null,
            "reinvestment_rate": null,
            "research_to_sale_ratio": null,
            "price_fair": 79.63,
            "eps_avg_yearly": 2.28,
            "eps_latest_yearly": 3.72,
            "eps_growth_yearly": 134.66
        },
        "20044": {
            "year_quarter": 20044,
            "year": 2004,
            "quarter": 4,
            "eps": 0.68,
            "eps_growth_year": 74.36,
            "eps_4q": 2.14,
            "eps_4q_growth_year": 45.61,
            "roe": 5.08,
            "roe_4q": 17.03,
            "gross_profit": 139012,
            "gross_margin": 52.7,
            "gross_margin_4q_avg": 51.89,
            "net_income": 64656,
            "revenue": 263763,
            "common_shares": 930536,
            "book_valuer_per_share": 14.31,
            "book_valuer_per_share_4q_avg": 13.5,
            "equity": 1332049,
            "current_ratio": 72.61,
            "debt_ratio": 38.01,
            "inventory_turnover_ratio": 34.32,
            "account_receivable_turnover_ratio": null,
            "reinvestment_rate": null,
            "research_to_sale_ratio": null,
            "price_fair": 81.36,
            "eps_avg_yearly": 2.32,
            "eps_latest_yearly": 2.72,
            "eps_growth_yearly": 107.75
        },
        "20051": {
            "year_quarter": 20051,
            "year": 2005,
            "quarter": 1,
            "eps": 0.22,
            "eps_growth_year": -37.14,
            "eps_4q": 1.98,
            "eps_4q_growth_year": 53.85,
            "roe": 1.57,
            "roe_4q": 15.880000000000003,
            "gross_profit": 144845,
            "gross_margin": 48.47,
            "gross_margin_4q_avg": 51.67,
            "net_income": 21559,
            "revenue": 298822,
            "common_shares": 1053221,
            "book_valuer_per_share": 13.4,
            "book_valuer_per_share_4q_avg": 13.58,
            "equity": 1411244,
            "current_ratio": 58.62,
            "debt_ratio": 34.35,
            "inventory_turnover_ratio": 35.73,
            "account_receivable_turnover_ratio": null,
            "reinvestment_rate": null,
            "research_to_sale_ratio": null,
            "price_fair": 76.3,
            "eps_avg_yearly": 2.18,
            "eps_latest_yearly": 0.88,
            "eps_growth_yearly": 69.92
        },
        "20052": {
            "year_quarter": 20052,
            "year": 2005,
            "quarter": 2,
            "eps": 0.17,
            "eps_growth_year": -45.16,
            "eps_4q": 1.63,
            "eps_4q_growth_year": -10.58,
            "roe": 1.35,
            "roe_4q": 14.86,
            "gross_profit": 168259,
            "gross_margin": 50.28,
            "gross_margin_4q_avg": 51.51,
            "net_income": 19431,
            "revenue": 334638,
            "common_shares": 1121821,
            "book_valuer_per_share": 13.02,
            "book_valuer_per_share_4q_avg": 13.56,
            "equity": 1460715,
            "current_ratio": 88.51,
            "debt_ratio": 35.29,
            "inventory_turnover_ratio": 28.71,
            "account_receivable_turnover_ratio": null,
            "reinvestment_rate": null,
            "research_to_sale_ratio": null,
            "price_fair": 71.53,
            "eps_avg_yearly": 2.04,
            "eps_latest_yearly": 0.68,
            "eps_growth_yearly": 55.3
        },
        "20053": {
            "year_quarter": 20053,
            "year": 2005,
            "quarter": 3,
            "eps": 0.77,
            "eps_growth_year": -17.2,
            "eps_4q": 1.68,
            "eps_4q_growth_year": -15.29,
            "roe": 5.82,
            "roe_4q": 13.82,
            "gross_profit": 224245,
            "gross_margin": 47.8,
            "gross_margin_4q_avg": 49.81,
            "net_income": 89362,
            "revenue": 469089,
            "common_shares": 1293570,
            "book_valuer_per_share": 12.46,
            "book_valuer_per_share_4q_avg": 13.3,
            "equity": 1611984,
            "current_ratio": 108.69,
            "debt_ratio": 29.79,
            "inventory_turnover_ratio": 34.38,
            "account_receivable_turnover_ratio": null,
            "reinvestment_rate": null,
            "research_to_sale_ratio": null,
            "price_fair": 74.55,
            "eps_avg_yearly": 2.13,
            "eps_latest_yearly": 3.08,
            "eps_growth_yearly": 168.34
        },
        "20054": {
            "year_quarter": 20054,
            "year": 2005,
            "quarter": 4,
            "eps": 0.13,
            "eps_growth_year": -80.88,
            "eps_4q": 1.21,
            "eps_4q_growth_year": -43.57,
            "roe": 0.8,
            "roe_4q": 9.540000000000001,
            "gross_profit": 178903,
            "gross_margin": 46.23,
            "gross_margin_4q_avg": 48.2,
            "net_income": 15759,
            "revenue": 387006,
            "common_shares": 1317441,
            "book_valuer_per_share": 12.61,
            "book_valuer_per_share_4q_avg": 12.87,
            "equity": 2305763,
            "current_ratio": 148.23,
            "debt_ratio": 53,
            "inventory_turnover_ratio": 28.34,
            "account_receivable_turnover_ratio": null,
            "reinvestment_rate": 1.71,
            "research_to_sale_ratio": null,
            "price_fair": 70.22,
            "eps_avg_yearly": 2.01,
            "eps_latest_yearly": 0.52,
            "eps_growth_yearly": 129.81
        },
        "20061": {
            "year_quarter": 20061,
            "year": 2006,
            "quarter": 1,
            "eps": 0.17,
            "eps_growth_year": -22.73,
            "eps_4q": 1.15,
            "eps_4q_growth_year": -42.01,
            "roe": 1.08,
            "roe_4q": 9.05,
            "gross_profit": 166640,
            "gross_margin": 42.27,
            "gross_margin_4q_avg": 46.65,
            "net_income": 21642,
            "revenue": 394186,
            "common_shares": 1318515,
            "book_valuer_per_share": 12.78,
            "book_valuer_per_share_4q_avg": 12.72,
            "equity": 1684457,
            "current_ratio": 48.96,
            "debt_ratio": 27.46,
            "inventory_turnover_ratio": 39.87,
            "account_receivable_turnover_ratio": null,
            "reinvestment_rate": 7.29,
            "research_to_sale_ratio": null,
            "price_fair": 66.9,
            "eps_avg_yearly": 1.91,
            "eps_latest_yearly": 0.68,
            "eps_growth_yearly": 129.33
        },
        "20062": {
            "year_quarter": 20062,
            "year": 2006,
            "quarter": 2,
            "eps": 0.17,
            "eps_growth_year": 0,
            "eps_4q": 1.1,
            "eps_4q_growth_year": -32.37,
            "roe": 1.35,
            "roe_4q": 9.05,
            "gross_profit": 162463,
            "gross_margin": 46.73,
            "gross_margin_4q_avg": 45.76,
            "net_income": 23093,
            "revenue": 347690,
            "common_shares": 1337230,
            "book_valuer_per_share": 12.97,
            "book_valuer_per_share_4q_avg": 12.71,
            "equity": 1733745,
            "current_ratio": 126.04,
            "debt_ratio": 27.95,
            "inventory_turnover_ratio": 38.79,
            "account_receivable_turnover_ratio": null,
            "reinvestment_rate": 7.09,
            "research_to_sale_ratio": null,
            "price_fair": 64.5,
            "eps_avg_yearly": 1.84,
            "eps_latest_yearly": 0.68,
            "eps_growth_yearly": 138.7
        },
        "20063": {
            "year_quarter": 20063,
            "year": 2006,
            "quarter": 3,
            "eps": 0.7,
            "eps_growth_year": -9.09,
            "eps_4q": 1.13,
            "eps_4q_growth_year": -32.49,
            "roe": 5.4,
            "roe_4q": 8.63,
            "gross_profit": 204594,
            "gross_margin": 46.8,
            "gross_margin_4q_avg": 45.51,
            "net_income": 97493,
            "revenue": 437159,
            "common_shares": 1449791,
            "book_valuer_per_share": 12.96,
            "book_valuer_per_share_4q_avg": 12.83,
            "equity": 1878611,
            "current_ratio": 141.3,
            "debt_ratio": 25.51,
            "inventory_turnover_ratio": 46.67,
            "account_receivable_turnover_ratio": null,
            "reinvestment_rate": 3.95,
            "research_to_sale_ratio": null,
            "price_fair": 60.1,
            "eps_avg_yearly": 1.72,
            "eps_latest_yearly": 2.8,
            "eps_growth_yearly": 176.9
        },
        "20064": {
            "year_quarter": 20064,
            "year": 2006,
            "quarter": 4,
            "eps": -0.1,
            "eps_growth_year": -176.92,
            "eps_4q": 0.58,
            "eps_4q_growth_year": -51.81,
            "roe": -0.62,
            "roe_4q": 7.210000000000001,
            "gross_profit": 156788,
            "gross_margin": 43.08,
            "gross_margin_4q_avg": 44.72,
            "net_income": -14124,
            "revenue": 363986,
            "common_shares": 1473799,
            "book_valuer_per_share": 12.87,
            "book_valuer_per_share_4q_avg": 12.9,
            "equity": 2658137,
            "current_ratio": 85.07,
            "debt_ratio": 53.62,
            "inventory_turnover_ratio": 6.12,
            "account_receivable_turnover_ratio": null,
            "reinvestment_rate": -26.96,
            "research_to_sale_ratio": null,
            "price_fair": 60.52,
            "eps_avg_yearly": 1.73,
            "eps_latest_yearly": 2.8,
            "eps_growth_yearly": 210.76
        },
        "20071": {
            "year_quarter": 20071,
            "year": 2007,
            "quarter": 1,
            "eps": 0,
            "eps_growth_year": -100,
            "eps_4q": 0.72,
            "eps_4q_growth_year": -37.37,
            "roe": -0.02,
            "roe_4q": 6.110000000000001,
            "gross_profit": 150636,
            "gross_margin": 40.37,
            "gross_margin_4q_avg": 44.25,
            "net_income": -446,
            "revenue": 373153,
            "common_shares": 1474149,
            "book_valuer_per_share": 12.87,
            "book_valuer_per_share_4q_avg": 12.92,
            "equity": 1897378,
            "current_ratio": 90.7,
            "debt_ratio": 24.57,
            "inventory_turnover_ratio": 6.57,
            "account_receivable_turnover_ratio": null,
            "reinvestment_rate": 4.75,
            "research_to_sale_ratio": null,
            "price_fair": 58.22,
            "eps_avg_yearly": 1.66,
            "eps_latest_yearly": 2.8,
            "eps_growth_yearly": 207.81
        },
        "20072": {
            "year_quarter": 20072,
            "year": 2007,
            "quarter": 2,
            "eps": -0.12,
            "eps_growth_year": -170.59,
            "eps_4q": 0.44,
            "eps_4q_growth_year": -60.42,
            "roe": -1,
            "roe_4q": 3.7600000000000002,
            "gross_profit": 139797,
            "gross_margin": 40.73,
            "gross_margin_4q_avg": 42.75,
            "net_income": -18555,
            "revenue": 343196,
            "common_shares": 1474149,
            "book_valuer_per_share": 12.43,
            "book_valuer_per_share_4q_avg": 12.78,
            "equity": 1832425,
            "current_ratio": 161.82,
            "debt_ratio": 24.64,
            "inventory_turnover_ratio": 45.41,
            "account_receivable_turnover_ratio": null,
            "reinvestment_rate": -0.89,
            "research_to_sale_ratio": null,
            "price_fair": 58.22,
            "eps_avg_yearly": 1.66,
            "eps_latest_yearly": 2.8,
            "eps_growth_yearly": 207.81
        },
        "20073": {
            "year_quarter": 20073,
            "year": 2007,
            "quarter": 3,
            "eps": 0.44,
            "eps_growth_year": -37.14,
            "eps_4q": 0.23,
            "eps_4q_growth_year": -80.04,
            "roe": 3.45,
            "roe_4q": 1.81,
            "gross_profit": 162449,
            "gross_margin": 40.86,
            "gross_margin_4q_avg": 41.26,
            "net_income": 68248,
            "revenue": 397604,
            "common_shares": 1604869,
            "book_valuer_per_share": 13.23,
            "book_valuer_per_share_4q_avg": 12.85,
            "equity": 2123619,
            "current_ratio": 564.13,
            "debt_ratio": 38.46,
            "inventory_turnover_ratio": 58.63,
            "account_receivable_turnover_ratio": null,
            "reinvestment_rate": -1.09,
            "research_to_sale_ratio": null,
            "price_fair": 58.22,
            "eps_avg_yearly": 1.66,
            "eps_latest_yearly": 2.8,
            "eps_growth_yearly": 207.81
        },
        "20074": {
            "year_quarter": 20074,
            "year": 2007,
            "quarter": 4,
            "eps": -0.53,
            "eps_growth_year": null,
            "eps_4q": -0.07,
            "eps_4q_growth_year": -112.17,
            "roe": -3.41,
            "roe_4q": -0.98,
            "gross_profit": 120708,
            "gross_margin": 39.5,
            "gross_margin_4q_avg": 40.37,
            "net_income": -83368,
            "revenue": 305599,
            "common_shares": 1698888,
            "book_valuer_per_share": 12.73,
            "book_valuer_per_share_4q_avg": 12.82,
            "equity": 2759778,
            "current_ratio": 201.09,
            "debt_ratio": 55.8,
            "inventory_turnover_ratio": 21.61,
            "account_receivable_turnover_ratio": null,
            "reinvestment_rate": 28.41,
            "research_to_sale_ratio": null,
            "price_fair": 58.55,
            "eps_avg_yearly": 1.67,
            "eps_latest_yearly": 2.8,
            "eps_growth_yearly": 244.88
        },
        "20081": {
            "year_quarter": 20081,
            "year": 2008,
            "quarter": 1,
            "eps": -0.16,
            "eps_growth_year": null,
            "eps_4q": -0.16,
            "eps_4q_growth_year": -122.46,
            "roe": -2.16,
            "roe_4q": -3.12,
            "gross_profit": 223280,
            "gross_margin": 42.21,
            "gross_margin_4q_avg": 40.83,
            "net_income": -59700,
            "revenue": 529000,
            "common_shares": 1747898,
            "book_valuer_per_share": 12.56,
            "book_valuer_per_share_4q_avg": 12.74,
            "equity": 2764277,
            "current_ratio": 174.33,
            "debt_ratio": 55.3,
            "inventory_turnover_ratio": 34.16,
            "account_receivable_turnover_ratio": null,
            "reinvestment_rate": 43.12,
            "research_to_sale_ratio": null,
            "price_fair": 59.5,
            "eps_avg_yearly": 1.7,
            "eps_latest_yearly": 2.8,
            "eps_growth_yearly": 273.47
        },
        "20082": {
            "year_quarter": 20082,
            "year": 2008,
            "quarter": 2,
            "eps": 0.06,
            "eps_growth_year": null,
            "eps_4q": -0.19,
            "eps_4q_growth_year": -143.48,
            "roe": -0.35,
            "roe_4q": -2.4699999999999998,
            "gross_profit": 249379,
            "gross_margin": 50.58,
            "gross_margin_4q_avg": 43.29,
            "net_income": -10219,
            "revenue": 493027,
            "common_shares": 1747898,
            "book_valuer_per_share": 12.53,
            "book_valuer_per_share_4q_avg": 12.76,
            "equity": 3001612,
            "current_ratio": 191.57,
            "debt_ratio": 52.44,
            "inventory_turnover_ratio": 37.82,
            "account_receivable_turnover_ratio": null,
            "reinvestment_rate": 28.92,
            "research_to_sale_ratio": null,
            "price_fair": 61.29,
            "eps_avg_yearly": 1.75,
            "eps_latest_yearly": 2.8,
            "eps_growth_yearly": 308.93
        },
        "20083": {
            "year_quarter": 20083,
            "year": 2008,
            "quarter": 3,
            "eps": 0.04,
            "eps_growth_year": -90.91,
            "eps_4q": -0.17,
            "eps_4q_growth_year": -173.08,
            "roe": 0.75,
            "roe_4q": -5.17,
            "gross_profit": 371335,
            "gross_margin": 56.62,
            "gross_margin_4q_avg": 47.23,
            "net_income": 22490,
            "revenue": 655895,
            "common_shares": 1747898,
            "book_valuer_per_share": 12.44,
            "book_valuer_per_share_4q_avg": 12.57,
            "equity": 3015236,
            "current_ratio": 92.58,
            "debt_ratio": 50.48,
            "inventory_turnover_ratio": 38.44,
            "account_receivable_turnover_ratio": null,
            "reinvestment_rate": 33.35,
            "research_to_sale_ratio": null,
            "price_fair": 47.44,
            "eps_avg_yearly": 1.36,
            "eps_latest_yearly": 0.16,
            "eps_growth_yearly": 205.23
        },
        "20084": {
            "year_quarter": 20084,
            "year": 2008,
            "quarter": 4,
            "eps": -0.43,
            "eps_growth_year": null,
            "eps_4q": -0.25,
            "eps_4q_growth_year": null,
            "roe": -3.85,
            "roe_4q": -5.61,
            "gross_profit": 258700,
            "gross_margin": 57.06,
            "gross_margin_4q_avg": 51.62,
            "net_income": -110745,
            "revenue": 453345,
            "common_shares": 1747898,
            "book_valuer_per_share": 12.09,
            "book_valuer_per_share_4q_avg": 12.41,
            "equity": 2742549,
            "current_ratio": 85.8,
            "debt_ratio": 52.68,
            "inventory_turnover_ratio": 24.04,
            "account_receivable_turnover_ratio": 22.38,
            "reinvestment_rate": 188.74,
            "research_to_sale_ratio": null,
            "price_fair": 41.48,
            "eps_avg_yearly": 1.19,
            "eps_latest_yearly": 0.16,
            "eps_growth_yearly": 244.33
        },
        "20091": {
            "year_quarter": 20091,
            "year": 2009,
            "quarter": 1,
            "eps": -0.21,
            "eps_growth_year": null,
            "eps_4q": -0.52,
            "eps_4q_growth_year": null,
            "roe": -1.52,
            "roe_4q": -4.97,
            "gross_profit": 244376,
            "gross_margin": 54.34,
            "gross_margin_4q_avg": 54.65,
            "net_income": -41051,
            "revenue": 449749,
            "common_shares": 1747898,
            "book_valuer_per_share": 11.94,
            "book_valuer_per_share_4q_avg": 12.25,
            "equity": 2667180,
            "current_ratio": 69.61,
            "debt_ratio": 51.21,
            "inventory_turnover_ratio": 22.35,
            "account_receivable_turnover_ratio": 14.31,
            "reinvestment_rate": 1182.65,
            "research_to_sale_ratio": null,
            "price_fair": 43,
            "eps_avg_yearly": 1.23,
            "eps_latest_yearly": 0.16,
            "eps_growth_yearly": 317.88
        },
        "20092": {
            "year_quarter": 20092,
            "year": 2009,
            "quarter": 2,
            "eps": -0.23,
            "eps_growth_year": -483.33,
            "eps_4q": -0.79,
            "eps_4q_growth_year": null,
            "roe": -1.98,
            "roe_4q": -6.6,
            "gross_profit": 264236,
            "gross_margin": 58.64,
            "gross_margin_4q_avg": 56.67,
            "net_income": -52094,
            "revenue": 450584,
            "common_shares": 1747898,
            "book_valuer_per_share": 11.66,
            "book_valuer_per_share_4q_avg": 12.03,
            "equity": 2594063,
            "current_ratio": 72.09,
            "debt_ratio": 52.42,
            "inventory_turnover_ratio": 18.43,
            "account_receivable_turnover_ratio": 23.29,
            "reinvestment_rate": null,
            "research_to_sale_ratio": null,
            "price_fair": 46.2,
            "eps_avg_yearly": 1.32,
            "eps_latest_yearly": 0.16,
            "eps_growth_yearly": 386.02
        },
        "20093": {
            "year_quarter": 20093,
            "year": 2009,
            "quarter": 3,
            "eps": -0.27,
            "eps_growth_year": -775,
            "eps_4q": -1.1,
            "eps_4q_growth_year": null,
            "roe": -2.26,
            "roe_4q": -9.61,
            "gross_profit": 314284,
            "gross_margin": 57.43,
            "gross_margin_4q_avg": 56.87,
            "net_income": -57866,
            "revenue": 547219,
            "common_shares": 1747898,
            "book_valuer_per_share": 11.36,
            "book_valuer_per_share_4q_avg": 11.76,
            "equity": 2538020,
            "current_ratio": 68.86,
            "debt_ratio": 53.02,
            "inventory_turnover_ratio": 18.85,
            "account_receivable_turnover_ratio": 19,
            "reinvestment_rate": null,
            "research_to_sale_ratio": null,
            "price_fair": 33.88,
            "eps_avg_yearly": 0.97,
            "eps_latest_yearly": 0.16,
            "eps_growth_yearly": 180.87
        },
        "20094": {
            "year_quarter": 20094,
            "year": 2009,
            "quarter": 4,
            "eps": -0.29,
            "eps_growth_year": null,
            "eps_4q": -1.01,
            "eps_4q_growth_year": null,
            "roe": -2.64,
            "roe_4q": -8.4,
            "gross_profit": 213690,
            "gross_margin": 62.1,
            "gross_margin_4q_avg": 58.13,
            "net_income": -66017,
            "revenue": 344085,
            "common_shares": 1747898,
            "book_valuer_per_share": 11.47,
            "book_valuer_per_share_4q_avg": 11.61,
            "equity": 2470167,
            "current_ratio": 76.64,
            "debt_ratio": 53.26,
            "inventory_turnover_ratio": 10.49,
            "account_receivable_turnover_ratio": 31.06,
            "reinvestment_rate": null,
            "research_to_sale_ratio": null,
            "price_fair": 37.8,
            "eps_avg_yearly": 1.08,
            "eps_latest_yearly": 0.16,
            "eps_growth_yearly": 309.2
        },
        "20101": {
            "year_quarter": 20101,
            "year": 2010,
            "quarter": 1,
            "eps": -0.5,
            "eps_growth_year": null,
            "eps_4q": -1.21,
            "eps_4q_growth_year": null,
            "roe": -3.42,
            "roe_4q": -10.3,
            "gross_profit": 255372,
            "gross_margin": 50.68,
            "gross_margin_4q_avg": 57.21,
            "net_income": -84691,
            "revenue": 503940,
            "common_shares": 1780235,
            "book_valuer_per_share": 11.19,
            "book_valuer_per_share_4q_avg": 11.42,
            "equity": 2482980,
            "current_ratio": 79.99,
            "debt_ratio": 51.33,
            "inventory_turnover_ratio": 20.25,
            "account_receivable_turnover_ratio": 22.6,
            "reinvestment_rate": null,
            "research_to_sale_ratio": null,
            "price_fair": 42.47,
            "eps_avg_yearly": 1.21,
            "eps_latest_yearly": 0.16,
            "eps_growth_yearly": 371.24
        },
        "20102": {
            "year_quarter": 20102,
            "year": 2010,
            "quarter": 2,
            "eps": -0.34,
            "eps_growth_year": null,
            "eps_4q": -1.19,
            "eps_4q_growth_year": null,
            "roe": -2.92,
            "roe_4q": -11.24,
            "gross_profit": 256544,
            "gross_margin": 55.36,
            "gross_margin_4q_avg": 56.39,
            "net_income": -78753,
            "revenue": 463369,
            "common_shares": 2020070,
            "book_valuer_per_share": 11.84,
            "book_valuer_per_share_4q_avg": 11.47,
            "equity": 2911621,
            "current_ratio": 132.41,
            "debt_ratio": 42.9,
            "inventory_turnover_ratio": 17.71,
            "account_receivable_turnover_ratio": 13.56,
            "reinvestment_rate": null,
            "research_to_sale_ratio": null,
            "price_fair": 51.8,
            "eps_avg_yearly": 1.48,
            "eps_latest_yearly": 0.16,
            "eps_growth_yearly": 556.86
        },
        "20103": {
            "year_quarter": 20103,
            "year": 2010,
            "quarter": 3,
            "eps": 0.06,
            "eps_growth_year": null,
            "eps_4q": -0.88,
            "eps_4q_growth_year": null,
            "roe": 0.92,
            "roe_4q": -8.06,
            "gross_profit": 361699,
            "gross_margin": 59.41,
            "gross_margin_4q_avg": 56.89,
            "net_income": 27302,
            "revenue": 608848,
            "common_shares": 2066918,
            "book_valuer_per_share": 12.02,
            "book_valuer_per_share_4q_avg": 11.63,
            "equity": 3018411,
            "current_ratio": 165.61,
            "debt_ratio": 41.09,
            "inventory_turnover_ratio": 23.92,
            "account_receivable_turnover_ratio": 15.53,
            "reinvestment_rate": null,
            "research_to_sale_ratio": null,
            "price_fair": 0.48,
            "eps_avg_yearly": 0.16,
            "eps_latest_yearly": 0.16,
            "eps_growth_yearly": -133.33
        },
        "20104": {
            "year_quarter": 20104,
            "year": 2010,
            "quarter": 4,
            "eps": -0.39,
            "eps_growth_year": null,
            "eps_4q": -1.01,
            "eps_4q_growth_year": null,
            "roe": -3.36,
            "roe_4q": -8.78,
            "gross_profit": 227335,
            "gross_margin": 94.61,
            "gross_margin_4q_avg": 65.02,
            "net_income": -100321,
            "revenue": 240285,
            "common_shares": 2110341,
            "book_valuer_per_share": 11.59,
            "book_valuer_per_share_4q_avg": 11.66,
            "equity": 2957963,
            "current_ratio": 155.04,
            "debt_ratio": 40.39,
            "inventory_turnover_ratio": 1.27,
            "account_receivable_turnover_ratio": 10.6,
            "reinvestment_rate": null,
            "research_to_sale_ratio": null,
            "price_fair": 0.48,
            "eps_avg_yearly": 0.16,
            "eps_latest_yearly": 0.16,
            "eps_growth_yearly": -133.33
        },
        "20111": {
            "year_quarter": 20111,
            "year": 2011,
            "quarter": 1,
            "eps": -0.24,
            "eps_growth_year": null,
            "eps_4q": -0.88,
            "eps_4q_growth_year": null,
            "roe": -2.05,
            "roe_4q": -7.41,
            "gross_profit": 228785,
            "gross_margin": 56.26,
            "gross_margin_4q_avg": 66.41,
            "net_income": -60192,
            "revenue": 406654,
            "common_shares": 2114363,
            "book_valuer_per_share": 11.37,
            "book_valuer_per_share_4q_avg": 11.71,
            "equity": 2905879,
            "current_ratio": 148.77,
            "debt_ratio": 40.35,
            "inventory_turnover_ratio": 17.64,
            "account_receivable_turnover_ratio": 30.47,
            "reinvestment_rate": null,
            "research_to_sale_ratio": null,
            "price_fair": 0.48,
            "eps_avg_yearly": 0.16,
            "eps_latest_yearly": 0.16,
            "eps_growth_yearly": -133.33
        },
        "20112": {
            "year_quarter": 20112,
            "year": 2011,
            "quarter": 2,
            "eps": 0.31,
            "eps_growth_year": null,
            "eps_4q": -0.25,
            "eps_4q_growth_year": null,
            "roe": 4.01,
            "roe_4q": -0.47999999999999987,
            "gross_profit": 260896,
            "gross_margin": 60.95,
            "gross_margin_4q_avg": 67.81,
            "net_income": 118767,
            "revenue": 428039,
            "common_shares": 2114363,
            "book_valuer_per_share": 11.64,
            "book_valuer_per_share_4q_avg": 11.66,
            "equity": 3014546,
            "current_ratio": 147.28,
            "debt_ratio": 37.57,
            "inventory_turnover_ratio": 17.79,
            "account_receivable_turnover_ratio": 29.49,
            "reinvestment_rate": null,
            "research_to_sale_ratio": null,
            "price_fair": 0.48,
            "eps_avg_yearly": 0.16,
            "eps_latest_yearly": 0.16,
            "eps_growth_yearly": -133.33
        },
        "20113": {
            "year_quarter": 20113,
            "year": 2011,
            "quarter": 3,
            "eps": 0.09,
            "eps_growth_year": 40.2,
            "eps_4q": -0.22,
            "eps_4q_growth_year": null,
            "roe": 1.38,
            "roe_4q": -0.020000000000000018,
            "gross_profit": 349209,
            "gross_margin": 63.03,
            "gross_margin_4q_avg": 68.71,
            "net_income": 42761,
            "revenue": 554040,
            "common_shares": 2114363,
            "book_valuer_per_share": 12.3,
            "book_valuer_per_share_4q_avg": 11.73,
            "equity": 3182222,
            "current_ratio": 300.05,
            "debt_ratio": 46.28,
            "inventory_turnover_ratio": 21,
            "account_receivable_turnover_ratio": 30,
            "reinvestment_rate": null,
            "research_to_sale_ratio": null,
            "price_fair": 0.78,
            "eps_avg_yearly": 0.26,
            "eps_latest_yearly": 0.36,
            "eps_growth_yearly": -208.6
        },
        "20114": {
            "year_quarter": 20114,
            "year": 2011,
            "quarter": 4,
            "eps": -0.14,
            "eps_growth_year": null,
            "eps_4q": 0.02,
            "eps_4q_growth_year": null,
            "roe": -0.97,
            "roe_4q": 2.37,
            "gross_profit": 244872,
            "gross_margin": 60.93,
            "gross_margin_4q_avg": 60.29,
            "net_income": -30848,
            "revenue": 401873,
            "common_shares": 2114363,
            "book_valuer_per_share": 12.17,
            "book_valuer_per_share_4q_avg": 11.87,
            "equity": 3152291,
            "current_ratio": 290.5,
            "debt_ratio": 45.75,
            "inventory_turnover_ratio": 16.17,
            "account_receivable_turnover_ratio": 19.2,
            "reinvestment_rate": null,
            "research_to_sale_ratio": null,
            "price_fair": 0.78,
            "eps_avg_yearly": 0.26,
            "eps_latest_yearly": 0.36,
            "eps_growth_yearly": -208.6
        },
        "20121": {
            "year_quarter": 20121,
            "year": 2012,
            "quarter": 1,
            "eps": -0.1,
            "eps_growth_year": null,
            "eps_4q": 0.15,
            "eps_4q_growth_year": null,
            "roe": -0.49,
            "roe_4q": 3.9299999999999997,
            "gross_profit": 267324,
            "gross_margin": 58.11,
            "gross_margin_4q_avg": 60.76,
            "net_income": -15325,
            "revenue": 460051,
            "common_shares": 2114363,
            "book_valuer_per_share": 11.99,
            "book_valuer_per_share_4q_avg": 12.03,
            "equity": 3132311,
            "current_ratio": 301.01,
            "debt_ratio": 45.13,
            "inventory_turnover_ratio": 21.97,
            "account_receivable_turnover_ratio": 18.34,
            "reinvestment_rate": null,
            "research_to_sale_ratio": null,
            "price_fair": 0.78,
            "eps_avg_yearly": 0.26,
            "eps_latest_yearly": 0.36,
            "eps_growth_yearly": -208.6
        },
        "20122": {
            "year_quarter": 20122,
            "year": 2012,
            "quarter": 2,
            "eps": -0.04,
            "eps_growth_year": -112.19,
            "eps_4q": -0.19,
            "eps_4q_growth_year": null,
            "roe": 0.03,
            "roe_4q": -0.050000000000000044,
            "gross_profit": 257445,
            "gross_margin": 60.11,
            "gross_margin_4q_avg": 60.55,
            "net_income": 836,
            "revenue": 428302,
            "common_shares": 2114363,
            "book_valuer_per_share": 11.95,
            "book_valuer_per_share_4q_avg": 12.1,
            "equity": 3127693,
            "current_ratio": 162.13,
            "debt_ratio": 40.15,
            "inventory_turnover_ratio": 2.92,
            "account_receivable_turnover_ratio": 14.49,
            "reinvestment_rate": null,
            "research_to_sale_ratio": null,
            "price_fair": 0.78,
            "eps_avg_yearly": 0.26,
            "eps_latest_yearly": 0.36,
            "eps_growth_yearly": -208.6
        },
        "20123": {
            "year_quarter": 20123,
            "year": 2012,
            "quarter": 3,
            "eps": 0.25,
            "eps_growth_year": 171.28,
            "eps_4q": -0.03,
            "eps_4q_growth_year": null,
            "roe": 2.19,
            "roe_4q": 0.7599999999999998,
            "gross_profit": 361493,
            "gross_margin": 61.37,
            "gross_margin_4q_avg": 60.13,
            "net_income": 69231,
            "revenue": 589075,
            "common_shares": 2114363,
            "book_valuer_per_share": 12.19,
            "book_valuer_per_share_4q_avg": 12.08,
            "equity": 3195935,
            "current_ratio": 173.65,
            "debt_ratio": 40,
            "inventory_turnover_ratio": 2.07,
            "account_receivable_turnover_ratio": 20.39,
            "reinvestment_rate": null,
            "research_to_sale_ratio": null,
            "price_fair": 1.08,
            "eps_avg_yearly": 0.36,
            "eps_latest_yearly": 0.36,
            "eps_growth_yearly": -283.87
        },
        "20124": {
            "year_quarter": 20124,
            "year": 2012,
            "quarter": 4,
            "eps": -0.74,
            "eps_growth_year": null,
            "eps_4q": -0.63,
            "eps_4q_growth_year": -3636.58,
            "roe": -5.13,
            "roe_4q": -3.4000000000000004,
            "gross_profit": 256483,
            "gross_margin": 61.22,
            "gross_margin_4q_avg": 60.2,
            "net_income": -159310,
            "revenue": 418921,
            "common_shares": 2114363,
            "book_valuer_per_share": 11.46,
            "book_valuer_per_share_4q_avg": 11.9,
            "equity": 3011540,
            "current_ratio": 231.66,
            "debt_ratio": 42.65,
            "inventory_turnover_ratio": 1.47,
            "account_receivable_turnover_ratio": 14.71,
            "reinvestment_rate": null,
            "research_to_sale_ratio": null,
            "price_fair": 1.08,
            "eps_avg_yearly": 0.36,
            "eps_latest_yearly": 0.36,
            "eps_growth_yearly": -283.87
        },
        "20131": {
            "year_quarter": 20131,
            "year": 2013,
            "quarter": 1,
            "eps": -0.14,
            "eps_growth_year": null,
            "eps_4q": -0.67,
            "eps_4q_growth_year": -530.1,
            "roe": -0.9,
            "roe_4q": -3.8100000000000005,
            "gross_profit": 258454,
            "gross_margin": 82.66,
            "gross_margin_4q_avg": 66.34,
            "net_income": -27049,
            "revenue": 312663,
            "common_shares": 2093973,
            "book_valuer_per_share": 11.34,
            "book_valuer_per_share_4q_avg": 11.74,
            "equity": 2992099,
            "current_ratio": 225.33,
            "debt_ratio": 42.99,
            "inventory_turnover_ratio": 0.49,
            "account_receivable_turnover_ratio": 12.74,
            "reinvestment_rate": null,
            "research_to_sale_ratio": null,
            "price_fair": 1.08,
            "eps_avg_yearly": 0.36,
            "eps_latest_yearly": 0.36,
            "eps_growth_yearly": -283.87
        },
        "20132": {
            "year_quarter": 20132,
            "year": 2013,
            "quarter": 2,
            "eps": 0.13,
            "eps_growth_year": null,
            "eps_4q": -0.5,
            "eps_4q_growth_year": null,
            "roe": 0.97,
            "roe_4q": -2.8699999999999997,
            "gross_profit": 317197,
            "gross_margin": 83.12,
            "gross_margin_4q_avg": 72.09,
            "net_income": 29212,
            "revenue": 381605,
            "common_shares": 2093973,
            "book_valuer_per_share": 11.48,
            "book_valuer_per_share_4q_avg": 11.62,
            "equity": 3024360,
            "current_ratio": 210.04,
            "debt_ratio": 43.1,
            "inventory_turnover_ratio": 0.58,
            "account_receivable_turnover_ratio": 13.16,
            "reinvestment_rate": null,
            "research_to_sale_ratio": null,
            "price_fair": 1.08,
            "eps_avg_yearly": 0.36,
            "eps_latest_yearly": 0.36,
            "eps_growth_yearly": -283.87
        },
        "20133": {
            "year_quarter": 20133,
            "year": 2013,
            "quarter": 3,
            "eps": 0.38,
            "eps_growth_year": 54.11,
            "eps_4q": -0.36,
            "eps_4q_growth_year": null,
            "roe": 3.3,
            "roe_4q": -1.7600000000000002,
            "gross_profit": 437881,
            "gross_margin": 84.98,
            "gross_margin_4q_avg": 78,
            "net_income": 101694,
            "revenue": 515262,
            "common_shares": 2093973,
            "book_valuer_per_share": 11.85,
            "book_valuer_per_share_4q_avg": 11.53,
            "equity": 3141205,
            "current_ratio": 101.74,
            "debt_ratio": 40.59,
            "inventory_turnover_ratio": 0.68,
            "account_receivable_turnover_ratio": 15.73,
            "reinvestment_rate": null,
            "research_to_sale_ratio": null,
            "price_fair": 32.9,
            "eps_avg_yearly": 0.94,
            "eps_latest_yearly": 1.52,
            "eps_growth_yearly": 242.68
        },
        "20134": {
            "year_quarter": 20134,
            "year": 2013,
            "quarter": 4,
            "eps": 0.07,
            "eps_growth_year": null,
            "eps_4q": 0.44,
            "eps_4q_growth_year": null,
            "roe": 0.6,
            "roe_4q": 3.97,
            "gross_profit": 307936,
            "gross_margin": 84.78,
            "gross_margin_4q_avg": 83.89,
            "net_income": 18909,
            "revenue": 363198,
            "common_shares": 2115806,
            "book_valuer_per_share": 11.92,
            "book_valuer_per_share_4q_avg": 11.65,
            "equity": 3172656,
            "current_ratio": 97.32,
            "debt_ratio": 40.65,
            "inventory_turnover_ratio": 0.49,
            "account_receivable_turnover_ratio": 14.95,
            "reinvestment_rate": null,
            "research_to_sale_ratio": null,
            "price_fair": 25.2,
            "eps_avg_yearly": 0.72,
            "eps_latest_yearly": 0.28,
            "eps_growth_yearly": 53.01
        },
        "20141": {
            "year_quarter": 20141,
            "year": 2014,
            "quarter": 1,
            "eps": 0,
            "eps_growth_year": null,
            "eps_4q": 0.57,
            "eps_4q_growth_year": null,
            "roe": 0.06,
            "roe_4q": 4.93,
            "gross_profit": 255737,
            "gross_margin": 68.96,
            "gross_margin_4q_avg": 80.46,
            "net_income": 1851,
            "revenue": 370860,
            "common_shares": 2129889,
            "book_valuer_per_share": 11.92,
            "book_valuer_per_share_4q_avg": 11.79,
            "equity": 3184751,
            "current_ratio": 98.04,
            "debt_ratio": 40.29,
            "inventory_turnover_ratio": 1.02,
            "account_receivable_turnover_ratio": 13.41,
            "reinvestment_rate": null,
            "research_to_sale_ratio": null,
            "price_fair": 25.2,
            "eps_avg_yearly": 0.72,
            "eps_latest_yearly": 0.28,
            "eps_growth_yearly": 53.01
        },
        "20142": {
            "year_quarter": 20142,
            "year": 2014,
            "quarter": 2,
            "eps": 0.27,
            "eps_growth_year": 107.69,
            "eps_4q": 0.72,
            "eps_4q_growth_year": null,
            "roe": 2.1,
            "roe_4q": 6.0600000000000005,
            "gross_profit": 294597,
            "gross_margin": 71.26,
            "gross_margin_4q_avg": 77.5,
            "net_income": 66584,
            "revenue": 413438,
            "common_shares": 2130306,
            "book_valuer_per_share": 11.89,
            "book_valuer_per_share_4q_avg": 11.9,
            "equity": 3160723,
            "current_ratio": 110.21,
            "debt_ratio": 40.66,
            "inventory_turnover_ratio": 1.06,
            "account_receivable_turnover_ratio": 11.69,
            "reinvestment_rate": null,
            "research_to_sale_ratio": null,
            "price_fair": 25.2,
            "eps_avg_yearly": 0.72,
            "eps_latest_yearly": 0.28,
            "eps_growth_yearly": 53.01
        },
        "20143": {
            "year_quarter": 20143,
            "year": 2014,
            "quarter": 3,
            "eps": 0.27,
            "eps_growth_year": -28.95,
            "eps_4q": 0.63,
            "eps_4q_growth_year": null,
            "roe": 2.41,
            "roe_4q": 5.169999999999999,
            "gross_profit": 382585,
            "gross_margin": 74.09,
            "gross_margin_4q_avg": 74.77,
            "net_income": 75330,
            "revenue": 516375,
            "common_shares": 2174157,
            "book_valuer_per_share": 11.98,
            "book_valuer_per_share_4q_avg": 11.93,
            "equity": 3097780,
            "current_ratio": 105.14,
            "debt_ratio": 38.4,
            "inventory_turnover_ratio": 1.19,
            "account_receivable_turnover_ratio": 12.03,
            "reinvestment_rate": null,
            "research_to_sale_ratio": null,
            "price_fair": 28.35,
            "eps_avg_yearly": 0.81,
            "eps_latest_yearly": 1.08,
            "eps_growth_yearly": 39.76
        },
        "20144": {
            "year_quarter": 20144,
            "year": 2014,
            "quarter": 4,
            "eps": 0.11,
            "eps_growth_year": 66.14,
            "eps_4q": 0.67,
            "eps_4q_growth_year": 54.22,
            "roe": 0.69,
            "roe_4q": 5.26,
            "gross_profit": 259612,
            "gross_margin": 69.58,
            "gross_margin_4q_avg": 70.97,
            "net_income": 21507,
            "revenue": 373109,
            "common_shares": 2045170,
            "book_valuer_per_share": 12.13,
            "book_valuer_per_share_4q_avg": 11.98,
            "equity": 3127896,
            "current_ratio": 98.06,
            "debt_ratio": 36.12,
            "inventory_turnover_ratio": 0.7,
            "account_receivable_turnover_ratio": 7.84,
            "reinvestment_rate": -1190.9,
            "research_to_sale_ratio": null,
            "price_fair": 2.21,
            "eps_avg_yearly": 0.74,
            "eps_latest_yearly": 0.44,
            "eps_growth_yearly": -15.6
        },
        "20151": {
            "year_quarter": 20151,
            "year": 2015,
            "quarter": 1,
            "eps": 0.13,
            "eps_growth_year": null,
            "eps_4q": 0.79,
            "eps_4q_growth_year": 39,
            "roe": 0.97,
            "roe_4q": 6.17,
            "gross_profit": 284993,
            "gross_margin": 72.52,
            "gross_margin_4q_avg": 71.86,
            "net_income": 30435,
            "revenue": 392973,
            "common_shares": 2045170,
            "book_valuer_per_share": 12.24,
            "book_valuer_per_share_4q_avg": 12.06,
            "equity": 3156103,
            "current_ratio": 96.15,
            "debt_ratio": 35.97,
            "inventory_turnover_ratio": 0.49,
            "account_receivable_turnover_ratio": 8.2,
            "reinvestment_rate": -670.51,
            "research_to_sale_ratio": null,
            "price_fair": 2.1,
            "eps_avg_yearly": 0.7,
            "eps_latest_yearly": 0.52,
            "eps_growth_yearly": -0.88
        },
        "20152": {
            "year_quarter": 20152,
            "year": 2015,
            "quarter": 2,
            "eps": 0.07,
            "eps_growth_year": -74.07,
            "eps_4q": 0.58,
            "eps_4q_growth_year": -20.06,
            "roe": 0.7,
            "roe_4q": 4.77,
            "gross_profit": 268008,
            "gross_margin": 74.45,
            "gross_margin_4q_avg": 72.66,
            "net_income": 21572,
            "revenue": 359980,
            "common_shares": 2045170,
            "book_valuer_per_share": 11.8,
            "book_valuer_per_share_4q_avg": 12.04,
            "equity": 3044167,
            "current_ratio": 89.76,
            "debt_ratio": 37.53,
            "inventory_turnover_ratio": 0.39,
            "account_receivable_turnover_ratio": 7.62,
            "reinvestment_rate": -971.76,
            "research_to_sale_ratio": null,
            "price_fair": 1.92,
            "eps_avg_yearly": 0.64,
            "eps_latest_yearly": 0.28,
            "eps_growth_yearly": -27.13
        },
        "20153": {
            "year_quarter": 20153,
            "year": 2015,
            "quarter": 3,
            "eps": 0.22,
            "eps_growth_year": -18.52,
            "eps_4q": 0.52,
            "eps_4q_growth_year": -16.8,
            "roe": 2.28,
            "roe_4q": 4.639999999999999,
            "gross_profit": 359956,
            "gross_margin": 78.08,
            "gross_margin_4q_avg": 73.66,
            "net_income": 70422,
            "revenue": 461005,
            "common_shares": 2039170,
            "book_valuer_per_share": 12.06,
            "book_valuer_per_share_4q_avg": 12.06,
            "equity": 3124958,
            "current_ratio": 103.78,
            "debt_ratio": 34.69,
            "inventory_turnover_ratio": 0.4,
            "account_receivable_turnover_ratio": 10.53,
            "reinvestment_rate": -848.1,
            "research_to_sale_ratio": null,
            "price_fair": 25,
            "eps_avg_yearly": 0.71,
            "eps_latest_yearly": 0.88,
            "eps_growth_yearly": 135.88
        },
        "20154": {
            "year_quarter": 20154,
            "year": 2015,
            "quarter": 4,
            "eps": -0.04,
            "eps_growth_year": -132.72,
            "eps_4q": 0.37,
            "eps_4q_growth_year": -44.27,
            "roe": -0.22,
            "roe_4q": 3.7299999999999995,
            "gross_profit": 248313,
            "gross_margin": 72.32,
            "gross_margin_4q_avg": 74.34,
            "net_income": -6953,
            "revenue": 343365,
            "common_shares": 2039170,
            "book_valuer_per_share": 11.99,
            "book_valuer_per_share_4q_avg": 12.02,
            "equity": 3091953,
            "current_ratio": 105.78,
            "debt_ratio": 34.05,
            "inventory_turnover_ratio": 0.36,
            "account_receivable_turnover_ratio": 7.81,
            "reinvestment_rate": -735.34,
            "research_to_sale_ratio": null,
            "price_fair": 25,
            "eps_avg_yearly": 0.71,
            "eps_latest_yearly": 0.88,
            "eps_growth_yearly": 135.88
        },
        "20161": {
            "year_quarter": 20161,
            "year": 2016,
            "quarter": 1,
            "eps": 0.12,
            "eps_growth_year": -7.69,
            "eps_4q": 0.37,
            "eps_4q_growth_year": -53.5,
            "roe": 1.05,
            "roe_4q": 3.8099999999999996,
            "gross_profit": 295948,
            "gross_margin": 74.48,
            "gross_margin_4q_avg": 74.83,
            "net_income": 32630,
            "revenue": 397329,
            "common_shares": 2039170,
            "book_valuer_per_share": 12.11,
            "book_valuer_per_share_4q_avg": 11.99,
            "equity": 3124737,
            "current_ratio": 112.15,
            "debt_ratio": 32.93,
            "inventory_turnover_ratio": 0.36,
            "account_receivable_turnover_ratio": 8.72,
            "reinvestment_rate": -825.52,
            "research_to_sale_ratio": null,
            "price_fair": 25,
            "eps_avg_yearly": 0.71,
            "eps_latest_yearly": 0.88,
            "eps_growth_yearly": 135.88
        },
        "20162": {
            "year_quarter": 20162,
            "year": 2016,
            "quarter": 2,
            "eps": 0.15,
            "eps_growth_year": 114.29,
            "eps_4q": 0.46,
            "eps_4q_growth_year": -20.87,
            "roe": 1.34,
            "roe_4q": 4.449999999999999,
            "gross_profit": 294069,
            "gross_margin": 74.7,
            "gross_margin_4q_avg": 74.9,
            "net_income": 41616,
            "revenue": 393642,
            "common_shares": 2039170,
            "book_valuer_per_share": 11.94,
            "book_valuer_per_share_4q_avg": 12.03,
            "equity": 3070256,
            "current_ratio": 111.55,
            "debt_ratio": 35.22,
            "inventory_turnover_ratio": 0.34,
            "account_receivable_turnover_ratio": 7.37,
            "reinvestment_rate": -33.9,
            "research_to_sale_ratio": null,
            "price_fair": 24.5,
            "eps_avg_yearly": 0.7,
            "eps_latest_yearly": 0.6,
            "eps_growth_yearly": 131.39
        },
        "20163": {
            "year_quarter": 20163,
            "year": 2016,
            "quarter": 3,
            "eps": 0.27,
            "eps_growth_year": 22.73,
            "eps_4q": 0.51,
            "eps_4q_growth_year": -3.31,
            "roe": 2.47,
            "roe_4q": 4.640000000000001,
            "gross_profit": 356470,
            "gross_margin": 73.9,
            "gross_margin_4q_avg": 73.85,
            "net_income": 74819,
            "revenue": 482354,
            "common_shares": 2039170,
            "book_valuer_per_share": 12.2,
            "book_valuer_per_share_4q_avg": 12.06,
            "equity": 2993259,
            "current_ratio": 207.21,
            "debt_ratio": 34.03,
            "inventory_turnover_ratio": 0.4,
            "account_receivable_turnover_ratio": 8.49,
            "reinvestment_rate": -66.88,
            "research_to_sale_ratio": null,
            "price_fair": 25.98,
            "eps_avg_yearly": 0.74,
            "eps_latest_yearly": 1.08,
            "eps_growth_yearly": 152.35
        },
        "20164": {
            "year_quarter": 20164,
            "year": 2016,
            "quarter": 4,
            "eps": -0.14,
            "eps_growth_year": null,
            "eps_4q": 0.4,
            "eps_4q_growth_year": 6.83,
            "roe": -0.92,
            "roe_4q": 3.9400000000000004,
            "gross_profit": 238778,
            "gross_margin": 64.22,
            "gross_margin_4q_avg": 71.83,
            "net_income": -27355,
            "revenue": 371831,
            "common_shares": 2039170,
            "book_valuer_per_share": 12.05,
            "book_valuer_per_share_4q_avg": 12.08,
            "equity": 2964411,
            "current_ratio": 214.7,
            "debt_ratio": 33.73,
            "inventory_turnover_ratio": 0.4,
            "account_receivable_turnover_ratio": 7.23,
            "reinvestment_rate": -478.37,
            "research_to_sale_ratio": null,
            "price_fair": 25.98,
            "eps_avg_yearly": 0.74,
            "eps_latest_yearly": 1.08,
            "eps_growth_yearly": 152.35
        },
        "20171": {
            "year_quarter": 20171,
            "year": 2017,
            "quarter": 1,
            "eps": 0.14,
            "eps_growth_year": 16.67,
            "eps_4q": 0.42,
            "eps_4q_growth_year": 13.29,
            "roe": 1.12,
            "roe_4q": 4.010000000000001,
            "gross_profit": 275349,
            "gross_margin": 70.58,
            "gross_margin_4q_avg": 70.85,
            "net_income": 33387,
            "revenue": 390131,
            "common_shares": 2039170,
            "book_valuer_per_share": 12.17,
            "book_valuer_per_share_4q_avg": 12.09,
            "equity": 2991740,
            "current_ratio": 228.6,
            "debt_ratio": 29.64,
            "inventory_turnover_ratio": 0.35,
            "account_receivable_turnover_ratio": 6.37,
            "reinvestment_rate": -35.76,
            "research_to_sale_ratio": null,
            "price_fair": 25.98,
            "eps_avg_yearly": 0.74,
            "eps_latest_yearly": 1.08,
            "eps_growth_yearly": 152.35
        },
        "20172": {
            "year_quarter": 20172,
            "year": 2017,
            "quarter": 2,
            "eps": 0.04,
            "eps_growth_year": -73.33,
            "eps_4q": 0.31,
            "eps_4q_growth_year": -31.88,
            "roe": 0.48,
            "roe_4q": 3.1500000000000004,
            "gross_profit": 263179,
            "gross_margin": 63.65,
            "gross_margin_4q_avg": 68.09,
            "net_income": 14178,
            "revenue": 413465,
            "common_shares": 2039170,
            "book_valuer_per_share": 11.93,
            "book_valuer_per_share_4q_avg": 12.09,
            "equity": 2894613,
            "current_ratio": 190.52,
            "debt_ratio": 31.81,
            "inventory_turnover_ratio": 0.52,
            "account_receivable_turnover_ratio": 5.9,
            "reinvestment_rate": -48.21,
            "research_to_sale_ratio": null,
            "price_fair": 23.94,
            "eps_avg_yearly": 0.68,
            "eps_latest_yearly": 0.16,
            "eps_growth_yearly": 108.54
        },
        "20173": {
            "year_quarter": 20173,
            "year": 2017,
            "quarter": 3,
            "eps": 0.29,
            "eps_growth_year": 7.41,
            "eps_4q": 0.33,
            "eps_4q_growth_year": -34.98,
            "roe": 2.56,
            "roe_4q": 3.24,
            "gross_profit": 319922,
            "gross_margin": 69.94,
            "gross_margin_4q_avg": 67.1,
            "net_income": 75009,
            "revenue": 457410,
            "common_shares": 2039170,
            "book_valuer_per_share": 12.23,
            "book_valuer_per_share_4q_avg": 12.1,
            "equity": 2971513,
            "current_ratio": 216.57,
            "debt_ratio": 29.52,
            "inventory_turnover_ratio": 0.58,
            "account_receivable_turnover_ratio": 6.72,
            "reinvestment_rate": -45.43,
            "research_to_sale_ratio": null,
            "price_fair": 22.68,
            "eps_avg_yearly": 0.65,
            "eps_latest_yearly": 1.16,
            "eps_growth_yearly": 281.62
        },
        "20174": {
            "year_quarter": 20174,
            "year": 2017,
            "quarter": 4,
            "eps": -0.05,
            "eps_growth_year": null,
            "eps_4q": 0.42,
            "eps_4q_growth_year": 5.2,
            "roe": -0.31,
            "roe_4q": 3.85,
            "gross_profit": 215034,
            "gross_margin": 57.66,
            "gross_margin_4q_avg": 65.46,
            "net_income": -9060,
            "revenue": 372962,
            "common_shares": 2039170,
            "book_valuer_per_share": 12.19,
            "book_valuer_per_share_4q_avg": 12.13,
            "equity": 2965730,
            "current_ratio": 217.24,
            "debt_ratio": 29.05,
            "inventory_turnover_ratio": 0.88,
            "account_receivable_turnover_ratio": 6.08,
            "reinvestment_rate": -36.25,
            "research_to_sale_ratio": null,
            "price_fair": 24.11,
            "eps_avg_yearly": 0.69,
            "eps_latest_yearly": 1.16,
            "eps_growth_yearly": 349.17
        },
        "20181": {
            "year_quarter": 20181,
            "year": 2018,
            "quarter": 1,
            "eps": 0.05,
            "eps_growth_year": -64.29,
            "eps_4q": 0.33,
            "eps_4q_growth_year": -21.07,
            "roe": 0.22,
            "roe_4q": 2.95,
            "gross_profit": 234421,
            "gross_margin": 69.86,
            "gross_margin_4q_avg": 65.28,
            "net_income": 6476,
            "revenue": 335554,
            "common_shares": 2039170,
            "book_valuer_per_share": 12.25,
            "book_valuer_per_share_4q_avg": 12.15,
            "equity": 2974878,
            "current_ratio": 207.09,
            "debt_ratio": 24.35,
            "inventory_turnover_ratio": 0.76,
            "account_receivable_turnover_ratio": 5.81,
            "reinvestment_rate": -34.68,
            "research_to_sale_ratio": null,
            "price_fair": 24.11,
            "eps_avg_yearly": 0.69,
            "eps_latest_yearly": 1.16,
            "eps_growth_yearly": 349.17
        },
        "20182": {
            "year_quarter": 20182,
            "year": 2018,
            "quarter": 2,
            "eps": 0.09,
            "eps_growth_year": 125,
            "eps_4q": 0.38,
            "eps_4q_growth_year": 21.68,
            "roe": 0.63,
            "roe_4q": 3.1,
            "gross_profit": 246667,
            "gross_margin": 65.66,
            "gross_margin_4q_avg": 65.78,
            "net_income": 18566,
            "revenue": 375648,
            "common_shares": 2039170,
            "book_valuer_per_share": 11.99,
            "book_valuer_per_share_4q_avg": 12.17,
            "equity": 2895054,
            "current_ratio": 187.12,
            "debt_ratio": 26.57,
            "inventory_turnover_ratio": 1.27,
            "account_receivable_turnover_ratio": 6.45,
            "reinvestment_rate": -36.3,
            "research_to_sale_ratio": null,
            "price_fair": 22.96,
            "eps_avg_yearly": 0.66,
            "eps_latest_yearly": 0.36,
            "eps_growth_yearly": 346.25
        },
        "20183": {
            "year_quarter": 20183,
            "year": 2018,
            "quarter": 3,
            "eps": 0.15,
            "eps_growth_year": -48.28,
            "eps_4q": 0.24,
            "eps_4q_growth_year": -28.06,
            "roe": 1.33,
            "roe_4q": 1.87,
            "gross_profit": 285723,
            "gross_margin": 71.5,
            "gross_margin_4q_avg": 66.17,
            "net_income": 38645,
            "revenue": 399631,
            "common_shares": 2039170,
            "book_valuer_per_share": 12.13,
            "book_valuer_per_share_4q_avg": 12.14,
            "equity": 2932007,
            "current_ratio": 203.97,
            "debt_ratio": 25.62,
            "inventory_turnover_ratio": 1.58,
            "account_receivable_turnover_ratio": 6.25,
            "reinvestment_rate": -38.99,
            "research_to_sale_ratio": null,
            "price_fair": 21.28,
            "eps_avg_yearly": 0.61,
            "eps_latest_yearly": 0.6,
            "eps_growth_yearly": 372.92
        },
        "20184": {
            "year_quarter": 20184,
            "year": 2018,
            "quarter": 4,
            "eps": 0.15,
            "eps_growth_year": null,
            "eps_4q": 0.44,
            "eps_4q_growth_year": 4.78,
            "roe": 0.92,
            "roe_4q": 3.1,
            "gross_profit": 203552,
            "gross_margin": 65.66,
            "gross_margin_4q_avg": 68.17,
            "net_income": 27102,
            "revenue": 310029,
            "common_shares": 2039170,
            "book_valuer_per_share": 12.27,
            "book_valuer_per_share_4q_avg": 12.16,
            "equity": 2958111,
            "current_ratio": 216.26,
            "debt_ratio": 24.29,
            "inventory_turnover_ratio": 1.99,
            "account_receivable_turnover_ratio": 4.94,
            "reinvestment_rate": -42.09,
            "research_to_sale_ratio": null,
            "price_fair": 21.84,
            "eps_avg_yearly": 0.62,
            "eps_latest_yearly": 0.6,
            "eps_growth_yearly": 396.62
        },
        "20191": {
            "year_quarter": 20191,
            "year": 2019,
            "quarter": 1,
            "eps": 0.03,
            "eps_growth_year": -40,
            "eps_4q": 0.42,
            "eps_4q_growth_year": 26.69,
            "roe": 0.19,
            "roe_4q": 3.0700000000000003,
            "gross_profit": 240023,
            "gross_margin": 74.45,
            "gross_margin_4q_avg": 69.32,
            "net_income": 5760,
            "revenue": 322381,
            "common_shares": 2039170,
            "book_valuer_per_share": 12.32,
            "book_valuer_per_share_4q_avg": 12.18,
            "equity": 2967755,
            "current_ratio": 210.23,
            "debt_ratio": 24.58,
            "inventory_turnover_ratio": 1.94,
            "account_receivable_turnover_ratio": 5.96,
            "reinvestment_rate": -46.97,
            "research_to_sale_ratio": null,
            "price_fair": 20.44,
            "eps_avg_yearly": 0.58,
            "eps_latest_yearly": 0.12,
            "eps_growth_yearly": 357.35
        },
        "20192": {
            "year_quarter": 20192,
            "year": 2019,
            "quarter": 2,
            "eps": 0.11,
            "eps_growth_year": 22.22,
            "eps_4q": 0.44,
            "eps_4q_growth_year": 16.25,
            "roe": 0.95,
            "roe_4q": 3.39,
            "gross_profit": 222977,
            "gross_margin": 70.52,
            "gross_margin_4q_avg": 70.53,
            "net_income": 27302,
            "revenue": 316176,
            "common_shares": 2039170,
            "book_valuer_per_share": 11.48,
            "book_valuer_per_share_4q_avg": 12.05,
            "equity": 2797039,
            "current_ratio": 182.42,
            "debt_ratio": 26.06,
            "inventory_turnover_ratio": 2.45,
            "account_receivable_turnover_ratio": 5.33,
            "reinvestment_rate": -43.99,
            "research_to_sale_ratio": null,
            "price_fair": 21,
            "eps_avg_yearly": 0.6,
            "eps_latest_yearly": 0.44,
            "eps_growth_yearly": 482.48
        },
        "20193": {
            "year_quarter": 20193,
            "year": 2019,
            "quarter": 3,
            "eps": 0.24,
            "eps_growth_year": 60,
            "eps_4q": 0.55,
            "eps_4q_growth_year": 132.88,
            "roe": 1.97,
            "roe_4q": 4.03,
            "gross_profit": 293890,
            "gross_margin": 76.17,
            "gross_margin_4q_avg": 71.7,
            "net_income": 55557,
            "revenue": 385849,
            "common_shares": 1898170,
            "book_valuer_per_share": 12.49,
            "book_valuer_per_share_4q_avg": 12.14,
            "equity": 2838446,
            "current_ratio": 206.9,
            "debt_ratio": 22.69,
            "inventory_turnover_ratio": 2.8,
            "account_receivable_turnover_ratio": 7.19,
            "reinvestment_rate": -45.11,
            "research_to_sale_ratio": null,
            "price_fair": 21.28,
            "eps_avg_yearly": 0.61,
            "eps_latest_yearly": 0.96,
            "eps_growth_yearly": 444.03
        },
        "20194": {
            "year_quarter": 20194,
            "year": 2019,
            "quarter": 4,
            "eps": -0.03,
            "eps_growth_year": -121.38,
            "eps_4q": 0.36,
            "eps_4q_growth_year": -19.41,
            "roe": -0.49,
            "roe_4q": 2.6199999999999997,
            "gross_profit": 228689,
            "gross_margin": 74.71,
            "gross_margin_4q_avg": 73.96,
            "net_income": -13954,
            "revenue": 306090,
            "common_shares": 1898170,
            "book_valuer_per_share": 12.45,
            "book_valuer_per_share_4q_avg": 12.19,
            "equity": 2825329,
            "current_ratio": 197.61,
            "debt_ratio": 24.2,
            "inventory_turnover_ratio": 0.64,
            "account_receivable_turnover_ratio": 7.37,
            "reinvestment_rate": -40.51,
            "research_to_sale_ratio": null,
            "price_fair": 21.28,
            "eps_avg_yearly": 0.61,
            "eps_latest_yearly": 0.96,
            "eps_growth_yearly": 444.03
        },
        "20201": {
            "year_quarter": 20201,
            "year": 2020,
            "quarter": 1,
            "eps": -0.15,
            "eps_growth_year": -600,
            "eps_4q": 0.18,
            "eps_4q_growth_year": -58.03,
            "roe": -1.3,
            "roe_4q": 1.13,
            "gross_profit": 166734,
            "gross_margin": 65.66,
            "gross_margin_4q_avg": 71.77,
            "net_income": -36338,
            "revenue": 253916,
            "common_shares": 1898170,
            "book_valuer_per_share": 12.29,
            "book_valuer_per_share_4q_avg": 12.18,
            "equity": 2786439,
            "current_ratio": 187.33,
            "debt_ratio": 25.22,
            "inventory_turnover_ratio": 0.36,
            "account_receivable_turnover_ratio": 6.56,
            "reinvestment_rate": -43.43,
            "research_to_sale_ratio": null,
            "price_fair": 21.28,
            "eps_avg_yearly": 0.61,
            "eps_latest_yearly": 0.96,
            "eps_growth_yearly": 444.03
        },
        "20202": {
            "year_quarter": 20202,
            "year": 2020,
            "quarter": 2,
            "eps": -0.02,
            "eps_growth_year": -118.18,
            "eps_4q": 0.04,
            "eps_4q_growth_year": -91.35,
            "roe": -0.26,
            "roe_4q": -0.07999999999999985,
            "gross_profit": 150745,
            "gross_margin": 67.34,
            "gross_margin_4q_avg": 70.97,
            "net_income": -7285,
            "revenue": 223862,
            "common_shares": 1898170,
            "book_valuer_per_share": 12.07,
            "book_valuer_per_share_4q_avg": 12.33,
            "equity": 2733175,
            "current_ratio": 166.67,
            "debt_ratio": 28.76,
            "inventory_turnover_ratio": 0.27,
            "account_receivable_turnover_ratio": 5.11,
            "reinvestment_rate": -49.94,
            "research_to_sale_ratio": null,
            "price_fair": 21.31,
            "eps_avg_yearly": 0.61,
            "eps_latest_yearly": 0.96,
            "eps_growth_yearly": 482.26
        },
        "20203": {
            "year_quarter": 20203,
            "year": 2020,
            "quarter": 3,
            "eps": 0.35,
            "eps_growth_year": 45.83,
            "eps_4q": 0.15,
            "eps_4q_growth_year": -72.84,
            "roe": 3.24,
            "roe_4q": 1.1900000000000004,
            "gross_profit": 329616,
            "gross_margin": 78.59,
            "gross_margin_4q_avg": 71.58,
            "net_income": 87115,
            "revenue": 419405,
            "common_shares": 1898170,
            "book_valuer_per_share": 12.5,
            "book_valuer_per_share_4q_avg": 12.33,
            "equity": 2642155,
            "current_ratio": 146.01,
            "debt_ratio": 32.64,
            "inventory_turnover_ratio": 0.33,
            "account_receivable_turnover_ratio": 7.2,
            "reinvestment_rate": -19.33,
            "research_to_sale_ratio": null,
            "price_fair": 19.25,
            "eps_avg_yearly": 0.55,
            "eps_latest_yearly": 0.96,
            "eps_growth_yearly": 502.54
        },
        "20204": {
            "year_quarter": 20204,
            "year": 2020,
            "quarter": 4,
            "eps": 0.08,
            "eps_growth_year": null,
            "eps_4q": 0.26,
            "eps_4q_growth_year": -26.92,
            "roe": 0.55,
            "roe_4q": 2.2300000000000004,
            "gross_profit": 190082,
            "gross_margin": 72.41,
            "gross_margin_4q_avg": 71,
            "net_income": 14473,
            "revenue": 262496,
            "common_shares": 1898170,
            "book_valuer_per_share": 12.6,
            "book_valuer_per_share_4q_avg": 12.37,
            "equity": 2660338,
            "current_ratio": 122.24,
            "debt_ratio": 38.59,
            "inventory_turnover_ratio": 0.19,
            "account_receivable_turnover_ratio": 3.99,
            "reinvestment_rate": 54.55,
            "research_to_sale_ratio": null,
            "price_fair": 18.36,
            "eps_avg_yearly": 0.52,
            "eps_latest_yearly": 0.32,
            "eps_growth_yearly": 412.42
        },
        "20211": {
            "year_quarter": 20211,
            "year": 2021,
            "quarter": 1,
            "eps": -0.12,
            "eps_growth_year": null,
            "eps_4q": 0.29,
            "eps_4q_growth_year": 64.38,
            "roe": -0.96,
            "roe_4q": 2.5700000000000003,
            "gross_profit": 182500,
            "gross_margin": 72.07,
            "gross_margin_4q_avg": 72.6,
            "net_income": -25336,
            "revenue": 253221,
            "common_shares": 1898170,
            "book_valuer_per_share": 12.48,
            "book_valuer_per_share_4q_avg": 12.41,
            "equity": 2635105,
            "current_ratio": 136.61,
            "debt_ratio": 38.59,
            "inventory_turnover_ratio": 0.14,
            "account_receivable_turnover_ratio": 4.89,
            "reinvestment_rate": 41.85,
            "research_to_sale_ratio": null,
            "price_fair": 18.36,
            "eps_avg_yearly": 0.52,
            "eps_latest_yearly": 0.32,
            "eps_growth_yearly": 412.42
        },
        "20212": {
            "year_quarter": 20212,
            "year": 2021,
            "quarter": 2,
            "eps": -0.34,
            "eps_growth_year": null,
            "eps_4q": -0.04,
            "eps_4q_growth_year": -197.43,
            "roe": -2.77,
            "roe_4q": 0.0600000000000005,
            "gross_profit": 84906,
            "gross_margin": 55.82,
            "gross_margin_4q_avg": 69.72,
            "net_income": -72100,
            "revenue": 152099,
            "common_shares": 1898170,
            "book_valuer_per_share": 12.2,
            "book_valuer_per_share_4q_avg": 12.45,
            "equity": 2575233,
            "current_ratio": 191.25,
            "debt_ratio": 47.21,
            "inventory_turnover_ratio": 0.14,
            "account_receivable_turnover_ratio": 5.06,
            "reinvestment_rate": 51.25,
            "research_to_sale_ratio": null,
            "price_fair": 19.95,
            "eps_avg_yearly": 0.57,
            "eps_latest_yearly": 0.32,
            "eps_growth_yearly": 499.69
        },
        "20213": {
            "year_quarter": 20213,
            "year": 2021,
            "quarter": 3,
            "eps": -0.21,
            "eps_growth_year": -160,
            "eps_4q": -0.6,
            "eps_4q_growth_year": -502.86,
            "roe": -1.82,
            "roe_4q": -5,
            "gross_profit": 87181,
            "gross_margin": 56.75,
            "gross_margin_4q_avg": 64.26,
            "net_income": -45988,
            "revenue": 153618,
            "common_shares": 1898170,
            "book_valuer_per_share": 11.79,
            "book_valuer_per_share_4q_avg": 12.27,
            "equity": 2484393,
            "current_ratio": 163.81,
            "debt_ratio": 50.27,
            "inventory_turnover_ratio": 0.13,
            "account_receivable_turnover_ratio": 6.41,
            "reinvestment_rate": 181.48,
            "research_to_sale_ratio": null,
            "price_fair": 17,
            "eps_avg_yearly": 0.49,
            "eps_latest_yearly": 0.32,
            "eps_growth_yearly": 213.93
        },
        "20214": {
            "year_quarter": 20214,
            "year": 2021,
            "quarter": 4,
            "eps": -0.08,
            "eps_growth_year": -209.55,
            "eps_4q": -0.77,
            "eps_4q_growth_year": -394.8,
            "roe": -0.56,
            "roe_4q": -6.11,
            "gross_profit": 181731,
            "gross_margin": 72.35,
            "gross_margin_4q_avg": 64.25,
            "net_income": -13918,
            "revenue": 251169,
            "common_shares": 1898170,
            "book_valuer_per_share": 11.71,
            "book_valuer_per_share_4q_avg": 12.05,
            "equity": 2493587,
            "current_ratio": 142.49,
            "debt_ratio": 63.47,
            "inventory_turnover_ratio": 0.13,
            "account_receivable_turnover_ratio": 7.97,
            "reinvestment_rate": 330.26,
            "research_to_sale_ratio": null,
            "price_fair": 17,
            "eps_avg_yearly": 0.49,
            "eps_latest_yearly": 0.32,
            "eps_growth_yearly": 213.93
        },
        "20221": {
            "year_quarter": 20221,
            "year": 2022,
            "quarter": 1,
            "eps": -0.28,
            "eps_growth_year": null,
            "eps_4q": -0.92,
            "eps_4q_growth_year": -418.3,
            "roe": -2.22,
            "roe_4q": -7.370000000000001,
            "gross_profit": 180599,
            "gross_margin": 69.74,
            "gross_margin_4q_avg": 63.67,
            "net_income": -54749,
            "revenue": 258949,
            "common_shares": 1898247,
            "book_valuer_per_share": 11.44,
            "book_valuer_per_share_4q_avg": 11.79,
            "equity": 2440078,
            "current_ratio": 117.39,
            "debt_ratio": 64.25,
            "inventory_turnover_ratio": 0.15,
            "account_receivable_turnover_ratio": 8.9,
            "reinvestment_rate": null,
            "research_to_sale_ratio": null,
            "price_fair": 17,
            "eps_avg_yearly": 0.49,
            "eps_latest_yearly": 0.32,
            "eps_growth_yearly": 213.93
        },
        "20222": {
            "year_quarter": 20222,
            "year": 2022,
            "quarter": 2,
            "eps": -0.44,
            "eps_growth_year": null,
            "eps_4q": -1.01,
            "eps_4q_growth_year": null,
            "roe": -3.68,
            "roe_4q": -8.280000000000001,
            "gross_profit": 91290,
            "gross_margin": 56.01,
            "gross_margin_4q_avg": 63.71,
            "net_income": -88152,
            "revenue": 162989,
            "common_shares": 1898247,
            "book_valuer_per_share": 10.99,
            "book_valuer_per_share_4q_avg": 11.48,
            "equity": 2348802,
            "current_ratio": 154.22,
            "debt_ratio": 66.66,
            "inventory_turnover_ratio": 0.14,
            "account_receivable_turnover_ratio": 7.55,
            "reinvestment_rate": null,
            "research_to_sale_ratio": null,
            "price_fair": 17.73,
            "eps_avg_yearly": 0.51,
            "eps_latest_yearly": 0.32,
            "eps_growth_yearly": 196.25
        },
        "20223": {
            "year_quarter": 20223,
            "year": 2022,
            "quarter": 3,
            "eps": -0.03,
            "eps_growth_year": null,
            "eps_4q": -0.64,
            "eps_4q_growth_year": null,
            "roe": -0.07,
            "roe_4q": -6.530000000000001,
            "gross_profit": 225866,
            "gross_margin": 73.65,
            "gross_margin_4q_avg": 67.94,
            "net_income": -1765,
            "revenue": 306694,
            "common_shares": 2498247,
            "book_valuer_per_share": 10.91,
            "book_valuer_per_share_4q_avg": 11.26,
            "equity": 3010277,
            "current_ratio": 245.29,
            "debt_ratio": 65.39,
            "inventory_turnover_ratio": 0.15,
            "account_receivable_turnover_ratio": 13.75,
            "reinvestment_rate": null,
            "research_to_sale_ratio": null,
            "price_fair": 17.08,
            "eps_avg_yearly": 0.49,
            "eps_latest_yearly": 0.32,
            "eps_growth_yearly": 182.16
        },
        "20224": {
            "year_quarter": 20224,
            "year": 2022,
            "quarter": 4,
            "eps": -0.12,
            "eps_growth_year": null,
            "eps_4q": -0.69,
            "eps_4q_growth_year": null,
            "roe": -0.86,
            "roe_4q": -6.83,
            "gross_profit": 174716,
            "gross_margin": 73.57,
            "gross_margin_4q_avg": 68.24,
            "net_income": -27722,
            "revenue": 237479,
            "common_shares": 2498247,
            "book_valuer_per_share": 10.78,
            "book_valuer_per_share_4q_avg": 11.03,
            "equity": 3406791,
            "current_ratio": 208.67,
            "debt_ratio": 62.67,
            "inventory_turnover_ratio": 0.11,
            "account_receivable_turnover_ratio": 11.24,
            "reinvestment_rate": null,
            "research_to_sale_ratio": null,
            "price_fair": 16.1,
            "eps_avg_yearly": 0.46,
            "eps_latest_yearly": 0.32,
            "eps_growth_yearly": 227.71
        },
        "20231": {
            "year_quarter": 20231,
            "year": 2023,
            "quarter": 1,
            "eps": -0.08,
            "eps_growth_year": null,
            "eps_4q": -0.57,
            "eps_4q_growth_year": null,
            "roe": -0.51,
            "roe_4q": -5.12,
            "gross_profit": 193552,
            "gross_margin": 74.6,
            "gross_margin_4q_avg": 69.46,
            "net_income": -17210,
            "revenue": 259456,
            "common_shares": 2498247,
            "book_valuer_per_share": 10.69,
            "book_valuer_per_share_4q_avg": 10.84,
            "equity": 3389089,
            "current_ratio": 166.89,
            "debt_ratio": 64.11,
            "inventory_turnover_ratio": 0.11,
            "account_receivable_turnover_ratio": 12.96,
            "reinvestment_rate": null,
            "research_to_sale_ratio": null,
            "price_fair": 20.07,
            "eps_avg_yearly": 0.57,
            "eps_latest_yearly": 0.32,
            "eps_growth_yearly": 410.27
        }
    },
    "months": {
        "2003-06": {
            "month": "2003-06",
            "price": "17.05",
            "revenue": 48267
        },
        "2003-07": {
            "month": "2003-07",
            "price": "17.93",
            "revenue": 96127
        },
        "2003-08": {
            "month": "2003-08",
            "price": "17.52",
            "revenue": 110858
        },
        "2003-09": {
            "month": "2003-09",
            "price": "17.05",
            "revenue": 82744
        },
        "2003-10": {
            "month": "2003-10",
            "price": "16.18",
            "revenue": 84277
        },
        "2003-11": {
            "month": "2003-11",
            "price": "14.86",
            "revenue": 68558
        },
        "2003-12": {
            "month": "2003-12",
            "price": "14.44",
            "revenue": 60048
        },
        "2004-01": {
            "month": "2004-01",
            "price": "15.14",
            "revenue": 117281
        },
        "2004-02": {
            "month": "2004-02",
            "price": "16.62",
            "revenue": 89505
        },
        "2004-03": {
            "month": "2004-03",
            "price": "16.94",
            "revenue": 79893
        },
        "2004-04": {
            "month": "2004-04",
            "price": "17.61",
            "revenue": 83915
        },
        "2004-05": {
            "month": "2004-05",
            "price": "18.18",
            "revenue": 91625
        },
        "2004-06": {
            "month": "2004-06",
            "price": "18.02",
            "revenue": 93469
        },
        "2004-07": {
            "month": "2004-07",
            "price": "17.45",
            "revenue": 117022
        },
        "2004-08": {
            "month": "2004-08",
            "price": "17.18",
            "revenue": 128433
        },
        "2004-09": {
            "month": "2004-09",
            "price": "18.21",
            "revenue": 96176
        },
        "2004-10": {
            "month": "2004-10",
            "price": "20.62",
            "revenue": 93621
        },
        "2004-11": {
            "month": "2004-11",
            "price": "18.78",
            "revenue": 91066
        },
        "2004-12": {
            "month": "2004-12",
            "price": "17.13",
            "revenue": 87046
        },
        "2005-01": {
            "month": "2005-01",
            "price": "18.75",
            "revenue": 83600
        },
        "2005-02": {
            "month": "2005-02",
            "price": "17.82",
            "revenue": 127639
        },
        "2005-03": {
            "month": "2005-03",
            "price": "18.18",
            "revenue": 87582
        },
        "2005-04": {
            "month": "2005-04",
            "price": "16.80",
            "revenue": 107375
        },
        "2005-05": {
            "month": "2005-05",
            "price": "18.08",
            "revenue": 105860
        },
        "2005-06": {
            "month": "2005-06",
            "price": "20.93",
            "revenue": 121395
        },
        "2005-07": {
            "month": "2005-07",
            "price": "19.44",
            "revenue": 177603
        },
        "2005-08": {
            "month": "2005-08",
            "price": "19.01",
            "revenue": 161426
        },
        "2005-09": {
            "month": "2005-09",
            "price": "17.71",
            "revenue": 133139
        },
        "2005-10": {
            "month": "2005-10",
            "price": "17.14",
            "revenue": 145948
        },
        "2005-11": {
            "month": "2005-11",
            "price": "16.57",
            "revenue": 117043
        },
        "2005-12": {
            "month": "2005-12",
            "price": "17.75",
            "revenue": 120889
        },
        "2006-01": {
            "month": "2006-01",
            "price": "16.90",
            "revenue": 147999
        },
        "2006-02": {
            "month": "2006-02",
            "price": "16.66",
            "revenue": 143808
        },
        "2006-03": {
            "month": "2006-03",
            "price": "16.14",
            "revenue": 102378
        },
        "2006-04": {
            "month": "2006-04",
            "price": "18.72",
            "revenue": 121030
        },
        "2006-05": {
            "month": "2006-05",
            "price": "22.82",
            "revenue": 110215
        },
        "2006-06": {
            "month": "2006-06",
            "price": "21.63",
            "revenue": 116374
        },
        "2006-07": {
            "month": "2006-07",
            "price": "21.55",
            "revenue": 162946
        },
        "2006-08": {
            "month": "2006-08",
            "price": "21.78",
            "revenue": 154064
        },
        "2006-09": {
            "month": "2006-09",
            "price": "21.38",
            "revenue": 120222
        },
        "2006-10": {
            "month": "2006-10",
            "price": "21.79",
            "revenue": 137766
        },
        "2006-11": {
            "month": "2006-11",
            "price": "21.03",
            "revenue": 103035
        },
        "2006-12": {
            "month": "2006-12",
            "price": "22.06",
            "revenue": 123185
        },
        "2007-01": {
            "month": "2007-01",
            "price": "20.39",
            "revenue": 97611
        },
        "2007-02": {
            "month": "2007-02",
            "price": "21.38",
            "revenue": 176861
        },
        "2007-03": {
            "month": "2007-03",
            "price": "20.08",
            "revenue": 98681
        },
        "2007-04": {
            "month": "2007-04",
            "price": "20.37",
            "revenue": 123424
        },
        "2007-05": {
            "month": "2007-05",
            "price": "20.35",
            "revenue": 105054
        },
        "2007-06": {
            "month": "2007-06",
            "price": "22.87",
            "revenue": 114718
        },
        "2007-07": {
            "month": "2007-07",
            "price": "25.50",
            "revenue": 148508
        },
        "2007-08": {
            "month": "2007-08",
            "price": "22.66",
            "revenue": 120788
        },
        "2007-09": {
            "month": "2007-09",
            "price": "25.23",
            "revenue": 128309
        },
        "2007-10": {
            "month": "2007-10",
            "price": "28.43",
            "revenue": 99547
        },
        "2007-11": {
            "month": "2007-11",
            "price": "27.60",
            "revenue": 98945
        },
        "2007-12": {
            "month": "2007-12",
            "price": "23.35",
            "revenue": 107107
        },
        "2008-01": {
            "month": "2008-01",
            "price": "21.14",
            "revenue": 96091
        },
        "2008-02": {
            "month": "2008-02",
            "price": "21.02",
            "revenue": 155583
        },
        "2008-03": {
            "month": "2008-03",
            "price": "22.66",
            "revenue": 99105
        },
        "2008-04": {
            "month": "2008-04",
            "price": "22.36",
            "revenue": 103085
        },
        "2008-05": {
            "month": "2008-05",
            "price": "20.79",
            "revenue": 101393
        },
        "2008-06": {
            "month": "2008-06",
            "price": "17.20",
            "revenue": 89323
        },
        "2008-07": {
            "month": "2008-07",
            "price": "12.50",
            "revenue": 115505
        },
        "2008-08": {
            "month": "2008-08",
            "price": "11.66",
            "revenue": 118371
        },
        "2008-09": {
            "month": "2008-09",
            "price": "7.80",
            "revenue": 50793
        },
        "2008-10": {
            "month": "2008-10",
            "price": "5.65",
            "revenue": 61835
        },
        "2008-11": {
            "month": "2008-11",
            "price": "6.46",
            "revenue": 50885
        },
        "2008-12": {
            "month": "2008-12",
            "price": "6.71",
            "revenue": 51386
        },
        "2009-01": {
            "month": "2009-01",
            "price": "6.15",
            "revenue": 90277
        },
        "2009-02": {
            "month": "2009-02",
            "price": "5.88",
            "revenue": 45681
        },
        "2009-03": {
            "month": "2009-03",
            "price": "7.03",
            "revenue": 46453
        },
        "2009-04": {
            "month": "2009-04",
            "price": "9.48",
            "revenue": 50975
        },
        "2009-05": {
            "month": "2009-05",
            "price": "9.34",
            "revenue": 179206
        },
        "2009-06": {
            "month": "2009-06",
            "price": "11.73",
            "revenue": 135205
        },
        "2009-07": {
            "month": "2009-07",
            "price": "12.48",
            "revenue": 228801
        },
        "2009-08": {
            "month": "2009-08",
            "price": "11.46",
            "revenue": 170344
        },
        "2009-09": {
            "month": "2009-09",
            "price": "12.51",
            "revenue": 153614
        },
        "2009-10": {
            "month": "2009-10",
            "price": "13.57",
            "revenue": 149909
        },
        "2009-11": {
            "month": "2009-11",
            "price": "14.25",
            "revenue": 129699
        },
        "2009-12": {
            "month": "2009-12",
            "price": "15.39",
            "revenue": 135302
        },
        "2010-01": {
            "month": "2010-01",
            "price": "17.81",
            "revenue": 117745
        },
        "2010-02": {
            "month": "2010-02",
            "price": "19.08",
            "revenue": 216471
        },
        "2010-03": {
            "month": "2010-03",
            "price": "21.05",
            "revenue": 120286
        },
        "2010-04": {
            "month": "2010-04",
            "price": "24.42",
            "revenue": 137438
        },
        "2010-05": {
            "month": "2010-05",
            "price": "22.97",
            "revenue": 142975
        },
        "2010-06": {
            "month": "2010-06",
            "price": "25.06",
            "revenue": 135539
        },
        "2010-07": {
            "month": "2010-07",
            "price": "23.69",
            "revenue": 219131
        },
        "2010-08": {
            "month": "2010-08",
            "price": "23.40",
            "revenue": 214930
        },
        "2010-09": {
            "month": "2010-09",
            "price": "22.19",
            "revenue": 131157
        },
        "2010-10": {
            "month": "2010-10",
            "price": "21.06",
            "revenue": 142854
        },
        "2010-11": {
            "month": "2010-11",
            "price": "25.16",
            "revenue": 116660
        },
        "2010-12": {
            "month": "2010-12",
            "price": "24.63",
            "revenue": 118423
        },
        "2011-01": {
            "month": "2011-01",
            "price": "23.79",
            "revenue": 107870
        },
        "2011-02": {
            "month": "2011-02",
            "price": "23.68",
            "revenue": 193554
        },
        "2011-03": {
            "month": "2011-03",
            "price": "22.35",
            "revenue": 105544
        },
        "2011-04": {
            "month": "2011-04",
            "price": "21.17",
            "revenue": 147051
        },
        "2011-05": {
            "month": "2011-05",
            "price": "17.94",
            "revenue": 137381
        },
        "2011-06": {
            "month": "2011-06",
            "price": "16.42",
            "revenue": 147051
        },
        "2011-07": {
            "month": "2011-07",
            "price": "13.36",
            "revenue": 226708
        },
        "2011-08": {
            "month": "2011-08",
            "price": "10.31",
            "revenue": 186037
        },
        "2011-09": {
            "month": "2011-09",
            "price": "10.77",
            "revenue": 151845
        },
        "2011-10": {
            "month": "2011-10",
            "price": "10.15",
            "revenue": 167879
        },
        "2011-11": {
            "month": "2011-11",
            "price": "11.01",
            "revenue": 123171
        },
        "2011-12": {
            "month": "2011-12",
            "price": "10.56",
            "revenue": 119147
        },
        "2012-01": {
            "month": "2012-01",
            "price": "10.13",
            "revenue": 203257
        },
        "2012-02": {
            "month": "2012-02",
            "price": "11.61",
            "revenue": 142797
        },
        "2012-03": {
            "month": "2012-03",
            "price": "11.85",
            "revenue": 123911
        },
        "2012-04": {
            "month": "2012-04",
            "price": "11.18",
            "revenue": 144845
        },
        "2012-05": {
            "month": "2012-05",
            "price": "12.46",
            "revenue": 146645
        },
        "2012-06": {
            "month": "2012-06",
            "price": "12.33",
            "revenue": 145382
        },
        "2012-07": {
            "month": "2012-07",
            "price": "11.97",
            "revenue": 235861
        },
        "2012-08": {
            "month": "2012-08",
            "price": "11.95",
            "revenue": 201994
        },
        "2012-09": {
            "month": "2012-09",
            "price": "12.00",
            "revenue": 150412
        },
        "2012-10": {
            "month": "2012-10",
            "price": "11.48",
            "revenue": 149222
        },
        "2012-11": {
            "month": "2012-11",
            "price": "10.17",
            "revenue": 134006
        },
        "2012-12": {
            "month": "2012-12",
            "price": "10.98",
            "revenue": 148543
        },
        "2013-01": {
            "month": "2013-01",
            "price": "11.69",
            "revenue": 67514
        },
        "2013-02": {
            "month": "2013-02",
            "price": "11.63",
            "revenue": 140171
        },
        "2013-03": {
            "month": "2013-03",
            "price": "11.18",
            "revenue": 91012
        },
        "2013-04": {
            "month": "2013-04",
            "price": "10.42",
            "revenue": 105944
        },
        "2013-05": {
            "month": "2013-05",
            "price": "11.12",
            "revenue": 119590
        },
        "2013-06": {
            "month": "2013-06",
            "price": "11.57",
            "revenue": 168996
        },
        "2013-07": {
            "month": "2013-07",
            "price": "11.82",
            "revenue": 188866
        },
        "2013-08": {
            "month": "2013-08",
            "price": "12.23",
            "revenue": 189119
        },
        "2013-09": {
            "month": "2013-09",
            "price": "13.50",
            "revenue": 139337
        },
        "2013-10": {
            "month": "2013-10",
            "price": "13.68",
            "revenue": 136170
        },
        "2013-11": {
            "month": "2013-11",
            "price": "13.47",
            "revenue": 118812
        },
        "2013-12": {
            "month": "2013-12",
            "price": "13.74",
            "revenue": 111012
        },
        "2014-01": {
            "month": "2014-01",
            "price": "13.96",
            "revenue": 110823
        },
        "2014-02": {
            "month": "2014-02",
            "price": "13.55",
            "revenue": 147748
        },
        "2014-03": {
            "month": "2014-03",
            "price": "13.11",
            "revenue": 112711
        },
        "2014-04": {
            "month": "2014-04",
            "price": "12.44",
            "revenue": 128299
        },
        "2014-05": {
            "month": "2014-05",
            "price": "12.28",
            "revenue": 135760
        },
        "2014-06": {
            "month": "2014-06",
            "price": "13.18",
            "revenue": 149789
        },
        "2014-07": {
            "month": "2014-07",
            "price": "14.34",
            "revenue": 196369
        },
        "2014-08": {
            "month": "2014-08",
            "price": "13.95",
            "revenue": 188885
        },
        "2014-09": {
            "month": "2014-09",
            "price": "13.24",
            "revenue": 131459
        },
        "2014-10": {
            "month": "2014-10",
            "price": "11.94",
            "revenue": 151534
        },
        "2014-11": {
            "month": "2014-11",
            "price": "11.72",
            "revenue": 110988
        },
        "2014-12": {
            "month": "2014-12",
            "price": "12.39",
            "revenue": 109217
        },
        "2015-01": {
            "month": "2015-01",
            "price": "12.81",
            "revenue": 111489
        },
        "2015-02": {
            "month": "2015-02",
            "price": "12.77",
            "revenue": 181464
        },
        "2015-03": {
            "month": "2015-03",
            "price": "12.93",
            "revenue": 102369
        },
        "2015-04": {
            "month": "2015-04",
            "price": "12.57",
            "revenue": 114908
        },
        "2015-05": {
            "month": "2015-05",
            "price": "11.97",
            "revenue": 119729
        },
        "2015-06": {
            "month": "2015-06",
            "price": "11.15",
            "revenue": 125979
        },
        "2015-07": {
            "month": "2015-07",
            "price": "11.00",
            "revenue": 176453
        },
        "2015-08": {
            "month": "2015-08",
            "price": "9.89",
            "revenue": 167784
        },
        "2015-09": {
            "month": "2015-09",
            "price": "9.97",
            "revenue": 120320
        },
        "2015-10": {
            "month": "2015-10",
            "price": "9.73",
            "revenue": 131071
        },
        "2015-11": {
            "month": "2015-11",
            "price": "9.01",
            "revenue": 108912
        },
        "2015-12": {
            "month": "2015-12",
            "price": "8.48",
            "revenue": 106149
        },
        "2016-01": {
            "month": "2016-01",
            "price": "8.02",
            "revenue": 119284
        },
        "2016-02": {
            "month": "2016-02",
            "price": "8.54",
            "revenue": 183148
        },
        "2016-03": {
            "month": "2016-03",
            "price": "8.70",
            "revenue": 96894
        },
        "2016-04": {
            "month": "2016-04",
            "price": "8.07",
            "revenue": 127776
        },
        "2016-05": {
            "month": "2016-05",
            "price": "7.37",
            "revenue": 125086
        },
        "2016-06": {
            "month": "2016-06",
            "price": "7.55",
            "revenue": 143598
        },
        "2016-07": {
            "month": "2016-07",
            "price": "7.71",
            "revenue": 185493
        },
        "2016-08": {
            "month": "2016-08",
            "price": "8.19",
            "revenue": 164885
        },
        "2016-09": {
            "month": "2016-09",
            "price": "7.77",
            "revenue": 135988
        },
        "2016-10": {
            "month": "2016-10",
            "price": "7.63",
            "revenue": 134740
        },
        "2016-11": {
            "month": "2016-11",
            "price": "7.77",
            "revenue": 112335
        },
        "2016-12": {
            "month": "2016-12",
            "price": "8.07",
            "revenue": 128471
        },
        "2017-01": {
            "month": "2017-01",
            "price": "8.27",
            "revenue": 138558
        },
        "2017-02": {
            "month": "2017-02",
            "price": "8.47",
            "revenue": 136457
        },
        "2017-03": {
            "month": "2017-03",
            "price": "8.62",
            "revenue": 117523
        },
        "2017-04": {
            "month": "2017-04",
            "price": "8.06",
            "revenue": 141808
        },
        "2017-05": {
            "month": "2017-05",
            "price": "7.98",
            "revenue": 153848
        },
        "2017-06": {
            "month": "2017-06",
            "price": "8.13",
            "revenue": 120325
        },
        "2017-07": {
            "month": "2017-07",
            "price": "8.11",
            "revenue": 175416
        },
        "2017-08": {
            "month": "2017-08",
            "price": "7.89",
            "revenue": 162901
        },
        "2017-09": {
            "month": "2017-09",
            "price": "7.70",
            "revenue": 120734
        },
        "2017-10": {
            "month": "2017-10",
            "price": "7.66",
            "revenue": 130632
        },
        "2017-11": {
            "month": "2017-11",
            "price": "7.56",
            "revenue": 117783
        },
        "2017-12": {
            "month": "2017-12",
            "price": "7.75",
            "revenue": 126160
        },
        "2018-01": {
            "month": "2018-01",
            "price": "8.07",
            "revenue": 90309
        },
        "2018-02": {
            "month": "2018-02",
            "price": "7.84",
            "revenue": 146524
        },
        "2018-03": {
            "month": "2018-03",
            "price": "7.79",
            "revenue": 96258
        },
        "2018-04": {
            "month": "2018-04",
            "price": "7.86",
            "revenue": 145826
        },
        "2018-05": {
            "month": "2018-05",
            "price": "7.79",
            "revenue": 105290
        },
        "2018-06": {
            "month": "2018-06",
            "price": "7.82",
            "revenue": 125308
        },
        "2018-07": {
            "month": "2018-07",
            "price": "7.68",
            "revenue": 151379
        },
        "2018-08": {
            "month": "2018-08",
            "price": "7.63",
            "revenue": 160666
        },
        "2018-09": {
            "month": "2018-09",
            "price": "7.20",
            "revenue": 103955
        },
        "2018-10": {
            "month": "2018-10",
            "price": "6.76",
            "revenue": 116831
        },
        "2018-11": {
            "month": "2018-11",
            "price": "6.90",
            "revenue": 93660
        },
        "2018-12": {
            "month": "2018-12",
            "price": "7.37",
            "revenue": 102251
        },
        "2019-01": {
            "month": "2019-01",
            "price": "7.27",
            "revenue": 88434
        },
        "2019-02": {
            "month": "2019-02",
            "price": "7.38",
            "revenue": 143380
        },
        "2019-03": {
            "month": "2019-03",
            "price": "7.40",
            "revenue": 95270
        },
        "2019-04": {
            "month": "2019-04",
            "price": "7.58",
            "revenue": 102841
        },
        "2019-05": {
            "month": "2019-05",
            "price": "7.92",
            "revenue": 93566
        },
        "2019-06": {
            "month": "2019-06",
            "price": "8.63",
            "revenue": 125399
        },
        "2019-07": {
            "month": "2019-07",
            "price": "8.84",
            "revenue": 152514
        },
        "2019-08": {
            "month": "2019-08",
            "price": "8.58",
            "revenue": 135011
        },
        "2019-09": {
            "month": "2019-09",
            "price": "8.31",
            "revenue": 103680
        },
        "2019-10": {
            "month": "2019-10",
            "price": "10.66",
            "revenue": 130925
        },
        "2019-11": {
            "month": "2019-11",
            "price": "14.21",
            "revenue": 92345
        },
        "2019-12": {
            "month": "2019-12",
            "price": "14.87",
            "revenue": 90797
        },
        "2020-01": {
            "month": "2020-01",
            "price": "13.31",
            "revenue": 113331
        },
        "2020-02": {
            "month": "2020-02",
            "price": "10.46",
            "revenue": 86510
        },
        "2020-03": {
            "month": "2020-03",
            "price": "7.97",
            "revenue": 56439
        },
        "2020-04": {
            "month": "2020-04",
            "price": "8.12",
            "revenue": 52674
        },
        "2020-05": {
            "month": "2020-05",
            "price": "9.66",
            "revenue": 65485
        },
        "2020-06": {
            "month": "2020-06",
            "price": "11.70",
            "revenue": 110572
        },
        "2020-07": {
            "month": "2020-07",
            "price": "10.84",
            "revenue": 158886
        },
        "2020-08": {
            "month": "2020-08",
            "price": "9.73",
            "revenue": 169054
        },
        "2020-09": {
            "month": "2020-09",
            "price": "9.57",
            "revenue": 91107
        },
        "2020-10": {
            "month": "2020-10",
            "price": "9.59",
            "revenue": 106859
        },
        "2020-11": {
            "month": "2020-11",
            "price": "9.88",
            "revenue": 80002
        },
        "2020-12": {
            "month": "2020-12",
            "price": "10.44",
            "revenue": 85827
        },
        "2021-01": {
            "month": "2021-01",
            "price": "10.06",
            "revenue": 73684
        },
        "2021-02": {
            "month": "2021-02",
            "price": "10.62",
            "revenue": 106372
        },
        "2021-03": {
            "month": "2021-03",
            "price": "11.58",
            "revenue": 72432
        },
        "2021-04": {
            "month": "2021-04",
            "price": "12.51",
            "revenue": 89685
        },
        "2021-05": {
            "month": "2021-05",
            "price": "12.47",
            "revenue": 46160
        },
        "2021-06": {
            "month": "2021-06",
            "price": "13.22",
            "revenue": 16348
        },
        "2021-07": {
            "month": "2021-07",
            "price": "15.95",
            "revenue": 27493
        },
        "2021-08": {
            "month": "2021-08",
            "price": "15.73",
            "revenue": 61372
        },
        "2021-09": {
            "month": "2021-09",
            "price": "15.90",
            "revenue": 65648
        },
        "2021-10": {
            "month": "2021-10",
            "price": "16.01",
            "revenue": 86403
        },
        "2021-11": {
            "month": "2021-11",
            "price": "14.87",
            "revenue": 82710
        },
        "2021-12": {
            "month": "2021-12",
            "price": "14.30",
            "revenue": 82544
        },
        "2022-01": {
            "month": "2022-01",
            "price": "14.19",
            "revenue": 75491
        },
        "2022-02": {
            "month": "2022-02",
            "price": "14.66",
            "revenue": 94078
        },
        "2022-03": {
            "month": "2022-03",
            "price": "14.16",
            "revenue": 90350
        },
        "2022-04": {
            "month": "2022-04",
            "price": "13.68",
            "revenue": 64655
        },
        "2022-05": {
            "month": "2022-05",
            "price": "12.52",
            "revenue": 38094
        },
        "2022-06": {
            "month": "2022-06",
            "price": "13.14",
            "revenue": 56176
        },
        "2022-07": {
            "month": "2022-07",
            "price": "11.76",
            "revenue": 115537
        },
        "2022-08": {
            "month": "2022-08",
            "price": "11.91",
            "revenue": 116982
        },
        "2022-09": {
            "month": "2022-09",
            "price": "11.95",
            "revenue": 78147
        },
        "2022-10": {
            "month": "2022-10",
            "price": "11.48",
            "revenue": 86506
        },
        "2022-11": {
            "month": "2022-11",
            "price": "11.49",
            "revenue": 67009
        },
        "2022-12": {
            "month": "2022-12",
            "price": "11.92",
            "revenue": 71982
        },
        "2023-01": {
            "month": "2023-01",
            "price": "12.34",
            "revenue": 113682
        },
        "2023-02": {
            "month": "2023-02",
            "price": "12.57",
            "revenue": 80772
        },
        "2023-03": {
            "month": "2023-03",
            "price": "12.49",
            "revenue": 66357
        },
        "2023-04": {
            "month": "2023-04",
            "price": "11.87",
            "revenue": 94579
        },
        "2023-05": {
            "month": "2023-05",
            "price": "12.49",
            "revenue": 71438
        }
    }
}
