{
    "summary": {
        "stock_name": "台南-KY",
        "stock_id": "5906",
        "category": "貿易百貨",
        "main_business": "品牌男女裝之設計開發、製造及銷售業務、百貨買賣",
        "website_url": "http://www.tainancayman.com",
        "ceo": "陳慧姝",
        "pe_ratio": 21,
        "report_year_from": 2009,
        "report_year_to": 2023,
        "age": 15,
        "eps_negative_percentage": 54,
        "eps_growth_avg": {
            "last_all": -31.7,
            "last_2y": 13.84,
            "last_4y": -14.62,
            "last_8y": -14.62,
            "last_12y": null,
            "last_16y": null,
            "last_20y": null,
            "at_2006_last_3y": null,
            "at_2007_last_3y": null,
            "at_2008_last_3y": null,
            "at_2009_last_3y": null,
            "at_2010_last_3y": null,
            "at_2011_last_3y": null,
            "at_2012_last_3y": null,
            "at_2013_last_3y": null,
            "at_2014_last_3y": null,
            "at_2015_last_3y": -100,
            "at_2016_last_3y": null,
            "at_2017_last_3y": null,
            "at_2018_last_3y": null,
            "at_2019_last_3y": -100,
            "at_2020_last_3y": -100,
            "at_2021_last_3y": -29.06,
            "at_2022_last_3y": -22.49,
            "at_2023_last_3y": 13.84,
            "at_2024_last_3y": 13.84,
            "at_2006_last_all": null,
            "at_2007_last_all": null,
            "at_2008_last_all": null,
            "at_2009_last_all": null,
            "at_2010_last_all": null,
            "at_2011_last_all": null,
            "at_2012_last_all": null,
            "at_2013_last_all": -100,
            "at_2014_last_all": -100,
            "at_2015_last_all": -100,
            "at_2016_last_all": -100,
            "at_2017_last_all": -100,
            "at_2018_last_all": -100,
            "at_2019_last_all": -100,
            "at_2020_last_all": -100,
            "at_2021_last_all": -52.71,
            "at_2022_last_all": -41.86,
            "at_2023_last_all": -31.7,
            "at_2024_last_all": -31.7
        },
        "latest_eps": 3.21,
        "latest_price": 66.7,
        "latest_roe": 16.35,
        "latest_gross_margin": 53.07,
        "latest_equity": 732679,
        "latest_revenue": 559668,
        "latest_gross_profit": 296991,
        "latest_net_income": 30391,
        "latest_debt_ratio": 60.45,
        "latest_current_ratio": 114.38,
        "latest_account_receivable_turnover_ratio": 2.04,
        "latest_inventory_turnover_ratio": 0.54,
        "latest_reinvestment_rate": 78.44,
        "latest_research_to_sale_ratio": 1.61
    },
    "eps_dividends": {
        "2001": {
            "cash": 0,
            "stock": 0,
            "eps": 0
        },
        "2002": {
            "cash": 0,
            "stock": 0,
            "eps": 0
        },
        "2003": {
            "cash": 0,
            "stock": 0,
            "eps": 0
        },
        "2004": {
            "cash": 0,
            "stock": 0,
            "eps": 0
        },
        "2005": {
            "cash": 0,
            "stock": 0,
            "eps": 0
        },
        "2006": {
            "cash": 0,
            "stock": 0,
            "eps": 0
        },
        "2007": {
            "cash": 0,
            "stock": 0,
            "eps": 0
        },
        "2008": {
            "cash": 0,
            "stock": 0,
            "eps": 0
        },
        "2009": {
            "cash": 0,
            "stock": 0,
            "eps": 0
        },
        "2010": {
            "cash": 0,
            "stock": 0,
            "eps": 0
        },
        "2011": {
            "cash": 0.79,
            "stock": 0.18,
            "eps": 0.8
        },
        "2012": {
            "cash": 0,
            "stock": 0,
            "eps": -4.16
        },
        "2013": {
            "cash": 0,
            "stock": 0,
            "eps": -6.97
        },
        "2014": {
            "cash": 0,
            "stock": 0,
            "eps": -5.77
        },
        "2015": {
            "cash": 0,
            "stock": 0,
            "eps": -4.83
        },
        "2016": {
            "cash": 0,
            "stock": 0,
            "eps": -4.15
        },
        "2017": {
            "cash": 0,
            "stock": 0,
            "eps": -0.45
        },
        "2018": {
            "cash": 0,
            "stock": 0,
            "eps": 0.26
        },
        "2019": {
            "cash": 0,
            "stock": 0,
            "eps": -0.82
        },
        "2020": {
            "cash": 0,
            "stock": 0,
            "eps": 2.34
        },
        "2021": {
            "cash": 0.2,
            "stock": 0.8,
            "eps": 3.32
        },
        "2022": {
            "cash": 1.7,
            "stock": 0,
            "eps": 3.01
        },
        "2023": {
            "cash": 1.5,
            "stock": 0.3,
            "eps": 3.28
        },
        "2024": {
            "cash": 1.5,
            "stock": 0.5,
            "eps": 0
        }
    },
    "dividends": {
        "2011-01-01": {
            "cash": 0.24,
            "stock": 0
        },
        "2011-05-31": {
            "cash": 0.55,
            "stock": 0.18
        },
        "2021-10-22": {
            "cash": 0.2,
            "stock": 0.8
        },
        "2022-07-26": {
            "cash": 1.7,
            "stock": 0
        },
        "2023-10-05": {
            "cash": 1.5,
            "stock": 0.3
        },
        "2024-03-01": {
            "cash": 1.5,
            "stock": 0.5
        }
    },
    "prices": {
        "200101": "無",
        "200102": "無",
        "200103": "無",
        "200104": "無",
        "200105": "無",
        "200106": "無",
        "200107": "無",
        "200108": "無",
        "200109": "無",
        "200110": "無",
        "200111": "無",
        "200112": "無",
        "200201": "無",
        "200202": "無",
        "200203": "無",
        "200204": "無",
        "200205": "無",
        "200206": "無",
        "200207": "無",
        "200208": "無",
        "200209": "無",
        "200210": "無",
        "200211": "無",
        "200212": "無",
        "200301": "無",
        "200302": "無",
        "200303": "無",
        "200304": "無",
        "200305": "無",
        "200306": "無",
        "200307": "無",
        "200308": "無",
        "200309": "無",
        "200310": "無",
        "200311": "無",
        "200312": "無",
        "200401": "無",
        "200402": "無",
        "200403": "無",
        "200404": "無",
        "200405": "無",
        "200406": "無",
        "200407": "無",
        "200408": "無",
        "200409": "無",
        "200410": "無",
        "200411": "無",
        "200412": "無",
        "200501": "無",
        "200502": "無",
        "200503": "無",
        "200504": "無",
        "200505": "無",
        "200506": "無",
        "200507": "無",
        "200508": "無",
        "200509": "無",
        "200510": "無",
        "200511": "無",
        "200512": "無",
        "200601": "無",
        "200602": "無",
        "200603": "無",
        "200604": "無",
        "200605": "無",
        "200606": "無",
        "200607": "無",
        "200608": "無",
        "200609": "無",
        "200610": "無",
        "200611": "無",
        "200612": "無",
        "200701": "無",
        "200702": "無",
        "200703": "無",
        "200704": "無",
        "200705": "無",
        "200706": "無",
        "200707": "無",
        "200708": "無",
        "200709": "無",
        "200710": "無",
        "200711": "無",
        "200712": "無",
        "200801": "無",
        "200802": "無",
        "200803": "無",
        "200804": "無",
        "200805": "無",
        "200806": "無",
        "200807": "無",
        "200808": "無",
        "200809": "無",
        "200810": "無",
        "200811": "無",
        "200812": "無",
        "200901": "無",
        "200902": "無",
        "200903": "無",
        "200904": "無",
        "200905": "無",
        "200906": "無",
        "200907": "無",
        "200908": "無",
        "200909": "無",
        "200910": "無",
        "200911": "無",
        "200912": "無",
        "201001": "無",
        "201002": "無",
        "201003": "無",
        "201004": "無",
        "201005": "無",
        "201006": "無",
        "201007": "無",
        "201008": "無",
        "201009": "無",
        "201010": "無",
        "201011": "無",
        "201012": "無",
        "201101": "無",
        "201102": "無",
        "201103": "無",
        "201104": "無",
        "201105": "無",
        "201106": "無",
        "201107": "無",
        "201108": "無",
        "201109": "無",
        "201110": "24.10",
        "201111": "23.37",
        "201112": "22.67",
        "201201": "22.82",
        "201202": "24.60",
        "201203": "23.87",
        "201204": "18.87",
        "201205": "16.60",
        "201206": "13.54",
        "201207": "13.85",
        "201208": "14.06",
        "201209": "14.31",
        "201210": "13.85",
        "201211": "12.50",
        "201212": "12.19",
        "201301": "12.58",
        "201302": "10.88",
        "201303": "10.23",
        "201304": "11.23",
        "201305": "11.04",
        "201306": "10.02",
        "201307": "9.49",
        "201308": "9.00",
        "201309": "8.87",
        "201310": "9.07",
        "201311": "8.33",
        "201312": "8.43",
        "201401": "10.44",
        "201402": "10.47",
        "201403": "10.39",
        "201404": "9.50",
        "201405": "8.53",
        "201406": "8.76",
        "201407": "9.35",
        "201408": "8.92",
        "201409": "8.48",
        "201410": "7.17",
        "201411": "6.43",
        "201412": "6.34",
        "201501": "6.52",
        "201502": "6.34",
        "201503": "6.21",
        "201504": "6.08",
        "201505": "5.77",
        "201506": "4.65",
        "201507": "4.22",
        "201508": "3.18",
        "201509": "2.46",
        "201510": "2.84",
        "201511": "2.42",
        "201512": "2.03",
        "201601": "2.13",
        "201602": "2.19",
        "201603": "2.30",
        "201604": "2.28",
        "201605": "2.17",
        "201606": "1.83",
        "201607": "7.09",
        "201608": "6.83",
        "201609": "6.29",
        "201610": "6.86",
        "201611": "6.11",
        "201612": "5.82",
        "201701": "6.10",
        "201702": "6.03",
        "201703": "6.02",
        "201704": "5.45",
        "201705": "5.37",
        "201706": "5.29",
        "201707": "5.88",
        "201708": "5.82",
        "201709": "6.65",
        "201710": "8.09",
        "201711": "7.92",
        "201712": "7.97",
        "201801": "8.03",
        "201802": "8.36",
        "201803": "9.34",
        "201804": "11.38",
        "201805": "10.30",
        "201806": "16.46",
        "201807": "17.58",
        "201808": "16.57",
        "201809": "14.10",
        "201810": "13.26",
        "201811": "12.32",
        "201812": "10.80",
        "201901": "10.11",
        "201902": "10.96",
        "201903": "11.76",
        "201904": "13.18",
        "201905": "13.07",
        "201906": "13.28",
        "201907": "13.45",
        "201908": "13.08",
        "201909": "12.90",
        "201910": "12.38",
        "201911": "12.67",
        "201912": "16.49",
        "202001": "21.51",
        "202002": "20.42",
        "202003": "18.78",
        "202004": "17.51",
        "202005": "16.83",
        "202006": "18.58",
        "202007": "20.04",
        "202008": "21.21",
        "202009": "33.05",
        "202010": "34.80",
        "202011": "37.52",
        "202012": "49.57",
        "202101": "49.37",
        "202102": "47.83",
        "202103": "47.20",
        "202104": "44.82",
        "202105": "44.26",
        "202106": "37.29",
        "202107": "35.21",
        "202108": "33.14",
        "202109": "34.15",
        "202110": "35.23",
        "202111": "36.51",
        "202112": "38.97",
        "202201": "37.32",
        "202202": "36.03",
        "202203": "37.57",
        "202204": "36.42",
        "202205": "33.04",
        "202206": "31.66",
        "202207": "30.40",
        "202208": "32.58",
        "202209": "31.25",
        "202210": "30.20",
        "202211": "30.90",
        "202212": "30.31",
        "202301": "31.83",
        "202302": "34.59",
        "202303": "36.63",
        "202304": "36.11",
        "202305": "55.86",
        "202306": "74.52",
        "202307": "73.12",
        "202308": "61.87",
        "202309": "77.10",
        "202310": "79.55",
        "202311": "79.06",
        "202312": "69.63",
        "202401": "65.21",
        "202402": "60.88",
        "202403": "63.49",
        "202404": "無"
    },
    "quarters": {
        "20011": {
            "year_quarter": 20011,
            "year": 2001,
            "quarter": 1,
            "eps": null,
            "eps_growth_year": null,
            "eps_4q": null,
            "eps_4q_growth_year": null,
            "roe": null,
            "roe_4q": 0,
            "gross_profit": null,
            "gross_margin": null,
            "gross_margin_4q_avg": 0,
            "net_income": null,
            "net_income_4q": null,
            "revenue": null,
            "revenue_4q": null,
            "common_shares": null,
            "book_valuer_per_share": null,
            "book_valuer_per_share_4q_avg": 0,
            "equity": null,
            "current_ratio": null,
            "debt_ratio": null,
            "inventory_turnover_ratio": null,
            "account_receivable_turnover_ratio": null,
            "reinvestment_rate": null,
            "research_to_sale_ratio": null,
            "price_fair": 0,
            "eps_avg_yearly": 0,
            "eps_latest_yearly": 0,
            "eps_growth_yearly": 0
        },
        "20012": {
            "year_quarter": 20012,
            "year": 2001,
            "quarter": 2,
            "eps": null,
            "eps_growth_year": null,
            "eps_4q": null,
            "eps_4q_growth_year": null,
            "roe": null,
            "roe_4q": 0,
            "gross_profit": null,
            "gross_margin": null,
            "gross_margin_4q_avg": 0,
            "net_income": null,
            "net_income_4q": null,
            "revenue": null,
            "revenue_4q": null,
            "common_shares": null,
            "book_valuer_per_share": null,
            "book_valuer_per_share_4q_avg": 0,
            "equity": null,
            "current_ratio": null,
            "debt_ratio": null,
            "inventory_turnover_ratio": null,
            "account_receivable_turnover_ratio": null,
            "reinvestment_rate": null,
            "research_to_sale_ratio": null,
            "price_fair": 0,
            "eps_avg_yearly": 0,
            "eps_latest_yearly": 0,
            "eps_growth_yearly": 0
        },
        "20013": {
            "year_quarter": 20013,
            "year": 2001,
            "quarter": 3,
            "eps": null,
            "eps_growth_year": null,
            "eps_4q": null,
            "eps_4q_growth_year": null,
            "roe": null,
            "roe_4q": 0,
            "gross_profit": null,
            "gross_margin": null,
            "gross_margin_4q_avg": 0,
            "net_income": null,
            "net_income_4q": null,
            "revenue": null,
            "revenue_4q": null,
            "common_shares": null,
            "book_valuer_per_share": null,
            "book_valuer_per_share_4q_avg": 0,
            "equity": null,
            "current_ratio": null,
            "debt_ratio": null,
            "inventory_turnover_ratio": null,
            "account_receivable_turnover_ratio": null,
            "reinvestment_rate": null,
            "research_to_sale_ratio": null,
            "price_fair": 0,
            "eps_avg_yearly": 0,
            "eps_latest_yearly": 0,
            "eps_growth_yearly": 0
        },
        "20014": {
            "year_quarter": 20014,
            "year": 2001,
            "quarter": 4,
            "eps": null,
            "eps_growth_year": null,
            "eps_4q": null,
            "eps_4q_growth_year": null,
            "roe": null,
            "roe_4q": 0,
            "gross_profit": null,
            "gross_margin": null,
            "gross_margin_4q_avg": 0,
            "net_income": null,
            "net_income_4q": null,
            "revenue": null,
            "revenue_4q": null,
            "common_shares": null,
            "book_valuer_per_share": null,
            "book_valuer_per_share_4q_avg": 0,
            "equity": null,
            "current_ratio": null,
            "debt_ratio": null,
            "inventory_turnover_ratio": null,
            "account_receivable_turnover_ratio": null,
            "reinvestment_rate": null,
            "research_to_sale_ratio": null,
            "price_fair": 0,
            "eps_avg_yearly": 0,
            "eps_latest_yearly": 0,
            "eps_growth_yearly": 0
        },
        "20021": {
            "year_quarter": 20021,
            "year": 2002,
            "quarter": 1,
            "eps": null,
            "eps_growth_year": null,
            "eps_4q": null,
            "eps_4q_growth_year": null,
            "roe": null,
            "roe_4q": 0,
            "gross_profit": null,
            "gross_margin": null,
            "gross_margin_4q_avg": 0,
            "net_income": null,
            "net_income_4q": null,
            "revenue": null,
            "revenue_4q": null,
            "common_shares": null,
            "book_valuer_per_share": null,
            "book_valuer_per_share_4q_avg": 0,
            "equity": null,
            "current_ratio": null,
            "debt_ratio": null,
            "inventory_turnover_ratio": null,
            "account_receivable_turnover_ratio": null,
            "reinvestment_rate": null,
            "research_to_sale_ratio": null,
            "price_fair": 0,
            "eps_avg_yearly": 0,
            "eps_latest_yearly": 0,
            "eps_growth_yearly": 0
        },
        "20022": {
            "year_quarter": 20022,
            "year": 2002,
            "quarter": 2,
            "eps": null,
            "eps_growth_year": null,
            "eps_4q": null,
            "eps_4q_growth_year": null,
            "roe": null,
            "roe_4q": 0,
            "gross_profit": null,
            "gross_margin": null,
            "gross_margin_4q_avg": 0,
            "net_income": null,
            "net_income_4q": null,
            "revenue": null,
            "revenue_4q": null,
            "common_shares": null,
            "book_valuer_per_share": null,
            "book_valuer_per_share_4q_avg": 0,
            "equity": null,
            "current_ratio": null,
            "debt_ratio": null,
            "inventory_turnover_ratio": null,
            "account_receivable_turnover_ratio": null,
            "reinvestment_rate": null,
            "research_to_sale_ratio": null,
            "price_fair": 0,
            "eps_avg_yearly": 0,
            "eps_latest_yearly": 0,
            "eps_growth_yearly": 0
        },
        "20023": {
            "year_quarter": 20023,
            "year": 2002,
            "quarter": 3,
            "eps": null,
            "eps_growth_year": null,
            "eps_4q": null,
            "eps_4q_growth_year": null,
            "roe": null,
            "roe_4q": 0,
            "gross_profit": null,
            "gross_margin": null,
            "gross_margin_4q_avg": 0,
            "net_income": null,
            "net_income_4q": null,
            "revenue": null,
            "revenue_4q": null,
            "common_shares": null,
            "book_valuer_per_share": null,
            "book_valuer_per_share_4q_avg": 0,
            "equity": null,
            "current_ratio": null,
            "debt_ratio": null,
            "inventory_turnover_ratio": null,
            "account_receivable_turnover_ratio": null,
            "reinvestment_rate": null,
            "research_to_sale_ratio": null,
            "price_fair": 0,
            "eps_avg_yearly": 0,
            "eps_latest_yearly": 0,
            "eps_growth_yearly": 0
        },
        "20024": {
            "year_quarter": 20024,
            "year": 2002,
            "quarter": 4,
            "eps": null,
            "eps_growth_year": null,
            "eps_4q": null,
            "eps_4q_growth_year": null,
            "roe": null,
            "roe_4q": 0,
            "gross_profit": null,
            "gross_margin": null,
            "gross_margin_4q_avg": 0,
            "net_income": null,
            "net_income_4q": null,
            "revenue": null,
            "revenue_4q": null,
            "common_shares": null,
            "book_valuer_per_share": null,
            "book_valuer_per_share_4q_avg": 0,
            "equity": null,
            "current_ratio": null,
            "debt_ratio": null,
            "inventory_turnover_ratio": null,
            "account_receivable_turnover_ratio": null,
            "reinvestment_rate": null,
            "research_to_sale_ratio": null,
            "price_fair": 0,
            "eps_avg_yearly": 0,
            "eps_latest_yearly": 0,
            "eps_growth_yearly": 0
        },
        "20031": {
            "year_quarter": 20031,
            "year": 2003,
            "quarter": 1,
            "eps": null,
            "eps_growth_year": null,
            "eps_4q": null,
            "eps_4q_growth_year": null,
            "roe": null,
            "roe_4q": 0,
            "gross_profit": null,
            "gross_margin": null,
            "gross_margin_4q_avg": 0,
            "net_income": null,
            "net_income_4q": null,
            "revenue": null,
            "revenue_4q": null,
            "common_shares": null,
            "book_valuer_per_share": null,
            "book_valuer_per_share_4q_avg": 0,
            "equity": null,
            "current_ratio": null,
            "debt_ratio": null,
            "inventory_turnover_ratio": null,
            "account_receivable_turnover_ratio": null,
            "reinvestment_rate": null,
            "research_to_sale_ratio": null,
            "price_fair": 0,
            "eps_avg_yearly": 0,
            "eps_latest_yearly": 0,
            "eps_growth_yearly": 0
        },
        "20032": {
            "year_quarter": 20032,
            "year": 2003,
            "quarter": 2,
            "eps": null,
            "eps_growth_year": null,
            "eps_4q": null,
            "eps_4q_growth_year": null,
            "roe": null,
            "roe_4q": 0,
            "gross_profit": null,
            "gross_margin": null,
            "gross_margin_4q_avg": 0,
            "net_income": null,
            "net_income_4q": null,
            "revenue": null,
            "revenue_4q": null,
            "common_shares": null,
            "book_valuer_per_share": null,
            "book_valuer_per_share_4q_avg": 0,
            "equity": null,
            "current_ratio": null,
            "debt_ratio": null,
            "inventory_turnover_ratio": null,
            "account_receivable_turnover_ratio": null,
            "reinvestment_rate": null,
            "research_to_sale_ratio": null,
            "price_fair": 0,
            "eps_avg_yearly": 0,
            "eps_latest_yearly": 0,
            "eps_growth_yearly": 0
        },
        "20033": {
            "year_quarter": 20033,
            "year": 2003,
            "quarter": 3,
            "eps": null,
            "eps_growth_year": null,
            "eps_4q": null,
            "eps_4q_growth_year": null,
            "roe": null,
            "roe_4q": 0,
            "gross_profit": null,
            "gross_margin": null,
            "gross_margin_4q_avg": 0,
            "net_income": null,
            "net_income_4q": null,
            "revenue": null,
            "revenue_4q": null,
            "common_shares": null,
            "book_valuer_per_share": null,
            "book_valuer_per_share_4q_avg": 0,
            "equity": null,
            "current_ratio": null,
            "debt_ratio": null,
            "inventory_turnover_ratio": null,
            "account_receivable_turnover_ratio": null,
            "reinvestment_rate": null,
            "research_to_sale_ratio": null,
            "price_fair": 0,
            "eps_avg_yearly": 0,
            "eps_latest_yearly": 0,
            "eps_growth_yearly": 0
        },
        "20034": {
            "year_quarter": 20034,
            "year": 2003,
            "quarter": 4,
            "eps": null,
            "eps_growth_year": null,
            "eps_4q": null,
            "eps_4q_growth_year": null,
            "roe": null,
            "roe_4q": 0,
            "gross_profit": null,
            "gross_margin": null,
            "gross_margin_4q_avg": 0,
            "net_income": null,
            "net_income_4q": null,
            "revenue": null,
            "revenue_4q": null,
            "common_shares": null,
            "book_valuer_per_share": null,
            "book_valuer_per_share_4q_avg": 0,
            "equity": null,
            "current_ratio": null,
            "debt_ratio": null,
            "inventory_turnover_ratio": null,
            "account_receivable_turnover_ratio": null,
            "reinvestment_rate": null,
            "research_to_sale_ratio": null,
            "price_fair": 0,
            "eps_avg_yearly": 0,
            "eps_latest_yearly": 0,
            "eps_growth_yearly": 0
        },
        "20041": {
            "year_quarter": 20041,
            "year": 2004,
            "quarter": 1,
            "eps": null,
            "eps_growth_year": null,
            "eps_4q": null,
            "eps_4q_growth_year": null,
            "roe": null,
            "roe_4q": 0,
            "gross_profit": null,
            "gross_margin": null,
            "gross_margin_4q_avg": 0,
            "net_income": null,
            "net_income_4q": null,
            "revenue": null,
            "revenue_4q": null,
            "common_shares": null,
            "book_valuer_per_share": null,
            "book_valuer_per_share_4q_avg": 0,
            "equity": null,
            "current_ratio": null,
            "debt_ratio": null,
            "inventory_turnover_ratio": null,
            "account_receivable_turnover_ratio": null,
            "reinvestment_rate": null,
            "research_to_sale_ratio": null,
            "price_fair": 0,
            "eps_avg_yearly": 0,
            "eps_latest_yearly": 0,
            "eps_growth_yearly": 0
        },
        "20042": {
            "year_quarter": 20042,
            "year": 2004,
            "quarter": 2,
            "eps": null,
            "eps_growth_year": null,
            "eps_4q": null,
            "eps_4q_growth_year": null,
            "roe": null,
            "roe_4q": 0,
            "gross_profit": null,
            "gross_margin": null,
            "gross_margin_4q_avg": 0,
            "net_income": null,
            "net_income_4q": null,
            "revenue": null,
            "revenue_4q": null,
            "common_shares": null,
            "book_valuer_per_share": null,
            "book_valuer_per_share_4q_avg": 0,
            "equity": null,
            "current_ratio": null,
            "debt_ratio": null,
            "inventory_turnover_ratio": null,
            "account_receivable_turnover_ratio": null,
            "reinvestment_rate": null,
            "research_to_sale_ratio": null,
            "price_fair": 0,
            "eps_avg_yearly": 0,
            "eps_latest_yearly": 0,
            "eps_growth_yearly": 0
        },
        "20043": {
            "year_quarter": 20043,
            "year": 2004,
            "quarter": 3,
            "eps": null,
            "eps_growth_year": null,
            "eps_4q": null,
            "eps_4q_growth_year": null,
            "roe": null,
            "roe_4q": 0,
            "gross_profit": null,
            "gross_margin": null,
            "gross_margin_4q_avg": 0,
            "net_income": null,
            "net_income_4q": null,
            "revenue": null,
            "revenue_4q": null,
            "common_shares": null,
            "book_valuer_per_share": null,
            "book_valuer_per_share_4q_avg": 0,
            "equity": null,
            "current_ratio": null,
            "debt_ratio": null,
            "inventory_turnover_ratio": null,
            "account_receivable_turnover_ratio": null,
            "reinvestment_rate": null,
            "research_to_sale_ratio": null,
            "price_fair": 0,
            "eps_avg_yearly": 0,
            "eps_latest_yearly": 0,
            "eps_growth_yearly": 0
        },
        "20044": {
            "year_quarter": 20044,
            "year": 2004,
            "quarter": 4,
            "eps": null,
            "eps_growth_year": null,
            "eps_4q": null,
            "eps_4q_growth_year": null,
            "roe": null,
            "roe_4q": 0,
            "gross_profit": null,
            "gross_margin": null,
            "gross_margin_4q_avg": 0,
            "net_income": null,
            "net_income_4q": null,
            "revenue": null,
            "revenue_4q": null,
            "common_shares": null,
            "book_valuer_per_share": null,
            "book_valuer_per_share_4q_avg": 0,
            "equity": null,
            "current_ratio": null,
            "debt_ratio": null,
            "inventory_turnover_ratio": null,
            "account_receivable_turnover_ratio": null,
            "reinvestment_rate": null,
            "research_to_sale_ratio": null,
            "price_fair": 0,
            "eps_avg_yearly": 0,
            "eps_latest_yearly": 0,
            "eps_growth_yearly": 0
        },
        "20051": {
            "year_quarter": 20051,
            "year": 2005,
            "quarter": 1,
            "eps": null,
            "eps_growth_year": null,
            "eps_4q": null,
            "eps_4q_growth_year": null,
            "roe": null,
            "roe_4q": 0,
            "gross_profit": null,
            "gross_margin": null,
            "gross_margin_4q_avg": 0,
            "net_income": null,
            "net_income_4q": null,
            "revenue": null,
            "revenue_4q": null,
            "common_shares": null,
            "book_valuer_per_share": null,
            "book_valuer_per_share_4q_avg": 0,
            "equity": null,
            "current_ratio": null,
            "debt_ratio": null,
            "inventory_turnover_ratio": null,
            "account_receivable_turnover_ratio": null,
            "reinvestment_rate": null,
            "research_to_sale_ratio": null,
            "price_fair": 0,
            "eps_avg_yearly": 0,
            "eps_latest_yearly": 0,
            "eps_growth_yearly": 0
        },
        "20052": {
            "year_quarter": 20052,
            "year": 2005,
            "quarter": 2,
            "eps": null,
            "eps_growth_year": null,
            "eps_4q": null,
            "eps_4q_growth_year": null,
            "roe": null,
            "roe_4q": 0,
            "gross_profit": null,
            "gross_margin": null,
            "gross_margin_4q_avg": 0,
            "net_income": null,
            "net_income_4q": null,
            "revenue": null,
            "revenue_4q": null,
            "common_shares": null,
            "book_valuer_per_share": null,
            "book_valuer_per_share_4q_avg": 0,
            "equity": null,
            "current_ratio": null,
            "debt_ratio": null,
            "inventory_turnover_ratio": null,
            "account_receivable_turnover_ratio": null,
            "reinvestment_rate": null,
            "research_to_sale_ratio": null,
            "price_fair": 0,
            "eps_avg_yearly": 0,
            "eps_latest_yearly": 0,
            "eps_growth_yearly": 0
        },
        "20053": {
            "year_quarter": 20053,
            "year": 2005,
            "quarter": 3,
            "eps": null,
            "eps_growth_year": null,
            "eps_4q": null,
            "eps_4q_growth_year": null,
            "roe": null,
            "roe_4q": 0,
            "gross_profit": null,
            "gross_margin": null,
            "gross_margin_4q_avg": 0,
            "net_income": null,
            "net_income_4q": null,
            "revenue": null,
            "revenue_4q": null,
            "common_shares": null,
            "book_valuer_per_share": null,
            "book_valuer_per_share_4q_avg": 0,
            "equity": null,
            "current_ratio": null,
            "debt_ratio": null,
            "inventory_turnover_ratio": null,
            "account_receivable_turnover_ratio": null,
            "reinvestment_rate": null,
            "research_to_sale_ratio": null,
            "price_fair": 0,
            "eps_avg_yearly": 0,
            "eps_latest_yearly": 0,
            "eps_growth_yearly": 0
        },
        "20054": {
            "year_quarter": 20054,
            "year": 2005,
            "quarter": 4,
            "eps": null,
            "eps_growth_year": null,
            "eps_4q": null,
            "eps_4q_growth_year": null,
            "roe": null,
            "roe_4q": 0,
            "gross_profit": null,
            "gross_margin": null,
            "gross_margin_4q_avg": 0,
            "net_income": null,
            "net_income_4q": null,
            "revenue": null,
            "revenue_4q": null,
            "common_shares": null,
            "book_valuer_per_share": null,
            "book_valuer_per_share_4q_avg": 0,
            "equity": null,
            "current_ratio": null,
            "debt_ratio": null,
            "inventory_turnover_ratio": null,
            "account_receivable_turnover_ratio": null,
            "reinvestment_rate": null,
            "research_to_sale_ratio": null,
            "price_fair": 0,
            "eps_avg_yearly": 0,
            "eps_latest_yearly": 0,
            "eps_growth_yearly": 0
        },
        "20061": {
            "year_quarter": 20061,
            "year": 2006,
            "quarter": 1,
            "eps": null,
            "eps_growth_year": null,
            "eps_4q": null,
            "eps_4q_growth_year": null,
            "roe": null,
            "roe_4q": 0,
            "gross_profit": null,
            "gross_margin": null,
            "gross_margin_4q_avg": 0,
            "net_income": null,
            "net_income_4q": null,
            "revenue": null,
            "revenue_4q": null,
            "common_shares": null,
            "book_valuer_per_share": null,
            "book_valuer_per_share_4q_avg": 0,
            "equity": null,
            "current_ratio": null,
            "debt_ratio": null,
            "inventory_turnover_ratio": null,
            "account_receivable_turnover_ratio": null,
            "reinvestment_rate": null,
            "research_to_sale_ratio": null,
            "price_fair": 0,
            "eps_avg_yearly": 0,
            "eps_latest_yearly": 0,
            "eps_growth_yearly": 0
        },
        "20062": {
            "year_quarter": 20062,
            "year": 2006,
            "quarter": 2,
            "eps": null,
            "eps_growth_year": null,
            "eps_4q": null,
            "eps_4q_growth_year": null,
            "roe": null,
            "roe_4q": 0,
            "gross_profit": null,
            "gross_margin": null,
            "gross_margin_4q_avg": 0,
            "net_income": null,
            "net_income_4q": null,
            "revenue": null,
            "revenue_4q": null,
            "common_shares": null,
            "book_valuer_per_share": null,
            "book_valuer_per_share_4q_avg": 0,
            "equity": null,
            "current_ratio": null,
            "debt_ratio": null,
            "inventory_turnover_ratio": null,
            "account_receivable_turnover_ratio": null,
            "reinvestment_rate": null,
            "research_to_sale_ratio": null,
            "price_fair": 0,
            "eps_avg_yearly": 0,
            "eps_latest_yearly": 0,
            "eps_growth_yearly": 0
        },
        "20063": {
            "year_quarter": 20063,
            "year": 2006,
            "quarter": 3,
            "eps": null,
            "eps_growth_year": null,
            "eps_4q": null,
            "eps_4q_growth_year": null,
            "roe": null,
            "roe_4q": 0,
            "gross_profit": null,
            "gross_margin": null,
            "gross_margin_4q_avg": 0,
            "net_income": null,
            "net_income_4q": null,
            "revenue": null,
            "revenue_4q": null,
            "common_shares": null,
            "book_valuer_per_share": null,
            "book_valuer_per_share_4q_avg": 0,
            "equity": null,
            "current_ratio": null,
            "debt_ratio": null,
            "inventory_turnover_ratio": null,
            "account_receivable_turnover_ratio": null,
            "reinvestment_rate": null,
            "research_to_sale_ratio": null,
            "price_fair": 0,
            "eps_avg_yearly": 0,
            "eps_latest_yearly": 0,
            "eps_growth_yearly": 0
        },
        "20064": {
            "year_quarter": 20064,
            "year": 2006,
            "quarter": 4,
            "eps": null,
            "eps_growth_year": null,
            "eps_4q": null,
            "eps_4q_growth_year": null,
            "roe": null,
            "roe_4q": 0,
            "gross_profit": null,
            "gross_margin": null,
            "gross_margin_4q_avg": 0,
            "net_income": null,
            "net_income_4q": null,
            "revenue": null,
            "revenue_4q": null,
            "common_shares": null,
            "book_valuer_per_share": null,
            "book_valuer_per_share_4q_avg": 0,
            "equity": null,
            "current_ratio": null,
            "debt_ratio": null,
            "inventory_turnover_ratio": null,
            "account_receivable_turnover_ratio": null,
            "reinvestment_rate": null,
            "research_to_sale_ratio": null,
            "price_fair": 0,
            "eps_avg_yearly": 0,
            "eps_latest_yearly": 0,
            "eps_growth_yearly": 0
        },
        "20071": {
            "year_quarter": 20071,
            "year": 2007,
            "quarter": 1,
            "eps": null,
            "eps_growth_year": null,
            "eps_4q": null,
            "eps_4q_growth_year": null,
            "roe": null,
            "roe_4q": 0,
            "gross_profit": null,
            "gross_margin": null,
            "gross_margin_4q_avg": 0,
            "net_income": null,
            "net_income_4q": null,
            "revenue": null,
            "revenue_4q": null,
            "common_shares": null,
            "book_valuer_per_share": null,
            "book_valuer_per_share_4q_avg": 0,
            "equity": null,
            "current_ratio": null,
            "debt_ratio": null,
            "inventory_turnover_ratio": null,
            "account_receivable_turnover_ratio": null,
            "reinvestment_rate": null,
            "research_to_sale_ratio": null,
            "price_fair": 0,
            "eps_avg_yearly": 0,
            "eps_latest_yearly": 0,
            "eps_growth_yearly": 0
        },
        "20072": {
            "year_quarter": 20072,
            "year": 2007,
            "quarter": 2,
            "eps": null,
            "eps_growth_year": null,
            "eps_4q": null,
            "eps_4q_growth_year": null,
            "roe": null,
            "roe_4q": 0,
            "gross_profit": null,
            "gross_margin": null,
            "gross_margin_4q_avg": 0,
            "net_income": null,
            "net_income_4q": null,
            "revenue": null,
            "revenue_4q": null,
            "common_shares": null,
            "book_valuer_per_share": null,
            "book_valuer_per_share_4q_avg": 0,
            "equity": null,
            "current_ratio": null,
            "debt_ratio": null,
            "inventory_turnover_ratio": null,
            "account_receivable_turnover_ratio": null,
            "reinvestment_rate": null,
            "research_to_sale_ratio": null,
            "price_fair": 0,
            "eps_avg_yearly": 0,
            "eps_latest_yearly": 0,
            "eps_growth_yearly": 0
        },
        "20073": {
            "year_quarter": 20073,
            "year": 2007,
            "quarter": 3,
            "eps": null,
            "eps_growth_year": null,
            "eps_4q": null,
            "eps_4q_growth_year": null,
            "roe": null,
            "roe_4q": 0,
            "gross_profit": null,
            "gross_margin": null,
            "gross_margin_4q_avg": 0,
            "net_income": null,
            "net_income_4q": null,
            "revenue": null,
            "revenue_4q": null,
            "common_shares": null,
            "book_valuer_per_share": null,
            "book_valuer_per_share_4q_avg": 0,
            "equity": null,
            "current_ratio": null,
            "debt_ratio": null,
            "inventory_turnover_ratio": null,
            "account_receivable_turnover_ratio": null,
            "reinvestment_rate": null,
            "research_to_sale_ratio": null,
            "price_fair": 0,
            "eps_avg_yearly": 0,
            "eps_latest_yearly": 0,
            "eps_growth_yearly": 0
        },
        "20074": {
            "year_quarter": 20074,
            "year": 2007,
            "quarter": 4,
            "eps": null,
            "eps_growth_year": null,
            "eps_4q": null,
            "eps_4q_growth_year": null,
            "roe": null,
            "roe_4q": 0,
            "gross_profit": null,
            "gross_margin": null,
            "gross_margin_4q_avg": 0,
            "net_income": null,
            "net_income_4q": null,
            "revenue": null,
            "revenue_4q": null,
            "common_shares": 289349,
            "book_valuer_per_share": 33.89,
            "book_valuer_per_share_4q_avg": 8.47,
            "equity": 1032156,
            "current_ratio": 315.46,
            "debt_ratio": 38.25,
            "inventory_turnover_ratio": null,
            "account_receivable_turnover_ratio": null,
            "reinvestment_rate": null,
            "research_to_sale_ratio": null,
            "price_fair": 0,
            "eps_avg_yearly": 0,
            "eps_latest_yearly": 0,
            "eps_growth_yearly": 0
        },
        "20081": {
            "year_quarter": 20081,
            "year": 2008,
            "quarter": 1,
            "eps": null,
            "eps_growth_year": null,
            "eps_4q": null,
            "eps_4q_growth_year": null,
            "roe": null,
            "roe_4q": 0,
            "gross_profit": null,
            "gross_margin": null,
            "gross_margin_4q_avg": 0,
            "net_income": null,
            "net_income_4q": null,
            "revenue": null,
            "revenue_4q": null,
            "common_shares": null,
            "book_valuer_per_share": null,
            "book_valuer_per_share_4q_avg": 8.47,
            "equity": null,
            "current_ratio": null,
            "debt_ratio": null,
            "inventory_turnover_ratio": null,
            "account_receivable_turnover_ratio": null,
            "reinvestment_rate": null,
            "research_to_sale_ratio": null,
            "price_fair": 0,
            "eps_avg_yearly": 0,
            "eps_latest_yearly": 0,
            "eps_growth_yearly": 0
        },
        "20082": {
            "year_quarter": 20082,
            "year": 2008,
            "quarter": 2,
            "eps": null,
            "eps_growth_year": null,
            "eps_4q": null,
            "eps_4q_growth_year": null,
            "roe": null,
            "roe_4q": 0,
            "gross_profit": null,
            "gross_margin": null,
            "gross_margin_4q_avg": 0,
            "net_income": null,
            "net_income_4q": null,
            "revenue": null,
            "revenue_4q": null,
            "common_shares": null,
            "book_valuer_per_share": null,
            "book_valuer_per_share_4q_avg": 8.47,
            "equity": null,
            "current_ratio": null,
            "debt_ratio": null,
            "inventory_turnover_ratio": null,
            "account_receivable_turnover_ratio": null,
            "reinvestment_rate": null,
            "research_to_sale_ratio": null,
            "price_fair": 0,
            "eps_avg_yearly": 0,
            "eps_latest_yearly": 0,
            "eps_growth_yearly": 0
        },
        "20083": {
            "year_quarter": 20083,
            "year": 2008,
            "quarter": 3,
            "eps": null,
            "eps_growth_year": null,
            "eps_4q": null,
            "eps_4q_growth_year": null,
            "roe": null,
            "roe_4q": 0,
            "gross_profit": null,
            "gross_margin": null,
            "gross_margin_4q_avg": 0,
            "net_income": null,
            "net_income_4q": null,
            "revenue": null,
            "revenue_4q": null,
            "common_shares": null,
            "book_valuer_per_share": null,
            "book_valuer_per_share_4q_avg": 8.47,
            "equity": null,
            "current_ratio": null,
            "debt_ratio": null,
            "inventory_turnover_ratio": null,
            "account_receivable_turnover_ratio": null,
            "reinvestment_rate": null,
            "research_to_sale_ratio": null,
            "price_fair": 0,
            "eps_avg_yearly": 0,
            "eps_latest_yearly": 0,
            "eps_growth_yearly": 0
        },
        "20084": {
            "year_quarter": 20084,
            "year": 2008,
            "quarter": 4,
            "eps": null,
            "eps_growth_year": null,
            "eps_4q": null,
            "eps_4q_growth_year": null,
            "roe": null,
            "roe_4q": 0,
            "gross_profit": null,
            "gross_margin": null,
            "gross_margin_4q_avg": 0,
            "net_income": null,
            "net_income_4q": null,
            "revenue": null,
            "revenue_4q": null,
            "common_shares": 292650,
            "book_valuer_per_share": 42.74,
            "book_valuer_per_share_4q_avg": 10.69,
            "equity": 1330514,
            "current_ratio": 281.72,
            "debt_ratio": 39,
            "inventory_turnover_ratio": null,
            "account_receivable_turnover_ratio": null,
            "reinvestment_rate": null,
            "research_to_sale_ratio": null,
            "price_fair": 0,
            "eps_avg_yearly": 0,
            "eps_latest_yearly": 0,
            "eps_growth_yearly": 0
        },
        "20091": {
            "year_quarter": 20091,
            "year": 2009,
            "quarter": 1,
            "eps": null,
            "eps_growth_year": null,
            "eps_4q": null,
            "eps_4q_growth_year": null,
            "roe": null,
            "roe_4q": 0,
            "gross_profit": null,
            "gross_margin": null,
            "gross_margin_4q_avg": 0,
            "net_income": null,
            "net_income_4q": null,
            "revenue": null,
            "revenue_4q": null,
            "common_shares": null,
            "book_valuer_per_share": null,
            "book_valuer_per_share_4q_avg": 10.69,
            "equity": null,
            "current_ratio": null,
            "debt_ratio": null,
            "inventory_turnover_ratio": null,
            "account_receivable_turnover_ratio": null,
            "reinvestment_rate": null,
            "research_to_sale_ratio": null,
            "price_fair": 0,
            "eps_avg_yearly": 0,
            "eps_latest_yearly": 0,
            "eps_growth_yearly": 0
        },
        "20092": {
            "year_quarter": 20092,
            "year": 2009,
            "quarter": 2,
            "eps": null,
            "eps_growth_year": null,
            "eps_4q": null,
            "eps_4q_growth_year": null,
            "roe": null,
            "roe_4q": 0,
            "gross_profit": null,
            "gross_margin": null,
            "gross_margin_4q_avg": 0,
            "net_income": null,
            "net_income_4q": null,
            "revenue": null,
            "revenue_4q": null,
            "common_shares": null,
            "book_valuer_per_share": null,
            "book_valuer_per_share_4q_avg": 10.69,
            "equity": null,
            "current_ratio": null,
            "debt_ratio": null,
            "inventory_turnover_ratio": null,
            "account_receivable_turnover_ratio": null,
            "reinvestment_rate": null,
            "research_to_sale_ratio": null,
            "price_fair": 0,
            "eps_avg_yearly": 0,
            "eps_latest_yearly": 0,
            "eps_growth_yearly": 0
        },
        "20093": {
            "year_quarter": 20093,
            "year": 2009,
            "quarter": 3,
            "eps": null,
            "eps_growth_year": null,
            "eps_4q": null,
            "eps_4q_growth_year": null,
            "roe": null,
            "roe_4q": 0,
            "gross_profit": null,
            "gross_margin": null,
            "gross_margin_4q_avg": 0,
            "net_income": null,
            "net_income_4q": null,
            "revenue": null,
            "revenue_4q": null,
            "common_shares": null,
            "book_valuer_per_share": null,
            "book_valuer_per_share_4q_avg": 10.69,
            "equity": null,
            "current_ratio": null,
            "debt_ratio": null,
            "inventory_turnover_ratio": null,
            "account_receivable_turnover_ratio": null,
            "reinvestment_rate": null,
            "research_to_sale_ratio": null,
            "price_fair": 0,
            "eps_avg_yearly": 0,
            "eps_latest_yearly": 0,
            "eps_growth_yearly": 0
        },
        "20094": {
            "year_quarter": 20094,
            "year": 2009,
            "quarter": 4,
            "eps": null,
            "eps_growth_year": null,
            "eps_4q": null,
            "eps_4q_growth_year": null,
            "roe": null,
            "roe_4q": 0,
            "gross_profit": null,
            "gross_margin": null,
            "gross_margin_4q_avg": 0,
            "net_income": null,
            "net_income_4q": null,
            "revenue": null,
            "revenue_4q": null,
            "common_shares": 285423,
            "book_valuer_per_share": 48.18,
            "book_valuer_per_share_4q_avg": 12.05,
            "equity": 1447198,
            "current_ratio": 267.54,
            "debt_ratio": 38.93,
            "inventory_turnover_ratio": null,
            "account_receivable_turnover_ratio": null,
            "reinvestment_rate": null,
            "research_to_sale_ratio": null,
            "price_fair": 0,
            "eps_avg_yearly": 0,
            "eps_latest_yearly": 0,
            "eps_growth_yearly": 0
        },
        "20101": {
            "year_quarter": 20101,
            "year": 2010,
            "quarter": 1,
            "eps": null,
            "eps_growth_year": null,
            "eps_4q": null,
            "eps_4q_growth_year": null,
            "roe": null,
            "roe_4q": 0,
            "gross_profit": 244569,
            "gross_margin": null,
            "gross_margin_4q_avg": 0,
            "net_income": 20796,
            "net_income_4q": null,
            "revenue": 543484,
            "revenue_4q": null,
            "common_shares": 517025,
            "book_valuer_per_share": 26.82,
            "book_valuer_per_share_4q_avg": 18.75,
            "equity": 1459597,
            "current_ratio": 343.73,
            "debt_ratio": 31.26,
            "inventory_turnover_ratio": null,
            "account_receivable_turnover_ratio": null,
            "reinvestment_rate": null,
            "research_to_sale_ratio": null,
            "price_fair": 0,
            "eps_avg_yearly": 0,
            "eps_latest_yearly": 0,
            "eps_growth_yearly": 0
        },
        "20102": {
            "year_quarter": 20102,
            "year": 2010,
            "quarter": 2,
            "eps": null,
            "eps_growth_year": null,
            "eps_4q": null,
            "eps_4q_growth_year": null,
            "roe": null,
            "roe_4q": 0,
            "gross_profit": 213255,
            "gross_margin": null,
            "gross_margin_4q_avg": 0,
            "net_income": -22509,
            "net_income_4q": null,
            "revenue": 402294,
            "revenue_4q": null,
            "common_shares": 548939,
            "book_valuer_per_share": 27.69,
            "book_valuer_per_share_4q_avg": 25.67,
            "equity": 1519847,
            "current_ratio": 411.53,
            "debt_ratio": 25.04,
            "inventory_turnover_ratio": null,
            "account_receivable_turnover_ratio": null,
            "reinvestment_rate": null,
            "research_to_sale_ratio": null,
            "price_fair": 0,
            "eps_avg_yearly": 0,
            "eps_latest_yearly": 0,
            "eps_growth_yearly": 0
        },
        "20103": {
            "year_quarter": 20103,
            "year": 2010,
            "quarter": 3,
            "eps": null,
            "eps_growth_year": null,
            "eps_4q": null,
            "eps_4q_growth_year": null,
            "roe": null,
            "roe_4q": 0,
            "gross_profit": 292233,
            "gross_margin": null,
            "gross_margin_4q_avg": 0,
            "net_income": 47727,
            "net_income_4q": null,
            "revenue": 614349,
            "revenue_4q": null,
            "common_shares": 573049,
            "book_valuer_per_share": 27.13,
            "book_valuer_per_share_4q_avg": 32.46,
            "equity": 1554549,
            "current_ratio": 252.43,
            "debt_ratio": 36.55,
            "inventory_turnover_ratio": null,
            "account_receivable_turnover_ratio": null,
            "reinvestment_rate": null,
            "research_to_sale_ratio": null,
            "price_fair": 0,
            "eps_avg_yearly": 0,
            "eps_latest_yearly": 0,
            "eps_growth_yearly": 0
        },
        "20104": {
            "year_quarter": 20104,
            "year": 2010,
            "quarter": 4,
            "eps": null,
            "eps_growth_year": null,
            "eps_4q": null,
            "eps_4q_growth_year": null,
            "roe": null,
            "roe_4q": 0,
            "gross_profit": 380690,
            "gross_margin": null,
            "gross_margin_4q_avg": 0,
            "net_income": 91131,
            "net_income_4q": null,
            "revenue": 694982,
            "revenue_4q": null,
            "common_shares": 573049,
            "book_valuer_per_share": 27.33,
            "book_valuer_per_share_4q_avg": 27.24,
            "equity": 1566425,
            "current_ratio": 231.73,
            "debt_ratio": 38.39,
            "inventory_turnover_ratio": null,
            "account_receivable_turnover_ratio": null,
            "reinvestment_rate": null,
            "research_to_sale_ratio": null,
            "price_fair": 0,
            "eps_avg_yearly": 0,
            "eps_latest_yearly": 0,
            "eps_growth_yearly": 0
        },
        "20111": {
            "year_quarter": 20111,
            "year": 2011,
            "quarter": 1,
            "eps": 0.13,
            "eps_growth_year": null,
            "eps_4q": 0.13,
            "eps_4q_growth_year": null,
            "roe": 0.47,
            "roe_4q": 0.47,
            "gross_profit": 332329,
            "gross_margin": 47.72,
            "gross_margin_4q_avg": 11.93,
            "net_income": 7464,
            "net_income_4q": null,
            "revenue": 696404,
            "revenue_4q": null,
            "common_shares": 573049,
            "book_valuer_per_share": 27.86,
            "book_valuer_per_share_4q_avg": 27.5,
            "equity": 1596591,
            "current_ratio": 270.55,
            "debt_ratio": 32.74,
            "inventory_turnover_ratio": 0.39,
            "account_receivable_turnover_ratio": 1.62,
            "reinvestment_rate": null,
            "research_to_sale_ratio": null,
            "price_fair": 0,
            "eps_avg_yearly": 0,
            "eps_latest_yearly": 0,
            "eps_growth_yearly": 0
        },
        "20112": {
            "year_quarter": 20112,
            "year": 2011,
            "quarter": 2,
            "eps": -0.85,
            "eps_growth_year": null,
            "eps_4q": -0.72,
            "eps_4q_growth_year": null,
            "roe": -3.21,
            "roe_4q": -2.74,
            "gross_profit": 251710,
            "gross_margin": 55.96,
            "gross_margin_4q_avg": 25.92,
            "net_income": -49562,
            "net_income_4q": null,
            "revenue": 449819,
            "revenue_4q": null,
            "common_shares": 573049,
            "book_valuer_per_share": 26.07,
            "book_valuer_per_share_4q_avg": 27.1,
            "equity": 1494100,
            "current_ratio": 249.68,
            "debt_ratio": 35.22,
            "inventory_turnover_ratio": 0.2,
            "account_receivable_turnover_ratio": 1.32,
            "reinvestment_rate": null,
            "research_to_sale_ratio": null,
            "price_fair": 0,
            "eps_avg_yearly": 0,
            "eps_latest_yearly": 0,
            "eps_growth_yearly": 0
        },
        "20113": {
            "year_quarter": 20113,
            "year": 2011,
            "quarter": 3,
            "eps": 0.77,
            "eps_growth_year": null,
            "eps_4q": 0.05,
            "eps_4q_growth_year": null,
            "roe": 2.86,
            "roe_4q": 0.11999999999999988,
            "gross_profit": 368304,
            "gross_margin": 45.76,
            "gross_margin_4q_avg": 37.36,
            "net_income": 45239,
            "net_income_4q": null,
            "revenue": 804867,
            "revenue_4q": null,
            "common_shares": 573049,
            "book_valuer_per_share": 29.09,
            "book_valuer_per_share_4q_avg": 27.59,
            "equity": 1666715,
            "current_ratio": 211.98,
            "debt_ratio": 42.1,
            "inventory_turnover_ratio": 0.37,
            "account_receivable_turnover_ratio": 2,
            "reinvestment_rate": null,
            "research_to_sale_ratio": null,
            "price_fair": 0,
            "eps_avg_yearly": 0,
            "eps_latest_yearly": 0,
            "eps_growth_yearly": 0
        },
        "20114": {
            "year_quarter": 20114,
            "year": 2011,
            "quarter": 4,
            "eps": 0.75,
            "eps_growth_year": null,
            "eps_4q": 0.8,
            "eps_4q_growth_year": null,
            "roe": 2.8,
            "roe_4q": 2.92,
            "gross_profit": 475989,
            "gross_margin": 51.07,
            "gross_margin_4q_avg": 50.13,
            "net_income": 49677,
            "net_income_4q": null,
            "revenue": 932055,
            "revenue_4q": null,
            "common_shares": 663233,
            "book_valuer_per_share": 28.28,
            "book_valuer_per_share_4q_avg": 27.83,
            "equity": 1875314,
            "current_ratio": 234.99,
            "debt_ratio": 38.54,
            "inventory_turnover_ratio": 0.33,
            "account_receivable_turnover_ratio": 1.56,
            "reinvestment_rate": null,
            "research_to_sale_ratio": null,
            "price_fair": 9,
            "eps_avg_yearly": 3,
            "eps_latest_yearly": 3,
            "eps_growth_yearly": -10.39
        },
        "20121": {
            "year_quarter": 20121,
            "year": 2012,
            "quarter": 1,
            "eps": -1.17,
            "eps_growth_year": -1000,
            "eps_4q": -0.49,
            "eps_4q_growth_year": -474.11,
            "roe": -4.29,
            "roe_4q": -1.8400000000000003,
            "gross_profit": 296132,
            "gross_margin": 45.34,
            "gross_margin_4q_avg": 49.53,
            "net_income": -77672,
            "net_income_4q": null,
            "revenue": 653203,
            "revenue_4q": null,
            "common_shares": 663233,
            "book_valuer_per_share": 26.38,
            "book_valuer_per_share_4q_avg": 27.46,
            "equity": 1749820,
            "current_ratio": 243.97,
            "debt_ratio": 36.84,
            "inventory_turnover_ratio": 0.26,
            "account_receivable_turnover_ratio": 1.12,
            "reinvestment_rate": null,
            "research_to_sale_ratio": null,
            "price_fair": 9,
            "eps_avg_yearly": 3,
            "eps_latest_yearly": 3,
            "eps_growth_yearly": -10.39
        },
        "20122": {
            "year_quarter": 20122,
            "year": 2012,
            "quarter": 2,
            "eps": -2.52,
            "eps_growth_year": null,
            "eps_4q": -2.26,
            "eps_4q_growth_year": null,
            "roe": -10.03,
            "roe_4q": -8.66,
            "gross_profit": 146969,
            "gross_margin": 43.5,
            "gross_margin_4q_avg": 46.42,
            "net_income": -167210,
            "net_income_4q": null,
            "revenue": 337884,
            "revenue_4q": null,
            "common_shares": 663233,
            "book_valuer_per_share": 23.88,
            "book_valuer_per_share_4q_avg": 26.91,
            "equity": 1583758,
            "current_ratio": 233.03,
            "debt_ratio": 38.06,
            "inventory_turnover_ratio": 0.14,
            "account_receivable_turnover_ratio": 0.9,
            "reinvestment_rate": null,
            "research_to_sale_ratio": null,
            "price_fair": 9,
            "eps_avg_yearly": 3,
            "eps_latest_yearly": 3,
            "eps_growth_yearly": -10.39
        },
        "20123": {
            "year_quarter": 20123,
            "year": 2012,
            "quarter": 3,
            "eps": -0.94,
            "eps_growth_year": -222.12,
            "eps_4q": -3.89,
            "eps_4q_growth_year": -7341.26,
            "roe": -4.08,
            "roe_4q": -15.599999999999998,
            "gross_profit": 205995,
            "gross_margin": 41.55,
            "gross_margin_4q_avg": 45.37,
            "net_income": -62625,
            "net_income_4q": null,
            "revenue": 495799,
            "revenue_4q": null,
            "common_shares": 663233,
            "book_valuer_per_share": 22.35,
            "book_valuer_per_share_4q_avg": 25.22,
            "equity": 1482539,
            "current_ratio": 185.76,
            "debt_ratio": 47.73,
            "inventory_turnover_ratio": 0.19,
            "account_receivable_turnover_ratio": 1.52,
            "reinvestment_rate": null,
            "research_to_sale_ratio": null,
            "price_fair": 9,
            "eps_avg_yearly": 3,
            "eps_latest_yearly": 3,
            "eps_growth_yearly": -10.39
        },
        "20124": {
            "year_quarter": 20124,
            "year": 2012,
            "quarter": 4,
            "eps": 0.47,
            "eps_growth_year": -37.41,
            "eps_4q": -4.17,
            "eps_4q_growth_year": -623.33,
            "roe": 2.07,
            "roe_4q": -16.33,
            "gross_profit": 339948,
            "gross_margin": 43.45,
            "gross_margin_4q_avg": 43.46,
            "net_income": 31094,
            "net_income_4q": null,
            "revenue": 782450,
            "revenue_4q": null,
            "common_shares": 663233,
            "book_valuer_per_share": 22.99,
            "book_valuer_per_share_4q_avg": 23.9,
            "equity": 1525094,
            "current_ratio": 237.5,
            "debt_ratio": 44.19,
            "inventory_turnover_ratio": 0.29,
            "account_receivable_turnover_ratio": 1.87,
            "reinvestment_rate": null,
            "research_to_sale_ratio": null,
            "price_fair": 9,
            "eps_avg_yearly": 3,
            "eps_latest_yearly": 3,
            "eps_growth_yearly": -10.39
        },
        "20131": {
            "year_quarter": 20131,
            "year": 2013,
            "quarter": 1,
            "eps": -1.38,
            "eps_growth_year": null,
            "eps_4q": -3.34,
            "eps_4q_growth_year": null,
            "roe": -7.37,
            "roe_4q": -19.41,
            "gross_profit": 324022,
            "gross_margin": 47.69,
            "gross_margin_4q_avg": 44.05,
            "net_income": -122603,
            "net_income_4q": null,
            "revenue": 679400,
            "revenue_4q": null,
            "common_shares": 963233,
            "book_valuer_per_share": 18.72,
            "book_valuer_per_share_4q_avg": 21.99,
            "equity": 1803098,
            "current_ratio": 258.25,
            "debt_ratio": 40.63,
            "inventory_turnover_ratio": 0.25,
            "account_receivable_turnover_ratio": 1.59,
            "reinvestment_rate": null,
            "research_to_sale_ratio": null,
            "price_fair": 9,
            "eps_avg_yearly": 3,
            "eps_latest_yearly": 3,
            "eps_growth_yearly": -10.39
        },
        "20132": {
            "year_quarter": 20132,
            "year": 2013,
            "quarter": 2,
            "eps": -2.06,
            "eps_growth_year": null,
            "eps_4q": -3.66,
            "eps_4q_growth_year": null,
            "roe": -11.53,
            "roe_4q": -20.909999999999997,
            "gross_profit": 177551,
            "gross_margin": 48.63,
            "gross_margin_4q_avg": 45.33,
            "net_income": -198136,
            "net_income_4q": null,
            "revenue": 365088,
            "revenue_4q": null,
            "common_shares": 963233,
            "book_valuer_per_share": 16.96,
            "book_valuer_per_share_4q_avg": 20.26,
            "equity": 1633945,
            "current_ratio": 308.92,
            "debt_ratio": 35.57,
            "inventory_turnover_ratio": 0.14,
            "account_receivable_turnover_ratio": 1.03,
            "reinvestment_rate": null,
            "research_to_sale_ratio": null,
            "price_fair": 9,
            "eps_avg_yearly": 3,
            "eps_latest_yearly": 3,
            "eps_growth_yearly": -10.39
        },
        "20133": {
            "year_quarter": 20133,
            "year": 2013,
            "quarter": 3,
            "eps": -1.89,
            "eps_growth_year": null,
            "eps_4q": -4.89,
            "eps_4q_growth_year": null,
            "roe": -11.85,
            "roe_4q": -28.68,
            "gross_profit": 142323,
            "gross_margin": 33.13,
            "gross_margin_4q_avg": 43.23,
            "net_income": -181852,
            "net_income_4q": null,
            "revenue": 429545,
            "revenue_4q": null,
            "common_shares": 963233,
            "book_valuer_per_share": 14.89,
            "book_valuer_per_share_4q_avg": 18.39,
            "equity": 1434273,
            "current_ratio": 200.31,
            "debt_ratio": 42.51,
            "inventory_turnover_ratio": 0.22,
            "account_receivable_turnover_ratio": 1.4,
            "reinvestment_rate": null,
            "research_to_sale_ratio": null,
            "price_fair": 9,
            "eps_avg_yearly": 3,
            "eps_latest_yearly": 3,
            "eps_growth_yearly": -10.39
        },
        "20134": {
            "year_quarter": 20134,
            "year": 2013,
            "quarter": 4,
            "eps": -1.64,
            "eps_growth_year": -448.79,
            "eps_4q": -6.85,
            "eps_4q_growth_year": null,
            "roe": -11.52,
            "roe_4q": -42.269999999999996,
            "gross_profit": 308803,
            "gross_margin": 50.02,
            "gross_margin_4q_avg": 44.87,
            "net_income": -157508,
            "net_income_4q": null,
            "revenue": 617367,
            "revenue_4q": null,
            "common_shares": 963233,
            "book_valuer_per_share": 13.5,
            "book_valuer_per_share_4q_avg": 16.02,
            "equity": 1300528,
            "current_ratio": 182.08,
            "debt_ratio": 47.3,
            "inventory_turnover_ratio": 0.23,
            "account_receivable_turnover_ratio": 1.87,
            "reinvestment_rate": null,
            "research_to_sale_ratio": null,
            "price_fair": 9,
            "eps_avg_yearly": 3,
            "eps_latest_yearly": 3,
            "eps_growth_yearly": -10.39
        },
        "20141": {
            "year_quarter": 20141,
            "year": 2014,
            "quarter": 1,
            "eps": -1.85,
            "eps_growth_year": null,
            "eps_4q": -7.43,
            "eps_4q_growth_year": null,
            "roe": -14.72,
            "roe_4q": -49.620000000000005,
            "gross_profit": 229975,
            "gross_margin": 42.98,
            "gross_margin_4q_avg": 43.69,
            "net_income": -178232,
            "net_income_4q": null,
            "revenue": 535119,
            "revenue_4q": null,
            "common_shares": 963233,
            "book_valuer_per_share": 11.64,
            "book_valuer_per_share_4q_avg": 14.25,
            "equity": 1121295,
            "current_ratio": 171.94,
            "debt_ratio": 48.52,
            "inventory_turnover_ratio": 0.26,
            "account_receivable_turnover_ratio": 1.75,
            "reinvestment_rate": null,
            "research_to_sale_ratio": null,
            "price_fair": 9,
            "eps_avg_yearly": 3,
            "eps_latest_yearly": 3,
            "eps_growth_yearly": -10.39
        },
        "20142": {
            "year_quarter": 20142,
            "year": 2014,
            "quarter": 2,
            "eps": -1.87,
            "eps_growth_year": null,
            "eps_4q": -7.24,
            "eps_4q_growth_year": null,
            "roe": -17.61,
            "roe_4q": -55.699999999999996,
            "gross_profit": 95176,
            "gross_margin": 33.09,
            "gross_margin_4q_avg": 39.81,
            "net_income": -179975,
            "net_income_4q": null,
            "revenue": 287659,
            "revenue_4q": null,
            "common_shares": 963233,
            "book_valuer_per_share": 9.57,
            "book_valuer_per_share_4q_avg": 12.4,
            "equity": 922187,
            "current_ratio": 150.94,
            "debt_ratio": 53.96,
            "inventory_turnover_ratio": 0.18,
            "account_receivable_turnover_ratio": 1.29,
            "reinvestment_rate": null,
            "research_to_sale_ratio": null,
            "price_fair": 9,
            "eps_avg_yearly": 3,
            "eps_latest_yearly": 3,
            "eps_growth_yearly": -10.39
        },
        "20143": {
            "year_quarter": 20143,
            "year": 2014,
            "quarter": 3,
            "eps": -2.19,
            "eps_growth_year": null,
            "eps_4q": -7.55,
            "eps_4q_growth_year": null,
            "roe": -25.52,
            "roe_4q": -69.36999999999999,
            "gross_profit": 77549,
            "gross_margin": 28.35,
            "gross_margin_4q_avg": 38.61,
            "net_income": -211151,
            "net_income_4q": null,
            "revenue": 273510,
            "revenue_4q": null,
            "common_shares": 963233,
            "book_valuer_per_share": 7.61,
            "book_valuer_per_share_4q_avg": 10.58,
            "equity": 732784,
            "current_ratio": 161.5,
            "debt_ratio": 61.13,
            "inventory_turnover_ratio": 0.2,
            "account_receivable_turnover_ratio": 1.51,
            "reinvestment_rate": null,
            "research_to_sale_ratio": null,
            "price_fair": 9,
            "eps_avg_yearly": 3,
            "eps_latest_yearly": 3,
            "eps_growth_yearly": -10.39
        },
        "20144": {
            "year_quarter": 20144,
            "year": 2014,
            "quarter": 4,
            "eps": 0.14,
            "eps_growth_year": null,
            "eps_4q": -5.78,
            "eps_4q_growth_year": null,
            "roe": 1.73,
            "roe_4q": -56.12,
            "gross_profit": 54294,
            "gross_margin": 11.28,
            "gross_margin_4q_avg": 28.93,
            "net_income": 13024,
            "net_income_4q": null,
            "revenue": 481443,
            "revenue_4q": null,
            "common_shares": 963233,
            "book_valuer_per_share": 7.99,
            "book_valuer_per_share_4q_avg": 9.2,
            "equity": 769934,
            "current_ratio": 175.49,
            "debt_ratio": 54.69,
            "inventory_turnover_ratio": 0.5,
            "account_receivable_turnover_ratio": 2.51,
            "reinvestment_rate": null,
            "research_to_sale_ratio": null,
            "price_fair": 9,
            "eps_avg_yearly": 3,
            "eps_latest_yearly": 3,
            "eps_growth_yearly": -10.39
        },
        "20151": {
            "year_quarter": 20151,
            "year": 2015,
            "quarter": 1,
            "eps": -0.87,
            "eps_growth_year": null,
            "eps_4q": -4.8,
            "eps_4q_growth_year": null,
            "roe": -11.59,
            "roe_4q": -52.989999999999995,
            "gross_profit": 179187,
            "gross_margin": 43.82,
            "gross_margin_4q_avg": 29.14,
            "net_income": -84025,
            "net_income_4q": null,
            "revenue": 408930,
            "revenue_4q": null,
            "common_shares": 963233,
            "book_valuer_per_share": 7.06,
            "book_valuer_per_share_4q_avg": 8.06,
            "equity": 680253,
            "current_ratio": 175.61,
            "debt_ratio": 53.77,
            "inventory_turnover_ratio": 0.37,
            "account_receivable_turnover_ratio": 2.07,
            "reinvestment_rate": null,
            "research_to_sale_ratio": null,
            "price_fair": 9,
            "eps_avg_yearly": 3,
            "eps_latest_yearly": 3,
            "eps_growth_yearly": -10.39
        },
        "20152": {
            "year_quarter": 20152,
            "year": 2015,
            "quarter": 2,
            "eps": -1.82,
            "eps_growth_year": null,
            "eps_4q": -4.75,
            "eps_4q_growth_year": null,
            "roe": -29.88,
            "roe_4q": -65.26,
            "gross_profit": 23718,
            "gross_margin": 10.75,
            "gross_margin_4q_avg": 23.55,
            "net_income": -175453,
            "net_income_4q": null,
            "revenue": 220538,
            "revenue_4q": null,
            "common_shares": 963233,
            "book_valuer_per_share": 5.13,
            "book_valuer_per_share_4q_avg": 6.95,
            "equity": 493962,
            "current_ratio": 245.74,
            "debt_ratio": 39.19,
            "inventory_turnover_ratio": 0.43,
            "account_receivable_turnover_ratio": 1.52,
            "reinvestment_rate": null,
            "research_to_sale_ratio": null,
            "price_fair": 9,
            "eps_avg_yearly": 3,
            "eps_latest_yearly": 3,
            "eps_growth_yearly": -10.39
        },
        "20153": {
            "year_quarter": 20153,
            "year": 2015,
            "quarter": 3,
            "eps": -1.31,
            "eps_growth_year": null,
            "eps_4q": -3.87,
            "eps_4q_growth_year": null,
            "roe": -28.75,
            "roe_4q": -68.49,
            "gross_profit": 36227,
            "gross_margin": 17.9,
            "gross_margin_4q_avg": 20.94,
            "net_income": -126392,
            "net_income_4q": null,
            "revenue": 202404,
            "revenue_4q": null,
            "common_shares": 963233,
            "book_valuer_per_share": 4,
            "book_valuer_per_share_4q_avg": 6.05,
            "equity": 385241,
            "current_ratio": 194.84,
            "debt_ratio": 47.94,
            "inventory_turnover_ratio": 0.45,
            "account_receivable_turnover_ratio": 1.88,
            "reinvestment_rate": null,
            "research_to_sale_ratio": null,
            "price_fair": 9,
            "eps_avg_yearly": 3,
            "eps_latest_yearly": 3,
            "eps_growth_yearly": -10.39
        },
        "20154": {
            "year_quarter": 20154,
            "year": 2015,
            "quarter": 4,
            "eps": -0.83,
            "eps_growth_year": -710.73,
            "eps_4q": -4.83,
            "eps_4q_growth_year": null,
            "roe": -23.19,
            "roe_4q": -93.41,
            "gross_profit": 145022,
            "gross_margin": 53.77,
            "gross_margin_4q_avg": 31.56,
            "net_income": -79541,
            "net_income_4q": null,
            "revenue": 269719,
            "revenue_4q": null,
            "common_shares": 963233,
            "book_valuer_per_share": 3.12,
            "book_valuer_per_share_4q_avg": 4.83,
            "equity": 300799,
            "current_ratio": 182.2,
            "debt_ratio": 54.94,
            "inventory_turnover_ratio": 0.37,
            "account_receivable_turnover_ratio": 2.59,
            "reinvestment_rate": null,
            "research_to_sale_ratio": null,
            "price_fair": 0,
            "eps_avg_yearly": 0,
            "eps_latest_yearly": 0,
            "eps_growth_yearly": 0
        },
        "20161": {
            "year_quarter": 20161,
            "year": 2016,
            "quarter": 1,
            "eps": -0.19,
            "eps_growth_year": null,
            "eps_4q": -4.15,
            "eps_4q_growth_year": null,
            "roe": -6.21,
            "roe_4q": -88.03,
            "gross_profit": 134433,
            "gross_margin": 59.71,
            "gross_margin_4q_avg": 35.53,
            "net_income": -17991,
            "net_income_4q": null,
            "revenue": 225145,
            "revenue_4q": null,
            "common_shares": 963233,
            "book_valuer_per_share": 2.89,
            "book_valuer_per_share_4q_avg": 3.79,
            "equity": 278425,
            "current_ratio": 170.52,
            "debt_ratio": 57.94,
            "inventory_turnover_ratio": 0.29,
            "account_receivable_turnover_ratio": 2.5,
            "reinvestment_rate": null,
            "research_to_sale_ratio": null,
            "price_fair": 0,
            "eps_avg_yearly": 0,
            "eps_latest_yearly": 0,
            "eps_growth_yearly": 0
        },
        "20162": {
            "year_quarter": 20162,
            "year": 2016,
            "quarter": 2,
            "eps": -1.22,
            "eps_growth_year": null,
            "eps_4q": -8.68,
            "eps_4q_growth_year": null,
            "roe": -14.25,
            "roe_4q": -72.4,
            "gross_profit": 90202,
            "gross_margin": 56.58,
            "gross_margin_4q_avg": 46.99,
            "net_income": -36611,
            "net_income_4q": null,
            "revenue": 159426,
            "revenue_4q": null,
            "common_shares": 300000,
            "book_valuer_per_share": 7.85,
            "book_valuer_per_share_4q_avg": 4.47,
            "equity": 235486,
            "current_ratio": 168.45,
            "debt_ratio": 58.73,
            "inventory_turnover_ratio": 0.23,
            "account_receivable_turnover_ratio": 2.33,
            "reinvestment_rate": null,
            "research_to_sale_ratio": null,
            "price_fair": 0,
            "eps_avg_yearly": 0,
            "eps_latest_yearly": 0,
            "eps_growth_yearly": 0
        },
        "20163": {
            "year_quarter": 20163,
            "year": 2016,
            "quarter": 3,
            "eps": -1.1,
            "eps_growth_year": null,
            "eps_4q": -5.57,
            "eps_4q_growth_year": null,
            "roe": -15.21,
            "roe_4q": -58.86,
            "gross_profit": 85948,
            "gross_margin": 51.79,
            "gross_margin_4q_avg": 55.46,
            "net_income": -32865,
            "net_income_4q": null,
            "revenue": 165950,
            "revenue_4q": null,
            "common_shares": 300000,
            "book_valuer_per_share": 6.55,
            "book_valuer_per_share_4q_avg": 5.1,
            "equity": 196612,
            "current_ratio": 155.41,
            "debt_ratio": 65.23,
            "inventory_turnover_ratio": 0.28,
            "account_receivable_turnover_ratio": 2.54,
            "reinvestment_rate": null,
            "research_to_sale_ratio": null,
            "price_fair": 0,
            "eps_avg_yearly": 0,
            "eps_latest_yearly": 0,
            "eps_growth_yearly": 0
        },
        "20164": {
            "year_quarter": 20164,
            "year": 2016,
            "quarter": 4,
            "eps": -1.64,
            "eps_growth_year": null,
            "eps_4q": -4.55,
            "eps_4q_growth_year": null,
            "roe": -28.62,
            "roe_4q": -64.28999999999999,
            "gross_profit": 115140,
            "gross_margin": 40.05,
            "gross_margin_4q_avg": 52.03,
            "net_income": -49109,
            "net_income_4q": null,
            "revenue": 287469,
            "revenue_4q": null,
            "common_shares": 300000,
            "book_valuer_per_share": 4.88,
            "book_valuer_per_share_4q_avg": 5.54,
            "equity": 146535,
            "current_ratio": 137.13,
            "debt_ratio": 72.92,
            "inventory_turnover_ratio": 0.7,
            "account_receivable_turnover_ratio": 3.29,
            "reinvestment_rate": null,
            "research_to_sale_ratio": null,
            "price_fair": 0,
            "eps_avg_yearly": 0,
            "eps_latest_yearly": 0,
            "eps_growth_yearly": 0
        },
        "20171": {
            "year_quarter": 20171,
            "year": 2017,
            "quarter": 1,
            "eps": -0.6,
            "eps_growth_year": null,
            "eps_4q": -4.55,
            "eps_4q_growth_year": null,
            "roe": -13.42,
            "roe_4q": -71.5,
            "gross_profit": 115498,
            "gross_margin": 56.48,
            "gross_margin_4q_avg": 51.23,
            "net_income": -17969,
            "net_income_4q": null,
            "revenue": 204496,
            "revenue_4q": null,
            "common_shares": 300000,
            "book_valuer_per_share": 4.04,
            "book_valuer_per_share_4q_avg": 5.83,
            "equity": 121279,
            "current_ratio": 143.89,
            "debt_ratio": 70.05,
            "inventory_turnover_ratio": 0.5,
            "account_receivable_turnover_ratio": 2.53,
            "reinvestment_rate": null,
            "research_to_sale_ratio": null,
            "price_fair": 0,
            "eps_avg_yearly": 0,
            "eps_latest_yearly": 0,
            "eps_growth_yearly": 0
        },
        "20172": {
            "year_quarter": 20172,
            "year": 2017,
            "quarter": 2,
            "eps": -0.32,
            "eps_growth_year": null,
            "eps_4q": -3.65,
            "eps_4q_growth_year": null,
            "roe": -8.2,
            "roe_4q": -65.44999999999999,
            "gross_profit": 93017,
            "gross_margin": 64.39,
            "gross_margin_4q_avg": 53.18,
            "net_income": -9608,
            "net_income_4q": null,
            "revenue": 144461,
            "revenue_4q": null,
            "common_shares": 300000,
            "book_valuer_per_share": 3.77,
            "book_valuer_per_share_4q_avg": 4.81,
            "equity": 113055,
            "current_ratio": 143.36,
            "debt_ratio": 69.14,
            "inventory_turnover_ratio": 0.34,
            "account_receivable_turnover_ratio": 2.62,
            "reinvestment_rate": null,
            "research_to_sale_ratio": null,
            "price_fair": 0,
            "eps_avg_yearly": 0,
            "eps_latest_yearly": 0,
            "eps_growth_yearly": 0
        },
        "20173": {
            "year_quarter": 20173,
            "year": 2017,
            "quarter": 3,
            "eps": -0.2,
            "eps_growth_year": null,
            "eps_4q": -1.45,
            "eps_4q_growth_year": null,
            "roe": -5.35,
            "roe_4q": -55.59,
            "gross_profit": 191386,
            "gross_margin": 57.41,
            "gross_margin_4q_avg": 54.58,
            "net_income": -11174,
            "net_income_4q": null,
            "revenue": 333382,
            "revenue_4q": null,
            "common_shares": 600000,
            "book_valuer_per_share": 5.01,
            "book_valuer_per_share_4q_avg": 4.43,
            "equity": 304531,
            "current_ratio": 120.96,
            "debt_ratio": 69.02,
            "inventory_turnover_ratio": 0.43,
            "account_receivable_turnover_ratio": 3.91,
            "reinvestment_rate": null,
            "research_to_sale_ratio": 1.18,
            "price_fair": 0,
            "eps_avg_yearly": 0,
            "eps_latest_yearly": 0,
            "eps_growth_yearly": 0
        },
        "20174": {
            "year_quarter": 20174,
            "year": 2017,
            "quarter": 4,
            "eps": 0.67,
            "eps_growth_year": null,
            "eps_4q": 0.04,
            "eps_4q_growth_year": null,
            "roe": 12.37,
            "roe_4q": -14.6,
            "gross_profit": 303207,
            "gross_margin": 60.93,
            "gross_margin_4q_avg": 59.8,
            "net_income": 40284,
            "net_income_4q": null,
            "revenue": 497652,
            "revenue_4q": null,
            "common_shares": 600000,
            "book_valuer_per_share": 5.71,
            "book_valuer_per_share_4q_avg": 4.63,
            "equity": 346530,
            "current_ratio": 124.87,
            "debt_ratio": 67.52,
            "inventory_turnover_ratio": 0.4,
            "account_receivable_turnover_ratio": 3.14,
            "reinvestment_rate": null,
            "research_to_sale_ratio": 0.89,
            "price_fair": 0,
            "eps_avg_yearly": 0,
            "eps_latest_yearly": 0,
            "eps_growth_yearly": 0
        },
        "20181": {
            "year_quarter": 20181,
            "year": 2018,
            "quarter": 1,
            "eps": 0.04,
            "eps_growth_year": null,
            "eps_4q": 0.38,
            "eps_4q_growth_year": null,
            "roe": 0.67,
            "roe_4q": -0.5099999999999998,
            "gross_profit": 245893,
            "gross_margin": 56.35,
            "gross_margin_4q_avg": 59.77,
            "net_income": 2344,
            "net_income_4q": null,
            "revenue": 436381,
            "revenue_4q": null,
            "common_shares": 600000,
            "book_valuer_per_share": 5.79,
            "book_valuer_per_share_4q_avg": 5.07,
            "equity": 351524,
            "current_ratio": 128.84,
            "debt_ratio": 65.88,
            "inventory_turnover_ratio": 0.42,
            "account_receivable_turnover_ratio": 2.32,
            "reinvestment_rate": null,
            "research_to_sale_ratio": 1.06,
            "price_fair": 0.48,
            "eps_avg_yearly": 0.16,
            "eps_latest_yearly": 0.16,
            "eps_growth_yearly": -376.12
        },
        "20182": {
            "year_quarter": 20182,
            "year": 2018,
            "quarter": 2,
            "eps": -0.17,
            "eps_growth_year": null,
            "eps_4q": 0.91,
            "eps_4q_growth_year": null,
            "roe": -1.42,
            "roe_4q": 6.27,
            "gross_profit": 209918,
            "gross_margin": 58.03,
            "gross_margin_4q_avg": 58.18,
            "net_income": -4935,
            "net_income_4q": null,
            "revenue": 361718,
            "revenue_4q": null,
            "common_shares": 300000,
            "book_valuer_per_share": 11.31,
            "book_valuer_per_share_4q_avg": 6.96,
            "equity": 343689,
            "current_ratio": 134.9,
            "debt_ratio": 62.38,
            "inventory_turnover_ratio": 0.35,
            "account_receivable_turnover_ratio": 2.31,
            "reinvestment_rate": null,
            "research_to_sale_ratio": 1.12,
            "price_fair": 0.48,
            "eps_avg_yearly": 0.16,
            "eps_latest_yearly": 0.16,
            "eps_growth_yearly": -376.12
        },
        "20183": {
            "year_quarter": 20183,
            "year": 2018,
            "quarter": 3,
            "eps": -0.57,
            "eps_growth_year": null,
            "eps_4q": 0.68,
            "eps_4q_growth_year": null,
            "roe": -5.07,
            "roe_4q": 6.549999999999999,
            "gross_profit": 201314,
            "gross_margin": 55.87,
            "gross_margin_4q_avg": 57.8,
            "net_income": -16917,
            "net_income_4q": null,
            "revenue": 360306,
            "revenue_4q": null,
            "common_shares": 300000,
            "book_valuer_per_share": 10.66,
            "book_valuer_per_share_4q_avg": 8.37,
            "equity": 324299,
            "current_ratio": 131.66,
            "debt_ratio": 67.95,
            "inventory_turnover_ratio": 0.36,
            "account_receivable_turnover_ratio": 2.55,
            "reinvestment_rate": null,
            "research_to_sale_ratio": 1.17,
            "price_fair": 0.48,
            "eps_avg_yearly": 0.16,
            "eps_latest_yearly": 0.16,
            "eps_growth_yearly": -376.12
        },
        "20184": {
            "year_quarter": 20184,
            "year": 2018,
            "quarter": 4,
            "eps": 0.96,
            "eps_growth_year": 43.62,
            "eps_4q": 0.3,
            "eps_4q_growth_year": 628.01,
            "roe": 8.55,
            "roe_4q": 2.7300000000000004,
            "gross_profit": 336247,
            "gross_margin": 62.66,
            "gross_margin_4q_avg": 58.23,
            "net_income": 28920,
            "net_income_4q": null,
            "revenue": 536604,
            "revenue_4q": null,
            "common_shares": 300000,
            "book_valuer_per_share": 11.59,
            "book_valuer_per_share_4q_avg": 9.84,
            "equity": 352183,
            "current_ratio": 129.21,
            "debt_ratio": 68.81,
            "inventory_turnover_ratio": 0.44,
            "account_receivable_turnover_ratio": 2.92,
            "reinvestment_rate": null,
            "research_to_sale_ratio": 1.51,
            "price_fair": 0.48,
            "eps_avg_yearly": 0.16,
            "eps_latest_yearly": 0.16,
            "eps_growth_yearly": -376.12
        },
        "20191": {
            "year_quarter": 20191,
            "year": 2019,
            "quarter": 1,
            "eps": 0.33,
            "eps_growth_year": 725,
            "eps_4q": 0.56,
            "eps_4q_growth_year": 48.58,
            "roe": 2.9,
            "roe_4q": 4.960000000000001,
            "gross_profit": 292597,
            "gross_margin": 58.04,
            "gross_margin_4q_avg": 58.65,
            "net_income": 10172,
            "net_income_4q": null,
            "revenue": 504152,
            "revenue_4q": null,
            "common_shares": 300000,
            "book_valuer_per_share": 11.68,
            "book_valuer_per_share_4q_avg": 11.31,
            "equity": 350499,
            "current_ratio": 110.16,
            "debt_ratio": 74.17,
            "inventory_turnover_ratio": 0.48,
            "account_receivable_turnover_ratio": 2.5,
            "reinvestment_rate": null,
            "research_to_sale_ratio": 1.01,
            "price_fair": 2.22,
            "eps_avg_yearly": 0.74,
            "eps_latest_yearly": 1.32,
            "eps_growth_yearly": -319.31
        },
        "20192": {
            "year_quarter": 20192,
            "year": 2019,
            "quarter": 2,
            "eps": 0.04,
            "eps_growth_year": null,
            "eps_4q": 0.77,
            "eps_4q_growth_year": -15.6,
            "roe": 0.33,
            "roe_4q": 6.710000000000001,
            "gross_profit": 256594,
            "gross_margin": 58.51,
            "gross_margin_4q_avg": 58.77,
            "net_income": 1200,
            "net_income_4q": null,
            "revenue": 438559,
            "revenue_4q": null,
            "common_shares": 300000,
            "book_valuer_per_share": 12.26,
            "book_valuer_per_share_4q_avg": 11.55,
            "equity": 367898,
            "current_ratio": 102.52,
            "debt_ratio": 71.38,
            "inventory_turnover_ratio": 0.45,
            "account_receivable_turnover_ratio": 2.63,
            "reinvestment_rate": null,
            "research_to_sale_ratio": 1.55,
            "price_fair": 1.64,
            "eps_avg_yearly": 0.55,
            "eps_latest_yearly": 0.16,
            "eps_growth_yearly": -330.04
        },
        "20193": {
            "year_quarter": 20193,
            "year": 2019,
            "quarter": 3,
            "eps": -0.18,
            "eps_growth_year": null,
            "eps_4q": 1.15,
            "eps_4q_growth_year": 69.07,
            "roe": -1.55,
            "roe_4q": 10.23,
            "gross_profit": 232649,
            "gross_margin": 55.89,
            "gross_margin_4q_avg": 58.78,
            "net_income": -5630,
            "net_income_4q": null,
            "revenue": 416254,
            "revenue_4q": null,
            "common_shares": 300000,
            "book_valuer_per_share": 11.96,
            "book_valuer_per_share_4q_avg": 11.87,
            "equity": 358714,
            "current_ratio": 99.76,
            "debt_ratio": 73.05,
            "inventory_turnover_ratio": 0.44,
            "account_receivable_turnover_ratio": 2.52,
            "reinvestment_rate": null,
            "research_to_sale_ratio": 1.48,
            "price_fair": 1.64,
            "eps_avg_yearly": 0.55,
            "eps_latest_yearly": 0.16,
            "eps_growth_yearly": -330.04
        },
        "20194": {
            "year_quarter": 20194,
            "year": 2019,
            "quarter": 4,
            "eps": -1.01,
            "eps_growth_year": -204.67,
            "eps_4q": -0.82,
            "eps_4q_growth_year": -372.64,
            "roe": -8.4,
            "roe_4q": -6.720000000000001,
            "gross_profit": 322814,
            "gross_margin": 58.45,
            "gross_margin_4q_avg": 57.72,
            "net_income": -30214,
            "net_income_4q": null,
            "revenue": 552273,
            "revenue_4q": null,
            "common_shares": 300000,
            "book_valuer_per_share": 10.71,
            "book_valuer_per_share_4q_avg": 11.65,
            "equity": 360458,
            "current_ratio": 107.8,
            "debt_ratio": 72.36,
            "inventory_turnover_ratio": 0.55,
            "account_receivable_turnover_ratio": 2.96,
            "reinvestment_rate": null,
            "research_to_sale_ratio": 1.34,
            "price_fair": 1.64,
            "eps_avg_yearly": 0.55,
            "eps_latest_yearly": 0.16,
            "eps_growth_yearly": -330.04
        },
        "20201": {
            "year_quarter": 20201,
            "year": 2020,
            "quarter": 1,
            "eps": -1.09,
            "eps_growth_year": -430.3,
            "eps_4q": -2.24,
            "eps_4q_growth_year": -499.22,
            "roe": -8.64,
            "roe_4q": -18.26,
            "gross_profit": 224322,
            "gross_margin": 48.27,
            "gross_margin_4q_avg": 55.28,
            "net_income": -29205,
            "net_income_4q": null,
            "revenue": 464723,
            "revenue_4q": null,
            "common_shares": 300000,
            "book_valuer_per_share": 9.1,
            "book_valuer_per_share_4q_avg": 11.01,
            "equity": 315616,
            "current_ratio": 107.69,
            "debt_ratio": 74.31,
            "inventory_turnover_ratio": 0.65,
            "account_receivable_turnover_ratio": 2.48,
            "reinvestment_rate": null,
            "research_to_sale_ratio": 1.25,
            "price_fair": 1.64,
            "eps_avg_yearly": 0.55,
            "eps_latest_yearly": 0.16,
            "eps_growth_yearly": -330.04
        },
        "20202": {
            "year_quarter": 20202,
            "year": 2020,
            "quarter": 2,
            "eps": 0.8,
            "eps_growth_year": 1900,
            "eps_4q": -1.48,
            "eps_4q_growth_year": -292.41,
            "roe": 8.07,
            "roe_4q": -10.520000000000001,
            "gross_profit": 203518,
            "gross_margin": 60.17,
            "gross_margin_4q_avg": 55.7,
            "net_income": 26388,
            "net_income_4q": null,
            "revenue": 338248,
            "revenue_4q": null,
            "common_shares": 300000,
            "book_valuer_per_share": 9.77,
            "book_valuer_per_share_4q_avg": 10.39,
            "equity": 337972,
            "current_ratio": 114.76,
            "debt_ratio": 66.96,
            "inventory_turnover_ratio": 0.4,
            "account_receivable_turnover_ratio": 2.06,
            "reinvestment_rate": null,
            "research_to_sale_ratio": 1.66,
            "price_fair": 1.64,
            "eps_avg_yearly": 0.55,
            "eps_latest_yearly": 0.16,
            "eps_growth_yearly": -330.04
        },
        "20203": {
            "year_quarter": 20203,
            "year": 2020,
            "quarter": 3,
            "eps": 1.17,
            "eps_growth_year": null,
            "eps_4q": -0.11,
            "eps_4q_growth_year": -110.02,
            "roe": 11.02,
            "roe_4q": 2.049999999999999,
            "gross_profit": 217286,
            "gross_margin": 59.66,
            "gross_margin_4q_avg": 56.64,
            "net_income": 38773,
            "net_income_4q": null,
            "revenue": 364195,
            "revenue_4q": null,
            "common_shares": 300000,
            "book_valuer_per_share": 10.59,
            "book_valuer_per_share_4q_avg": 10.04,
            "equity": 365994,
            "current_ratio": 118.74,
            "debt_ratio": 66.08,
            "inventory_turnover_ratio": 0.42,
            "account_receivable_turnover_ratio": 2.44,
            "reinvestment_rate": null,
            "research_to_sale_ratio": 1.91,
            "price_fair": 4.74,
            "eps_avg_yearly": 1.58,
            "eps_latest_yearly": 4.68,
            "eps_growth_yearly": -201.28
        },
        "20204": {
            "year_quarter": 20204,
            "year": 2020,
            "quarter": 4,
            "eps": 1.46,
            "eps_growth_year": null,
            "eps_4q": 2.35,
            "eps_4q_growth_year": null,
            "roe": 11.58,
            "roe_4q": 22.03,
            "gross_profit": 287023,
            "gross_margin": 46.55,
            "gross_margin_4q_avg": 53.66,
            "net_income": 45186,
            "net_income_4q": null,
            "revenue": 616538,
            "revenue_4q": null,
            "common_shares": 300000,
            "book_valuer_per_share": 12.16,
            "book_valuer_per_share_4q_avg": 10.41,
            "equity": 414434,
            "current_ratio": 124.43,
            "debt_ratio": 65.19,
            "inventory_turnover_ratio": 0.98,
            "account_receivable_turnover_ratio": 2.49,
            "reinvestment_rate": 78.41,
            "research_to_sale_ratio": 1.19,
            "price_fair": 7.3,
            "eps_avg_yearly": 2.43,
            "eps_latest_yearly": 5.84,
            "eps_growth_yearly": -141.2
        },
        "20211": {
            "year_quarter": 20211,
            "year": 2021,
            "quarter": 1,
            "eps": 1.25,
            "eps_growth_year": null,
            "eps_4q": 4.69,
            "eps_4q_growth_year": null,
            "roe": 10.02,
            "roe_4q": 40.690000000000005,
            "gross_profit": 270415,
            "gross_margin": 59.09,
            "gross_margin_4q_avg": 56.37,
            "net_income": 43497,
            "net_income_4q": null,
            "revenue": 457649,
            "revenue_4q": null,
            "common_shares": 300000,
            "book_valuer_per_share": 13.28,
            "book_valuer_per_share_4q_avg": 11.45,
            "equity": 454198,
            "current_ratio": 143.35,
            "debt_ratio": 56.52,
            "inventory_turnover_ratio": 0.65,
            "account_receivable_turnover_ratio": 1.79,
            "reinvestment_rate": 38.32,
            "research_to_sale_ratio": 1.27,
            "price_fair": 8.58,
            "eps_avg_yearly": 2.86,
            "eps_latest_yearly": 5,
            "eps_growth_yearly": -127.25
        },
        "20212": {
            "year_quarter": 20212,
            "year": 2021,
            "quarter": 2,
            "eps": 0.01,
            "eps_growth_year": -98.75,
            "eps_4q": 3.89,
            "eps_4q_growth_year": null,
            "roe": 0.35,
            "roe_4q": 32.97,
            "gross_profit": 152824,
            "gross_margin": 61.38,
            "gross_margin_4q_avg": 56.67,
            "net_income": 1601,
            "net_income_4q": null,
            "revenue": 248971,
            "revenue_4q": null,
            "common_shares": 300000,
            "book_valuer_per_share": 13.35,
            "book_valuer_per_share_4q_avg": 12.35,
            "equity": 452846,
            "current_ratio": 149.79,
            "debt_ratio": 54.3,
            "inventory_turnover_ratio": 0.33,
            "account_receivable_turnover_ratio": 2.13,
            "reinvestment_rate": 33.95,
            "research_to_sale_ratio": 2.45,
            "price_fair": 7.37,
            "eps_avg_yearly": 2.46,
            "eps_latest_yearly": 0.04,
            "eps_growth_yearly": -165.76
        },
        "20213": {
            "year_quarter": 20213,
            "year": 2021,
            "quarter": 3,
            "eps": 0.79,
            "eps_growth_year": -32.48,
            "eps_4q": 3.31,
            "eps_4q_growth_year": null,
            "roe": 6.2,
            "roe_4q": 28.15,
            "gross_profit": 169819,
            "gross_margin": 55.05,
            "gross_margin_4q_avg": 55.52,
            "net_income": 28654,
            "net_income_4q": null,
            "revenue": 308485,
            "revenue_4q": null,
            "common_shares": 324000,
            "book_valuer_per_share": 12.84,
            "book_valuer_per_share_4q_avg": 12.91,
            "equity": 471413,
            "current_ratio": 150.13,
            "debt_ratio": 55.24,
            "inventory_turnover_ratio": 0.41,
            "account_receivable_turnover_ratio": 2.95,
            "reinvestment_rate": -1.93,
            "research_to_sale_ratio": 1.8,
            "price_fair": 89.08,
            "eps_avg_yearly": 2.55,
            "eps_latest_yearly": 3.16,
            "eps_growth_yearly": 3754.96
        },
        "20214": {
            "year_quarter": 20214,
            "year": 2021,
            "quarter": 4,
            "eps": 1.27,
            "eps_growth_year": -12.83,
            "eps_4q": 3.23,
            "eps_4q_growth_year": 37.43,
            "roe": 8.9,
            "roe_4q": 25.47,
            "gross_profit": 300585,
            "gross_margin": 58.96,
            "gross_margin_4q_avg": 58.62,
            "net_income": 44461,
            "net_income_4q": null,
            "revenue": 509790,
            "revenue_4q": null,
            "common_shares": 324000,
            "book_valuer_per_share": 14.49,
            "book_valuer_per_share_4q_avg": 13.49,
            "equity": 528266,
            "current_ratio": 142.08,
            "debt_ratio": 54.76,
            "inventory_turnover_ratio": 0.62,
            "account_receivable_turnover_ratio": 2.81,
            "reinvestment_rate": 1.9,
            "research_to_sale_ratio": 1.64,
            "price_fair": 98.93,
            "eps_avg_yearly": 2.83,
            "eps_latest_yearly": 5.08,
            "eps_growth_yearly": 3364.75
        },
        "20221": {
            "year_quarter": 20221,
            "year": 2022,
            "quarter": 1,
            "eps": 1.12,
            "eps_growth_year": -10.4,
            "eps_4q": 3.2,
            "eps_4q_growth_year": -31.73,
            "roe": 7.47,
            "roe_4q": 22.92,
            "gross_profit": 271164,
            "gross_margin": 58.98,
            "gross_margin_4q_avg": 58.59,
            "net_income": 41111,
            "net_income_4q": null,
            "revenue": 459764,
            "revenue_4q": null,
            "common_shares": 324000,
            "book_valuer_per_share": 15.71,
            "book_valuer_per_share_4q_avg": 14.1,
            "equity": 572386,
            "current_ratio": 157.77,
            "debt_ratio": 50.19,
            "inventory_turnover_ratio": 0.64,
            "account_receivable_turnover_ratio": 2.29,
            "reinvestment_rate": 5.15,
            "research_to_sale_ratio": 1.28,
            "price_fair": 115.73,
            "eps_avg_yearly": 3.31,
            "eps_latest_yearly": 4.48,
            "eps_growth_yearly": 3401.29
        },
        "20222": {
            "year_quarter": 20222,
            "year": 2022,
            "quarter": 2,
            "eps": -0.08,
            "eps_growth_year": -900,
            "eps_4q": 3.1,
            "eps_4q_growth_year": -20.33,
            "roe": -0.26,
            "roe_4q": 22.31,
            "gross_profit": 185952,
            "gross_margin": 57.83,
            "gross_margin_4q_avg": 57.71,
            "net_income": -1413,
            "net_income_4q": null,
            "revenue": 321545,
            "revenue_4q": null,
            "common_shares": 324000,
            "book_valuer_per_share": 13.95,
            "book_valuer_per_share_4q_avg": 14.25,
            "equity": 529360,
            "current_ratio": 138.8,
            "debt_ratio": 55.96,
            "inventory_turnover_ratio": 0.39,
            "account_receivable_turnover_ratio": 2.08,
            "reinvestment_rate": 8.87,
            "research_to_sale_ratio": 1.8,
            "price_fair": 115.73,
            "eps_avg_yearly": 3.31,
            "eps_latest_yearly": 4.48,
            "eps_growth_yearly": 3401.29
        },
        "20223": {
            "year_quarter": 20223,
            "year": 2022,
            "quarter": 3,
            "eps": 0.75,
            "eps_growth_year": -5.06,
            "eps_4q": 3.06,
            "eps_4q_growth_year": -7.48,
            "roe": 5.29,
            "roe_4q": 21.4,
            "gross_profit": 267219,
            "gross_margin": 52.91,
            "gross_margin_4q_avg": 57.17,
            "net_income": 28806,
            "net_income_4q": null,
            "revenue": 505006,
            "revenue_4q": null,
            "common_shares": 324000,
            "book_valuer_per_share": 14.75,
            "book_valuer_per_share_4q_avg": 14.73,
            "equity": 559857,
            "current_ratio": 138.09,
            "debt_ratio": 57.29,
            "inventory_turnover_ratio": 0.54,
            "account_receivable_turnover_ratio": 3.02,
            "reinvestment_rate": 8.81,
            "research_to_sale_ratio": 1.31,
            "price_fair": 115.73,
            "eps_avg_yearly": 3.31,
            "eps_latest_yearly": 4.48,
            "eps_growth_yearly": 3401.29
        },
        "20224": {
            "year_quarter": 20224,
            "year": 2022,
            "quarter": 4,
            "eps": 1.22,
            "eps_growth_year": -4.1,
            "eps_4q": 3.01,
            "eps_4q_growth_year": -6.83,
            "roe": 6.96,
            "roe_4q": 19.46,
            "gross_profit": 319290,
            "gross_margin": 48.93,
            "gross_margin_4q_avg": 54.66,
            "net_income": 41555,
            "net_income_4q": null,
            "revenue": 652587,
            "revenue_4q": null,
            "common_shares": 324000,
            "book_valuer_per_share": 16.98,
            "book_valuer_per_share_4q_avg": 15.35,
            "equity": 633894,
            "current_ratio": 125.51,
            "debt_ratio": 59.16,
            "inventory_turnover_ratio": 0.71,
            "account_receivable_turnover_ratio": 2.35,
            "reinvestment_rate": 4.32,
            "research_to_sale_ratio": 1.01,
            "price_fair": 121.24,
            "eps_avg_yearly": 3.46,
            "eps_latest_yearly": 4.88,
            "eps_growth_yearly": 3086.23
        },
        "20231": {
            "year_quarter": 20231,
            "year": 2023,
            "quarter": 1,
            "eps": 1.6,
            "eps_growth_year": 42.86,
            "eps_4q": 3.49,
            "eps_4q_growth_year": 8.99,
            "roe": 8.21,
            "roe_4q": 20.2,
            "gross_profit": 318909,
            "gross_margin": 55.11,
            "gross_margin_4q_avg": 53.7,
            "net_income": 55464,
            "net_income_4q": null,
            "revenue": 578698,
            "revenue_4q": null,
            "common_shares": 324000,
            "book_valuer_per_share": 19.41,
            "book_valuer_per_share_4q_avg": 16.27,
            "equity": 716526,
            "current_ratio": 139.57,
            "debt_ratio": 57.38,
            "inventory_turnover_ratio": 0.59,
            "account_receivable_turnover_ratio": 2.05,
            "reinvestment_rate": 84.73,
            "research_to_sale_ratio": 1.26,
            "price_fair": 139.02,
            "eps_avg_yearly": 3.97,
            "eps_latest_yearly": 6.4,
            "eps_growth_yearly": 3124.93
        },
        "20232": {
            "year_quarter": 20232,
            "year": 2023,
            "quarter": 2,
            "eps": 0.54,
            "eps_growth_year": null,
            "eps_4q": 3.99,
            "eps_4q_growth_year": 28.51,
            "roe": 2.44,
            "roe_4q": 22.9,
            "gross_profit": 265774,
            "gross_margin": 55.31,
            "gross_margin_4q_avg": 53.07,
            "net_income": 16779,
            "net_income_4q": null,
            "revenue": 480517,
            "revenue_4q": null,
            "common_shares": 324000,
            "book_valuer_per_share": 17.69,
            "book_valuer_per_share_4q_avg": 17.21,
            "equity": 657734,
            "current_ratio": 130.72,
            "debt_ratio": 58.76,
            "inventory_turnover_ratio": 0.54,
            "account_receivable_turnover_ratio": 2.34,
            "reinvestment_rate": 93.26,
            "research_to_sale_ratio": 1.62,
            "price_fair": 146.02,
            "eps_avg_yearly": 4.17,
            "eps_latest_yearly": 2.16,
            "eps_growth_yearly": 3133.59
        },
        "20233": {
            "year_quarter": 20233,
            "year": 2023,
            "quarter": 3,
            "eps": 0.23,
            "eps_growth_year": -69.33,
            "eps_4q": 3.49,
            "eps_4q_growth_year": 13.8,
            "roe": 1.36,
            "roe_4q": 18.970000000000002,
            "gross_profit": 262243,
            "gross_margin": 50.79,
            "gross_margin_4q_avg": 52.54,
            "net_income": 9059,
            "net_income_4q": null,
            "revenue": 516305,
            "revenue_4q": null,
            "common_shares": 333720,
            "book_valuer_per_share": 17.76,
            "book_valuer_per_share_4q_avg": 17.96,
            "equity": 678771,
            "current_ratio": 116.28,
            "debt_ratio": 64.22,
            "inventory_turnover_ratio": 0.58,
            "account_receivable_turnover_ratio": 2.14,
            "reinvestment_rate": 93.32,
            "research_to_sale_ratio": 1.61,
            "price_fair": 135.67,
            "eps_avg_yearly": 3.88,
            "eps_latest_yearly": 0.92,
            "eps_growth_yearly": 2827.84
        },
        "20234": {
            "year_quarter": 20234,
            "year": 2023,
            "quarter": 4,
            "eps": 0.91,
            "eps_growth_year": -25.54,
            "eps_4q": 3.21,
            "eps_4q_growth_year": 6.6,
            "roe": 4.31,
            "roe_4q": 16.32,
            "gross_profit": 296991,
            "gross_margin": 53.07,
            "gross_margin_4q_avg": 53.57,
            "net_income": 30391,
            "net_income_4q": null,
            "revenue": 559668,
            "revenue_4q": null,
            "common_shares": 333720,
            "book_valuer_per_share": 19.38,
            "book_valuer_per_share_4q_avg": 18.56,
            "equity": 732679,
            "current_ratio": 114.38,
            "debt_ratio": 60.45,
            "inventory_turnover_ratio": 0.54,
            "account_receivable_turnover_ratio": 2.04,
            "reinvestment_rate": 78.44,
            "research_to_sale_ratio": 1.61,
            "price_fair": 134.98,
            "eps_avg_yearly": 3.86,
            "eps_latest_yearly": 3.64,
            "eps_growth_yearly": 2690.74
        }
    },
    "months": {
        "2011-10": {
            "month": "2011-10",
            "price": "24.10",
            "revenue": 285203
        },
        "2011-11": {
            "month": "2011-11",
            "price": "23.37",
            "revenue": 308299
        },
        "2011-12": {
            "month": "2011-12",
            "price": "22.67",
            "revenue": 349639
        },
        "2012-01": {
            "month": "2012-01",
            "price": "22.82",
            "revenue": 321914
        },
        "2012-02": {
            "month": "2012-02",
            "price": "24.60",
            "revenue": 172066
        },
        "2012-03": {
            "month": "2012-03",
            "price": "23.87",
            "revenue": 158854
        },
        "2012-04": {
            "month": "2012-04",
            "price": "18.87",
            "revenue": 154422
        },
        "2012-05": {
            "month": "2012-05",
            "price": "16.60",
            "revenue": 101526
        },
        "2012-06": {
            "month": "2012-06",
            "price": "13.54",
            "revenue": 69849
        },
        "2012-07": {
            "month": "2012-07",
            "price": "13.85",
            "revenue": 98345
        },
        "2012-08": {
            "month": "2012-08",
            "price": "14.06",
            "revenue": 202467
        },
        "2012-09": {
            "month": "2012-09",
            "price": "14.31",
            "revenue": 220925
        },
        "2012-10": {
            "month": "2012-10",
            "price": "13.85",
            "revenue": 272980
        },
        "2012-11": {
            "month": "2012-11",
            "price": "12.50",
            "revenue": 267844
        },
        "2012-12": {
            "month": "2012-12",
            "price": "12.19",
            "revenue": 253654
        },
        "2013-01": {
            "month": "2013-01",
            "price": "12.58",
            "revenue": 237876
        },
        "2013-02": {
            "month": "2013-02",
            "price": "10.88",
            "revenue": 252492
        },
        "2013-03": {
            "month": "2013-03",
            "price": "10.23",
            "revenue": 191007
        },
        "2013-04": {
            "month": "2013-04",
            "price": "11.23",
            "revenue": 133370
        },
        "2013-05": {
            "month": "2013-05",
            "price": "11.04",
            "revenue": 122073
        },
        "2013-06": {
            "month": "2013-06",
            "price": "10.02",
            "revenue": 107670
        },
        "2013-07": {
            "month": "2013-07",
            "price": "9.49",
            "revenue": 95917
        },
        "2013-08": {
            "month": "2013-08",
            "price": "9.00",
            "revenue": 150303
        },
        "2013-09": {
            "month": "2013-09",
            "price": "8.87",
            "revenue": 183324
        },
        "2013-10": {
            "month": "2013-10",
            "price": "9.07",
            "revenue": 180991
        },
        "2013-11": {
            "month": "2013-11",
            "price": "8.33",
            "revenue": 220052
        },
        "2013-12": {
            "month": "2013-12",
            "price": "8.43",
            "revenue": 216325
        },
        "2014-01": {
            "month": "2014-01",
            "price": "10.44",
            "revenue": 260365
        },
        "2014-02": {
            "month": "2014-02",
            "price": "10.47",
            "revenue": 134681
        },
        "2014-03": {
            "month": "2014-03",
            "price": "10.39",
            "revenue": 140074
        },
        "2014-04": {
            "month": "2014-04",
            "price": "9.50",
            "revenue": 109621
        },
        "2014-05": {
            "month": "2014-05",
            "price": "8.53",
            "revenue": 99392
        },
        "2014-06": {
            "month": "2014-06",
            "price": "8.76",
            "revenue": 78646
        },
        "2014-07": {
            "month": "2014-07",
            "price": "9.35",
            "revenue": 73378
        },
        "2014-08": {
            "month": "2014-08",
            "price": "8.92",
            "revenue": 81460
        },
        "2014-09": {
            "month": "2014-09",
            "price": "8.48",
            "revenue": 118674
        },
        "2014-10": {
            "month": "2014-10",
            "price": "7.17",
            "revenue": 133976
        },
        "2014-11": {
            "month": "2014-11",
            "price": "6.43",
            "revenue": 169931
        },
        "2014-12": {
            "month": "2014-12",
            "price": "6.34",
            "revenue": 181239
        },
        "2015-01": {
            "month": "2015-01",
            "price": "6.52",
            "revenue": 139124
        },
        "2015-02": {
            "month": "2015-02",
            "price": "6.34",
            "revenue": 163099
        },
        "2015-03": {
            "month": "2015-03",
            "price": "6.21",
            "revenue": 106706
        },
        "2015-04": {
            "month": "2015-04",
            "price": "6.08",
            "revenue": 90376
        },
        "2015-05": {
            "month": "2015-05",
            "price": "5.77",
            "revenue": 73258
        },
        "2015-06": {
            "month": "2015-06",
            "price": "4.65",
            "revenue": 56904
        },
        "2015-07": {
            "month": "2015-07",
            "price": "4.22",
            "revenue": 63672
        },
        "2015-08": {
            "month": "2015-08",
            "price": "3.18",
            "revenue": 60940
        },
        "2015-09": {
            "month": "2015-09",
            "price": "2.46",
            "revenue": 77792
        },
        "2015-10": {
            "month": "2015-10",
            "price": "2.84",
            "revenue": 72937
        },
        "2015-11": {
            "month": "2015-11",
            "price": "2.42",
            "revenue": 105396
        },
        "2015-12": {
            "month": "2015-12",
            "price": "2.03",
            "revenue": 91386
        },
        "2016-01": {
            "month": "2016-01",
            "price": "2.13",
            "revenue": 86652
        },
        "2016-02": {
            "month": "2016-02",
            "price": "2.19",
            "revenue": 78091
        },
        "2016-03": {
            "month": "2016-03",
            "price": "2.30",
            "revenue": 60402
        },
        "2016-04": {
            "month": "2016-04",
            "price": "2.28",
            "revenue": 54674
        },
        "2016-05": {
            "month": "2016-05",
            "price": "2.17",
            "revenue": 54624
        },
        "2016-06": {
            "month": "2016-06",
            "price": "1.83",
            "revenue": 50129
        },
        "2016-07": {
            "month": "2016-07",
            "price": "7.09",
            "revenue": 47854
        },
        "2016-08": {
            "month": "2016-08",
            "price": "6.83",
            "revenue": 47354
        },
        "2016-09": {
            "month": "2016-09",
            "price": "6.29",
            "revenue": 70495
        },
        "2016-10": {
            "month": "2016-10",
            "price": "6.86",
            "revenue": 69215
        },
        "2016-11": {
            "month": "2016-11",
            "price": "6.11",
            "revenue": 109186
        },
        "2016-12": {
            "month": "2016-12",
            "price": "5.82",
            "revenue": 109314
        },
        "2017-01": {
            "month": "2017-01",
            "price": "6.10",
            "revenue": 79782
        },
        "2017-02": {
            "month": "2017-02",
            "price": "6.03",
            "revenue": 67397
        },
        "2017-03": {
            "month": "2017-03",
            "price": "6.02",
            "revenue": 57317
        },
        "2017-04": {
            "month": "2017-04",
            "price": "5.45",
            "revenue": 53222
        },
        "2017-05": {
            "month": "2017-05",
            "price": "5.37",
            "revenue": 50820
        },
        "2017-06": {
            "month": "2017-06",
            "price": "5.29",
            "revenue": 39663
        },
        "2017-07": {
            "month": "2017-07",
            "price": "5.88",
            "revenue": 46247
        },
        "2017-08": {
            "month": "2017-08",
            "price": "5.82",
            "revenue": 109111
        },
        "2017-09": {
            "month": "2017-09",
            "price": "6.65",
            "revenue": 114110
        },
        "2017-10": {
            "month": "2017-10",
            "price": "8.09",
            "revenue": 146463
        },
        "2017-11": {
            "month": "2017-11",
            "price": "7.92",
            "revenue": 183427
        },
        "2017-12": {
            "month": "2017-12",
            "price": "7.97",
            "revenue": 167761
        },
        "2018-01": {
            "month": "2018-01",
            "price": "8.03",
            "revenue": 147096
        },
        "2018-02": {
            "month": "2018-02",
            "price": "8.36",
            "revenue": 180098
        },
        "2018-03": {
            "month": "2018-03",
            "price": "9.34",
            "revenue": 109187
        },
        "2018-04": {
            "month": "2018-04",
            "price": "11.38",
            "revenue": 121389
        },
        "2018-05": {
            "month": "2018-05",
            "price": "10.30",
            "revenue": 118057
        },
        "2018-06": {
            "month": "2018-06",
            "price": "16.46",
            "revenue": 122273
        },
        "2018-07": {
            "month": "2018-07",
            "price": "17.58",
            "revenue": 102219
        },
        "2018-08": {
            "month": "2018-08",
            "price": "16.57",
            "revenue": 124495
        },
        "2018-09": {
            "month": "2018-09",
            "price": "14.10",
            "revenue": 133592
        },
        "2018-10": {
            "month": "2018-10",
            "price": "13.26",
            "revenue": 171591
        },
        "2018-11": {
            "month": "2018-11",
            "price": "12.32",
            "revenue": 191372
        },
        "2018-12": {
            "month": "2018-12",
            "price": "10.80",
            "revenue": 173642
        },
        "2019-01": {
            "month": "2019-01",
            "price": "10.11",
            "revenue": 190765
        },
        "2019-02": {
            "month": "2019-02",
            "price": "10.96",
            "revenue": 165404
        },
        "2019-03": {
            "month": "2019-03",
            "price": "11.76",
            "revenue": 147983
        },
        "2019-04": {
            "month": "2019-04",
            "price": "13.18",
            "revenue": 145715
        },
        "2019-05": {
            "month": "2019-05",
            "price": "13.07",
            "revenue": 152399
        },
        "2019-06": {
            "month": "2019-06",
            "price": "13.28",
            "revenue": 140444
        },
        "2019-07": {
            "month": "2019-07",
            "price": "13.45",
            "revenue": 132075
        },
        "2019-08": {
            "month": "2019-08",
            "price": "13.08",
            "revenue": 134588
        },
        "2019-09": {
            "month": "2019-09",
            "price": "12.90",
            "revenue": 149591
        },
        "2019-10": {
            "month": "2019-10",
            "price": "12.38",
            "revenue": 183274
        },
        "2019-11": {
            "month": "2019-11",
            "price": "12.67",
            "revenue": 205274
        },
        "2019-12": {
            "month": "2019-12",
            "price": "16.49",
            "revenue": 162322
        },
        "2020-01": {
            "month": "2020-01",
            "price": "21.51",
            "revenue": 222964
        },
        "2020-02": {
            "month": "2020-02",
            "price": "20.42",
            "revenue": 95815
        },
        "2020-03": {
            "month": "2020-03",
            "price": "18.78",
            "revenue": 145945
        },
        "2020-04": {
            "month": "2020-04",
            "price": "17.51",
            "revenue": 96581
        },
        "2020-05": {
            "month": "2020-05",
            "price": "16.83",
            "revenue": 130816
        },
        "2020-06": {
            "month": "2020-06",
            "price": "18.58",
            "revenue": 110850
        },
        "2020-07": {
            "month": "2020-07",
            "price": "20.04",
            "revenue": 125988
        },
        "2020-08": {
            "month": "2020-08",
            "price": "21.21",
            "revenue": 130349
        },
        "2020-09": {
            "month": "2020-09",
            "price": "33.05",
            "revenue": 107858
        },
        "2020-10": {
            "month": "2020-10",
            "price": "34.80",
            "revenue": 214384
        },
        "2020-11": {
            "month": "2020-11",
            "price": "37.52",
            "revenue": 174169
        },
        "2020-12": {
            "month": "2020-12",
            "price": "49.57",
            "revenue": 227986
        },
        "2021-01": {
            "month": "2021-01",
            "price": "49.37",
            "revenue": 174313
        },
        "2021-02": {
            "month": "2021-02",
            "price": "47.83",
            "revenue": 176805
        },
        "2021-03": {
            "month": "2021-03",
            "price": "47.20",
            "revenue": 106531
        },
        "2021-04": {
            "month": "2021-04",
            "price": "44.82",
            "revenue": 121966
        },
        "2021-05": {
            "month": "2021-05",
            "price": "44.26",
            "revenue": 96302
        },
        "2021-06": {
            "month": "2021-06",
            "price": "37.29",
            "revenue": 30703
        },
        "2021-07": {
            "month": "2021-07",
            "price": "35.21",
            "revenue": 81358
        },
        "2021-08": {
            "month": "2021-08",
            "price": "33.14",
            "revenue": 125972
        },
        "2021-09": {
            "month": "2021-09",
            "price": "34.15",
            "revenue": 101155
        },
        "2021-10": {
            "month": "2021-10",
            "price": "35.23",
            "revenue": 164261
        },
        "2021-11": {
            "month": "2021-11",
            "price": "36.51",
            "revenue": 190794
        },
        "2021-12": {
            "month": "2021-12",
            "price": "38.97",
            "revenue": 154736
        },
        "2022-01": {
            "month": "2022-01",
            "price": "37.32",
            "revenue": 192304
        },
        "2022-02": {
            "month": "2022-02",
            "price": "36.03",
            "revenue": 138163
        },
        "2022-03": {
            "month": "2022-03",
            "price": "37.57",
            "revenue": 129298
        },
        "2022-04": {
            "month": "2022-04",
            "price": "36.42",
            "revenue": 109956
        },
        "2022-05": {
            "month": "2022-05",
            "price": "33.04",
            "revenue": 95132
        },
        "2022-06": {
            "month": "2022-06",
            "price": "31.66",
            "revenue": 116457
        },
        "2022-07": {
            "month": "2022-07",
            "price": "30.40",
            "revenue": 169090
        },
        "2022-08": {
            "month": "2022-08",
            "price": "32.58",
            "revenue": 189583
        },
        "2022-09": {
            "month": "2022-09",
            "price": "31.25",
            "revenue": 146334
        },
        "2022-10": {
            "month": "2022-10",
            "price": "30.20",
            "revenue": 168309
        },
        "2022-11": {
            "month": "2022-11",
            "price": "30.90",
            "revenue": 182386
        },
        "2022-12": {
            "month": "2022-12",
            "price": "30.31",
            "revenue": 301892
        },
        "2023-01": {
            "month": "2023-01",
            "price": "31.83",
            "revenue": 274209
        },
        "2023-02": {
            "month": "2023-02",
            "price": "34.59",
            "revenue": 146026
        },
        "2023-03": {
            "month": "2023-03",
            "price": "36.63",
            "revenue": 158462
        },
        "2023-04": {
            "month": "2023-04",
            "price": "36.11",
            "revenue": 175811
        },
        "2023-05": {
            "month": "2023-05",
            "price": "55.86",
            "revenue": 145778
        },
        "2023-06": {
            "month": "2023-06",
            "price": "74.52",
            "revenue": 158929
        },
        "2023-07": {
            "month": "2023-07",
            "price": "73.12",
            "revenue": 160916
        },
        "2023-08": {
            "month": "2023-08",
            "price": "61.87",
            "revenue": 229112
        },
        "2023-09": {
            "month": "2023-09",
            "price": "77.10",
            "revenue": 126277
        },
        "2023-10": {
            "month": "2023-10",
            "price": "79.55",
            "revenue": 174452
        },
        "2023-11": {
            "month": "2023-11",
            "price": "79.06",
            "revenue": 181070
        },
        "2023-12": {
            "month": "2023-12",
            "price": "69.63",
            "revenue": 204146
        },
        "2024-01": {
            "month": "2024-01",
            "price": "65.21",
            "revenue": 177206
        },
        "2024-02": {
            "month": "2024-02",
            "price": "60.88",
            "revenue": 181716
        }
    }
}
