{
    "summary": {
        "stock_name": "大洋-KY",
        "stock_id": "5907",
        "category": "貿易百貨",
        "main_business": "服飾、珠寶、化妝品、鞋類。<br>運動用品、家用及其他等百貨零售商品。",
        "website_url": "http://www.grandocean.com.tw/",
        "ceo": "黃清海",
        "pe_ratio": -4,
        "report_year_from": 2011,
        "report_year_to": 2023,
        "age": 12,
        "eps_negative_percentage": 25,
        "eps_growth_avg": {
            "last_all": -10.58,
            "last_2y": -100,
            "last_4y": -10.67,
            "last_8y": -11.86,
            "last_12y": null,
            "last_16y": null,
            "last_20y": null,
            "at_2006_last_3y": null,
            "at_2007_last_3y": null,
            "at_2008_last_3y": null,
            "at_2009_last_3y": null,
            "at_2010_last_3y": null,
            "at_2011_last_3y": null,
            "at_2012_last_3y": null,
            "at_2013_last_3y": null,
            "at_2014_last_3y": null,
            "at_2015_last_3y": null,
            "at_2016_last_3y": -14.64,
            "at_2017_last_3y": -12.76,
            "at_2018_last_3y": -2.61,
            "at_2019_last_3y": 19.4,
            "at_2020_last_3y": -6.52,
            "at_2021_last_3y": -10.67,
            "at_2022_last_3y": -40.86,
            "at_2023_last_3y": -40.86,
            "at_2006_last_all": null,
            "at_2007_last_all": null,
            "at_2008_last_all": null,
            "at_2009_last_all": null,
            "at_2010_last_all": null,
            "at_2011_last_all": null,
            "at_2012_last_all": null,
            "at_2013_last_all": null,
            "at_2014_last_all": 3.76,
            "at_2015_last_all": -20.75,
            "at_2016_last_all": -14.64,
            "at_2017_last_all": -10.53,
            "at_2018_last_all": -0.49,
            "at_2019_last_all": 2.19,
            "at_2020_last_all": -10.58,
            "at_2021_last_all": -10.58,
            "at_2022_last_all": -10.58,
            "at_2023_last_all": -10.58
        },
        "latest_eps": -3.79,
        "latest_price": 16.55,
        "latest_roe": -9.52,
        "latest_gross_margin": 81.11,
        "latest_equity": 7310463,
        "latest_revenue": 1056582,
        "latest_gross_profit": 856950,
        "latest_net_income": 4080,
        "latest_debt_ratio": 72.46,
        "latest_current_ratio": 47.3,
        "latest_account_receivable_turnover_ratio": 4.61,
        "latest_inventory_turnover_ratio": 0.95,
        "latest_reinvestment_rate": null,
        "latest_research_to_sale_ratio": null
    },
    "eps_dividends": {
        "2001": {
            "cash": 0,
            "stock": 0,
            "eps": 0
        },
        "2002": {
            "cash": 0,
            "stock": 0,
            "eps": 0
        },
        "2003": {
            "cash": 0,
            "stock": 0,
            "eps": 0
        },
        "2004": {
            "cash": 0,
            "stock": 0,
            "eps": 0
        },
        "2005": {
            "cash": 0,
            "stock": 0,
            "eps": 0
        },
        "2006": {
            "cash": 0,
            "stock": 0,
            "eps": 0
        },
        "2007": {
            "cash": 0,
            "stock": 0,
            "eps": 0
        },
        "2008": {
            "cash": 0,
            "stock": 0,
            "eps": 0
        },
        "2009": {
            "cash": 0,
            "stock": 0,
            "eps": 0
        },
        "2010": {
            "cash": 0,
            "stock": 0,
            "eps": 0
        },
        "2011": {
            "cash": 0,
            "stock": 0,
            "eps": 0
        },
        "2012": {
            "cash": 0,
            "stock": 0,
            "eps": 5.02
        },
        "2013": {
            "cash": 3,
            "stock": 0,
            "eps": 4.94
        },
        "2014": {
            "cash": 3,
            "stock": 0,
            "eps": 5.39
        },
        "2015": {
            "cash": 3,
            "stock": 0,
            "eps": 1.63
        },
        "2016": {
            "cash": 1,
            "stock": 0,
            "eps": 1.69
        },
        "2017": {
            "cash": 1,
            "stock": 0,
            "eps": 1.79
        },
        "2018": {
            "cash": 1,
            "stock": 0,
            "eps": 2.68
        },
        "2019": {
            "cash": 2,
            "stock": 0,
            "eps": 3.17
        },
        "2020": {
            "cash": 2,
            "stock": 0,
            "eps": -0.62
        },
        "2021": {
            "cash": 1,
            "stock": 0,
            "eps": -1.18
        },
        "2022": {
            "cash": 0,
            "stock": 0,
            "eps": -4.26
        },
        "2023": {
            "cash": 0,
            "stock": 0,
            "eps": 0.02
        }
    },
    "dividends": {
        "2011-01-01": {
            "cash": 0.46,
            "stock": 0
        },
        "2013-05-13": {
            "cash": 3,
            "stock": 0
        },
        "2014-10-31": {
            "cash": 3,
            "stock": 0
        },
        "2015-09-21": {
            "cash": 3,
            "stock": 0
        },
        "2016-09-30": {
            "cash": 0.5,
            "stock": 0
        },
        "2017-10-31": {
            "cash": 1,
            "stock": 0
        },
        "2018-09-19": {
            "cash": 1.2,
            "stock": 0
        },
        "2019-09-26": {
            "cash": 1.75,
            "stock": 0
        },
        "2020-09-25": {
            "cash": 2.2,
            "stock": 0
        },
        "2021-10-15": {
            "cash": 1,
            "stock": 0
        }
    },
    "prices": {
        "200101": "無",
        "200102": "無",
        "200103": "無",
        "200104": "無",
        "200105": "無",
        "200106": "無",
        "200107": "無",
        "200108": "無",
        "200109": "無",
        "200110": "無",
        "200111": "無",
        "200112": "無",
        "200201": "無",
        "200202": "無",
        "200203": "無",
        "200204": "無",
        "200205": "無",
        "200206": "無",
        "200207": "無",
        "200208": "無",
        "200209": "無",
        "200210": "無",
        "200211": "無",
        "200212": "無",
        "200301": "無",
        "200302": "無",
        "200303": "無",
        "200304": "無",
        "200305": "無",
        "200306": "無",
        "200307": "無",
        "200308": "無",
        "200309": "無",
        "200310": "無",
        "200311": "無",
        "200312": "無",
        "200401": "無",
        "200402": "無",
        "200403": "無",
        "200404": "無",
        "200405": "無",
        "200406": "無",
        "200407": "無",
        "200408": "無",
        "200409": "無",
        "200410": "無",
        "200411": "無",
        "200412": "無",
        "200501": "無",
        "200502": "無",
        "200503": "無",
        "200504": "無",
        "200505": "無",
        "200506": "無",
        "200507": "無",
        "200508": "無",
        "200509": "無",
        "200510": "無",
        "200511": "無",
        "200512": "無",
        "200601": "無",
        "200602": "無",
        "200603": "無",
        "200604": "無",
        "200605": "無",
        "200606": "無",
        "200607": "無",
        "200608": "無",
        "200609": "無",
        "200610": "無",
        "200611": "無",
        "200612": "無",
        "200701": "無",
        "200702": "無",
        "200703": "無",
        "200704": "無",
        "200705": "無",
        "200706": "無",
        "200707": "無",
        "200708": "無",
        "200709": "無",
        "200710": "無",
        "200711": "無",
        "200712": "無",
        "200801": "無",
        "200802": "無",
        "200803": "無",
        "200804": "無",
        "200805": "無",
        "200806": "無",
        "200807": "無",
        "200808": "無",
        "200809": "無",
        "200810": "無",
        "200811": "無",
        "200812": "無",
        "200901": "無",
        "200902": "無",
        "200903": "無",
        "200904": "無",
        "200905": "無",
        "200906": "無",
        "200907": "無",
        "200908": "無",
        "200909": "無",
        "200910": "無",
        "200911": "無",
        "200912": "無",
        "201001": "無",
        "201002": "無",
        "201003": "無",
        "201004": "無",
        "201005": "無",
        "201006": "無",
        "201007": "無",
        "201008": "無",
        "201009": "無",
        "201010": "無",
        "201011": "無",
        "201012": "無",
        "201101": "無",
        "201102": "無",
        "201103": "無",
        "201104": "無",
        "201105": "無",
        "201106": "無",
        "201107": "無",
        "201108": "無",
        "201109": "無",
        "201110": "無",
        "201111": "無",
        "201112": "無",
        "201201": "無",
        "201202": "無",
        "201203": "無",
        "201204": "無",
        "201205": "無",
        "201206": "113.56",
        "201207": "99.11",
        "201208": "96.52",
        "201209": "92.56",
        "201210": "85.83",
        "201211": "76.24",
        "201212": "80.60",
        "201301": "78.83",
        "201302": "76.49",
        "201303": "75.06",
        "201304": "69.27",
        "201305": "62.65",
        "201306": "58.99",
        "201307": "60.07",
        "201308": "60.90",
        "201309": "64.85",
        "201310": "64.13",
        "201311": "63.32",
        "201312": "62.85",
        "201401": "60.31",
        "201402": "57.84",
        "201403": "58.35",
        "201404": "63.97",
        "201405": "65.37",
        "201406": "63.76",
        "201407": "65.60",
        "201408": "65.82",
        "201409": "68.52",
        "201410": "64.12",
        "201411": "58.26",
        "201412": "55.90",
        "201501": "53.92",
        "201502": "51.29",
        "201503": "52.66",
        "201504": "56.72",
        "201505": "55.76",
        "201506": "52.98",
        "201507": "47.11",
        "201508": "34.61",
        "201509": "33.90",
        "201510": "37.25",
        "201511": "33.27",
        "201512": "28.51",
        "201601": "23.62",
        "201602": "24.58",
        "201603": "25.46",
        "201604": "23.83",
        "201605": "22.47",
        "201606": "24.66",
        "201607": "24.67",
        "201608": "24.70",
        "201609": "24.41",
        "201610": "23.59",
        "201611": "22.13",
        "201612": "21.86",
        "201701": "23.00",
        "201702": "24.57",
        "201703": "23.52",
        "201704": "24.15",
        "201705": "24.40",
        "201706": "25.92",
        "201707": "24.95",
        "201708": "23.37",
        "201709": "23.45",
        "201710": "22.84",
        "201711": "21.39",
        "201712": "22.29",
        "201801": "23.58",
        "201802": "22.43",
        "201803": "22.62",
        "201804": "26.39",
        "201805": "30.99",
        "201806": "34.20",
        "201807": "31.39",
        "201808": "30.79",
        "201809": "32.81",
        "201810": "33.01",
        "201811": "32.32",
        "201812": "32.74",
        "201901": "32.86",
        "201902": "35.22",
        "201903": "35.96",
        "201904": "32.34",
        "201905": "32.43",
        "201906": "34.06",
        "201907": "33.88",
        "201908": "31.25",
        "201909": "30.02",
        "201910": "30.10",
        "201911": "29.21",
        "201912": "28.42",
        "202001": "26.83",
        "202002": "22.04",
        "202003": "19.11",
        "202004": "20.98",
        "202005": "24.08",
        "202006": "24.77",
        "202007": "24.59",
        "202008": "24.26",
        "202009": "23.15",
        "202010": "21.91",
        "202011": "21.62",
        "202012": "21.60",
        "202101": "20.16",
        "202102": "19.55",
        "202103": "20.15",
        "202104": "22.06",
        "202105": "20.21",
        "202106": "21.35",
        "202107": "22.82",
        "202108": "20.00",
        "202109": "19.44",
        "202110": "18.79",
        "202111": "18.65",
        "202112": "17.79",
        "202201": "17.24",
        "202202": "17.57",
        "202203": "17.38",
        "202204": "16.77",
        "202205": "16.32",
        "202206": "16.24",
        "202207": "15.24",
        "202208": "14.77",
        "202209": "14.41",
        "202210": "13.69",
        "202211": "13.50",
        "202212": "17.15",
        "202301": "17.30",
        "202302": "17.52",
        "202303": "16.33",
        "202304": "15.30",
        "202305": "15.50"
    },
    "quarters": {
        "20011": {
            "year_quarter": 20011,
            "year": 2001,
            "quarter": 1,
            "eps": null,
            "eps_growth_year": null,
            "eps_4q": null,
            "eps_4q_growth_year": null,
            "roe": null,
            "roe_4q": 0,
            "gross_profit": null,
            "gross_margin": null,
            "gross_margin_4q_avg": 0,
            "net_income": null,
            "revenue": null,
            "common_shares": null,
            "book_valuer_per_share": null,
            "book_valuer_per_share_4q_avg": 0,
            "equity": null,
            "current_ratio": null,
            "debt_ratio": null,
            "inventory_turnover_ratio": null,
            "account_receivable_turnover_ratio": null,
            "reinvestment_rate": null,
            "research_to_sale_ratio": null,
            "price_fair": 0,
            "eps_avg_yearly": 0,
            "eps_latest_yearly": 0,
            "eps_growth_yearly": 0
        },
        "20012": {
            "year_quarter": 20012,
            "year": 2001,
            "quarter": 2,
            "eps": null,
            "eps_growth_year": null,
            "eps_4q": null,
            "eps_4q_growth_year": null,
            "roe": null,
            "roe_4q": 0,
            "gross_profit": null,
            "gross_margin": null,
            "gross_margin_4q_avg": 0,
            "net_income": null,
            "revenue": null,
            "common_shares": null,
            "book_valuer_per_share": null,
            "book_valuer_per_share_4q_avg": 0,
            "equity": null,
            "current_ratio": null,
            "debt_ratio": null,
            "inventory_turnover_ratio": null,
            "account_receivable_turnover_ratio": null,
            "reinvestment_rate": null,
            "research_to_sale_ratio": null,
            "price_fair": 0,
            "eps_avg_yearly": 0,
            "eps_latest_yearly": 0,
            "eps_growth_yearly": 0
        },
        "20013": {
            "year_quarter": 20013,
            "year": 2001,
            "quarter": 3,
            "eps": null,
            "eps_growth_year": null,
            "eps_4q": null,
            "eps_4q_growth_year": null,
            "roe": null,
            "roe_4q": 0,
            "gross_profit": null,
            "gross_margin": null,
            "gross_margin_4q_avg": 0,
            "net_income": null,
            "revenue": null,
            "common_shares": null,
            "book_valuer_per_share": null,
            "book_valuer_per_share_4q_avg": 0,
            "equity": null,
            "current_ratio": null,
            "debt_ratio": null,
            "inventory_turnover_ratio": null,
            "account_receivable_turnover_ratio": null,
            "reinvestment_rate": null,
            "research_to_sale_ratio": null,
            "price_fair": 0,
            "eps_avg_yearly": 0,
            "eps_latest_yearly": 0,
            "eps_growth_yearly": 0
        },
        "20014": {
            "year_quarter": 20014,
            "year": 2001,
            "quarter": 4,
            "eps": null,
            "eps_growth_year": null,
            "eps_4q": null,
            "eps_4q_growth_year": null,
            "roe": null,
            "roe_4q": 0,
            "gross_profit": null,
            "gross_margin": null,
            "gross_margin_4q_avg": 0,
            "net_income": null,
            "revenue": null,
            "common_shares": null,
            "book_valuer_per_share": null,
            "book_valuer_per_share_4q_avg": 0,
            "equity": null,
            "current_ratio": null,
            "debt_ratio": null,
            "inventory_turnover_ratio": null,
            "account_receivable_turnover_ratio": null,
            "reinvestment_rate": null,
            "research_to_sale_ratio": null,
            "price_fair": 0,
            "eps_avg_yearly": 0,
            "eps_latest_yearly": 0,
            "eps_growth_yearly": 0
        },
        "20021": {
            "year_quarter": 20021,
            "year": 2002,
            "quarter": 1,
            "eps": null,
            "eps_growth_year": null,
            "eps_4q": null,
            "eps_4q_growth_year": null,
            "roe": null,
            "roe_4q": 0,
            "gross_profit": null,
            "gross_margin": null,
            "gross_margin_4q_avg": 0,
            "net_income": null,
            "revenue": null,
            "common_shares": null,
            "book_valuer_per_share": null,
            "book_valuer_per_share_4q_avg": 0,
            "equity": null,
            "current_ratio": null,
            "debt_ratio": null,
            "inventory_turnover_ratio": null,
            "account_receivable_turnover_ratio": null,
            "reinvestment_rate": null,
            "research_to_sale_ratio": null,
            "price_fair": 0,
            "eps_avg_yearly": 0,
            "eps_latest_yearly": 0,
            "eps_growth_yearly": 0
        },
        "20022": {
            "year_quarter": 20022,
            "year": 2002,
            "quarter": 2,
            "eps": null,
            "eps_growth_year": null,
            "eps_4q": null,
            "eps_4q_growth_year": null,
            "roe": null,
            "roe_4q": 0,
            "gross_profit": null,
            "gross_margin": null,
            "gross_margin_4q_avg": 0,
            "net_income": null,
            "revenue": null,
            "common_shares": null,
            "book_valuer_per_share": null,
            "book_valuer_per_share_4q_avg": 0,
            "equity": null,
            "current_ratio": null,
            "debt_ratio": null,
            "inventory_turnover_ratio": null,
            "account_receivable_turnover_ratio": null,
            "reinvestment_rate": null,
            "research_to_sale_ratio": null,
            "price_fair": 0,
            "eps_avg_yearly": 0,
            "eps_latest_yearly": 0,
            "eps_growth_yearly": 0
        },
        "20023": {
            "year_quarter": 20023,
            "year": 2002,
            "quarter": 3,
            "eps": null,
            "eps_growth_year": null,
            "eps_4q": null,
            "eps_4q_growth_year": null,
            "roe": null,
            "roe_4q": 0,
            "gross_profit": null,
            "gross_margin": null,
            "gross_margin_4q_avg": 0,
            "net_income": null,
            "revenue": null,
            "common_shares": null,
            "book_valuer_per_share": null,
            "book_valuer_per_share_4q_avg": 0,
            "equity": null,
            "current_ratio": null,
            "debt_ratio": null,
            "inventory_turnover_ratio": null,
            "account_receivable_turnover_ratio": null,
            "reinvestment_rate": null,
            "research_to_sale_ratio": null,
            "price_fair": 0,
            "eps_avg_yearly": 0,
            "eps_latest_yearly": 0,
            "eps_growth_yearly": 0
        },
        "20024": {
            "year_quarter": 20024,
            "year": 2002,
            "quarter": 4,
            "eps": null,
            "eps_growth_year": null,
            "eps_4q": null,
            "eps_4q_growth_year": null,
            "roe": null,
            "roe_4q": 0,
            "gross_profit": null,
            "gross_margin": null,
            "gross_margin_4q_avg": 0,
            "net_income": null,
            "revenue": null,
            "common_shares": null,
            "book_valuer_per_share": null,
            "book_valuer_per_share_4q_avg": 0,
            "equity": null,
            "current_ratio": null,
            "debt_ratio": null,
            "inventory_turnover_ratio": null,
            "account_receivable_turnover_ratio": null,
            "reinvestment_rate": null,
            "research_to_sale_ratio": null,
            "price_fair": 0,
            "eps_avg_yearly": 0,
            "eps_latest_yearly": 0,
            "eps_growth_yearly": 0
        },
        "20031": {
            "year_quarter": 20031,
            "year": 2003,
            "quarter": 1,
            "eps": null,
            "eps_growth_year": null,
            "eps_4q": null,
            "eps_4q_growth_year": null,
            "roe": null,
            "roe_4q": 0,
            "gross_profit": null,
            "gross_margin": null,
            "gross_margin_4q_avg": 0,
            "net_income": null,
            "revenue": null,
            "common_shares": null,
            "book_valuer_per_share": null,
            "book_valuer_per_share_4q_avg": 0,
            "equity": null,
            "current_ratio": null,
            "debt_ratio": null,
            "inventory_turnover_ratio": null,
            "account_receivable_turnover_ratio": null,
            "reinvestment_rate": null,
            "research_to_sale_ratio": null,
            "price_fair": 0,
            "eps_avg_yearly": 0,
            "eps_latest_yearly": 0,
            "eps_growth_yearly": 0
        },
        "20032": {
            "year_quarter": 20032,
            "year": 2003,
            "quarter": 2,
            "eps": null,
            "eps_growth_year": null,
            "eps_4q": null,
            "eps_4q_growth_year": null,
            "roe": null,
            "roe_4q": 0,
            "gross_profit": null,
            "gross_margin": null,
            "gross_margin_4q_avg": 0,
            "net_income": null,
            "revenue": null,
            "common_shares": null,
            "book_valuer_per_share": null,
            "book_valuer_per_share_4q_avg": 0,
            "equity": null,
            "current_ratio": null,
            "debt_ratio": null,
            "inventory_turnover_ratio": null,
            "account_receivable_turnover_ratio": null,
            "reinvestment_rate": null,
            "research_to_sale_ratio": null,
            "price_fair": 0,
            "eps_avg_yearly": 0,
            "eps_latest_yearly": 0,
            "eps_growth_yearly": 0
        },
        "20033": {
            "year_quarter": 20033,
            "year": 2003,
            "quarter": 3,
            "eps": null,
            "eps_growth_year": null,
            "eps_4q": null,
            "eps_4q_growth_year": null,
            "roe": null,
            "roe_4q": 0,
            "gross_profit": null,
            "gross_margin": null,
            "gross_margin_4q_avg": 0,
            "net_income": null,
            "revenue": null,
            "common_shares": null,
            "book_valuer_per_share": null,
            "book_valuer_per_share_4q_avg": 0,
            "equity": null,
            "current_ratio": null,
            "debt_ratio": null,
            "inventory_turnover_ratio": null,
            "account_receivable_turnover_ratio": null,
            "reinvestment_rate": null,
            "research_to_sale_ratio": null,
            "price_fair": 0,
            "eps_avg_yearly": 0,
            "eps_latest_yearly": 0,
            "eps_growth_yearly": 0
        },
        "20034": {
            "year_quarter": 20034,
            "year": 2003,
            "quarter": 4,
            "eps": null,
            "eps_growth_year": null,
            "eps_4q": null,
            "eps_4q_growth_year": null,
            "roe": null,
            "roe_4q": 0,
            "gross_profit": null,
            "gross_margin": null,
            "gross_margin_4q_avg": 0,
            "net_income": null,
            "revenue": null,
            "common_shares": null,
            "book_valuer_per_share": null,
            "book_valuer_per_share_4q_avg": 0,
            "equity": null,
            "current_ratio": null,
            "debt_ratio": null,
            "inventory_turnover_ratio": null,
            "account_receivable_turnover_ratio": null,
            "reinvestment_rate": null,
            "research_to_sale_ratio": null,
            "price_fair": 0,
            "eps_avg_yearly": 0,
            "eps_latest_yearly": 0,
            "eps_growth_yearly": 0
        },
        "20041": {
            "year_quarter": 20041,
            "year": 2004,
            "quarter": 1,
            "eps": null,
            "eps_growth_year": null,
            "eps_4q": null,
            "eps_4q_growth_year": null,
            "roe": null,
            "roe_4q": 0,
            "gross_profit": null,
            "gross_margin": null,
            "gross_margin_4q_avg": 0,
            "net_income": null,
            "revenue": null,
            "common_shares": null,
            "book_valuer_per_share": null,
            "book_valuer_per_share_4q_avg": 0,
            "equity": null,
            "current_ratio": null,
            "debt_ratio": null,
            "inventory_turnover_ratio": null,
            "account_receivable_turnover_ratio": null,
            "reinvestment_rate": null,
            "research_to_sale_ratio": null,
            "price_fair": 0,
            "eps_avg_yearly": 0,
            "eps_latest_yearly": 0,
            "eps_growth_yearly": 0
        },
        "20042": {
            "year_quarter": 20042,
            "year": 2004,
            "quarter": 2,
            "eps": null,
            "eps_growth_year": null,
            "eps_4q": null,
            "eps_4q_growth_year": null,
            "roe": null,
            "roe_4q": 0,
            "gross_profit": null,
            "gross_margin": null,
            "gross_margin_4q_avg": 0,
            "net_income": null,
            "revenue": null,
            "common_shares": null,
            "book_valuer_per_share": null,
            "book_valuer_per_share_4q_avg": 0,
            "equity": null,
            "current_ratio": null,
            "debt_ratio": null,
            "inventory_turnover_ratio": null,
            "account_receivable_turnover_ratio": null,
            "reinvestment_rate": null,
            "research_to_sale_ratio": null,
            "price_fair": 0,
            "eps_avg_yearly": 0,
            "eps_latest_yearly": 0,
            "eps_growth_yearly": 0
        },
        "20043": {
            "year_quarter": 20043,
            "year": 2004,
            "quarter": 3,
            "eps": null,
            "eps_growth_year": null,
            "eps_4q": null,
            "eps_4q_growth_year": null,
            "roe": null,
            "roe_4q": 0,
            "gross_profit": null,
            "gross_margin": null,
            "gross_margin_4q_avg": 0,
            "net_income": null,
            "revenue": null,
            "common_shares": null,
            "book_valuer_per_share": null,
            "book_valuer_per_share_4q_avg": 0,
            "equity": null,
            "current_ratio": null,
            "debt_ratio": null,
            "inventory_turnover_ratio": null,
            "account_receivable_turnover_ratio": null,
            "reinvestment_rate": null,
            "research_to_sale_ratio": null,
            "price_fair": 0,
            "eps_avg_yearly": 0,
            "eps_latest_yearly": 0,
            "eps_growth_yearly": 0
        },
        "20044": {
            "year_quarter": 20044,
            "year": 2004,
            "quarter": 4,
            "eps": null,
            "eps_growth_year": null,
            "eps_4q": null,
            "eps_4q_growth_year": null,
            "roe": null,
            "roe_4q": 0,
            "gross_profit": null,
            "gross_margin": null,
            "gross_margin_4q_avg": 0,
            "net_income": null,
            "revenue": null,
            "common_shares": null,
            "book_valuer_per_share": null,
            "book_valuer_per_share_4q_avg": 0,
            "equity": null,
            "current_ratio": null,
            "debt_ratio": null,
            "inventory_turnover_ratio": null,
            "account_receivable_turnover_ratio": null,
            "reinvestment_rate": null,
            "research_to_sale_ratio": null,
            "price_fair": 0,
            "eps_avg_yearly": 0,
            "eps_latest_yearly": 0,
            "eps_growth_yearly": 0
        },
        "20051": {
            "year_quarter": 20051,
            "year": 2005,
            "quarter": 1,
            "eps": null,
            "eps_growth_year": null,
            "eps_4q": null,
            "eps_4q_growth_year": null,
            "roe": null,
            "roe_4q": 0,
            "gross_profit": null,
            "gross_margin": null,
            "gross_margin_4q_avg": 0,
            "net_income": null,
            "revenue": null,
            "common_shares": null,
            "book_valuer_per_share": null,
            "book_valuer_per_share_4q_avg": 0,
            "equity": null,
            "current_ratio": null,
            "debt_ratio": null,
            "inventory_turnover_ratio": null,
            "account_receivable_turnover_ratio": null,
            "reinvestment_rate": null,
            "research_to_sale_ratio": null,
            "price_fair": 0,
            "eps_avg_yearly": 0,
            "eps_latest_yearly": 0,
            "eps_growth_yearly": 0
        },
        "20052": {
            "year_quarter": 20052,
            "year": 2005,
            "quarter": 2,
            "eps": null,
            "eps_growth_year": null,
            "eps_4q": null,
            "eps_4q_growth_year": null,
            "roe": null,
            "roe_4q": 0,
            "gross_profit": null,
            "gross_margin": null,
            "gross_margin_4q_avg": 0,
            "net_income": null,
            "revenue": null,
            "common_shares": null,
            "book_valuer_per_share": null,
            "book_valuer_per_share_4q_avg": 0,
            "equity": null,
            "current_ratio": null,
            "debt_ratio": null,
            "inventory_turnover_ratio": null,
            "account_receivable_turnover_ratio": null,
            "reinvestment_rate": null,
            "research_to_sale_ratio": null,
            "price_fair": 0,
            "eps_avg_yearly": 0,
            "eps_latest_yearly": 0,
            "eps_growth_yearly": 0
        },
        "20053": {
            "year_quarter": 20053,
            "year": 2005,
            "quarter": 3,
            "eps": null,
            "eps_growth_year": null,
            "eps_4q": null,
            "eps_4q_growth_year": null,
            "roe": null,
            "roe_4q": 0,
            "gross_profit": null,
            "gross_margin": null,
            "gross_margin_4q_avg": 0,
            "net_income": null,
            "revenue": null,
            "common_shares": null,
            "book_valuer_per_share": null,
            "book_valuer_per_share_4q_avg": 0,
            "equity": null,
            "current_ratio": null,
            "debt_ratio": null,
            "inventory_turnover_ratio": null,
            "account_receivable_turnover_ratio": null,
            "reinvestment_rate": null,
            "research_to_sale_ratio": null,
            "price_fair": 0,
            "eps_avg_yearly": 0,
            "eps_latest_yearly": 0,
            "eps_growth_yearly": 0
        },
        "20054": {
            "year_quarter": 20054,
            "year": 2005,
            "quarter": 4,
            "eps": null,
            "eps_growth_year": null,
            "eps_4q": null,
            "eps_4q_growth_year": null,
            "roe": null,
            "roe_4q": 0,
            "gross_profit": null,
            "gross_margin": null,
            "gross_margin_4q_avg": 0,
            "net_income": null,
            "revenue": null,
            "common_shares": null,
            "book_valuer_per_share": null,
            "book_valuer_per_share_4q_avg": 0,
            "equity": null,
            "current_ratio": null,
            "debt_ratio": null,
            "inventory_turnover_ratio": null,
            "account_receivable_turnover_ratio": null,
            "reinvestment_rate": null,
            "research_to_sale_ratio": null,
            "price_fair": 0,
            "eps_avg_yearly": 0,
            "eps_latest_yearly": 0,
            "eps_growth_yearly": 0
        },
        "20061": {
            "year_quarter": 20061,
            "year": 2006,
            "quarter": 1,
            "eps": null,
            "eps_growth_year": null,
            "eps_4q": null,
            "eps_4q_growth_year": null,
            "roe": null,
            "roe_4q": 0,
            "gross_profit": null,
            "gross_margin": null,
            "gross_margin_4q_avg": 0,
            "net_income": null,
            "revenue": null,
            "common_shares": null,
            "book_valuer_per_share": null,
            "book_valuer_per_share_4q_avg": 0,
            "equity": null,
            "current_ratio": null,
            "debt_ratio": null,
            "inventory_turnover_ratio": null,
            "account_receivable_turnover_ratio": null,
            "reinvestment_rate": null,
            "research_to_sale_ratio": null,
            "price_fair": 0,
            "eps_avg_yearly": 0,
            "eps_latest_yearly": 0,
            "eps_growth_yearly": 0
        },
        "20062": {
            "year_quarter": 20062,
            "year": 2006,
            "quarter": 2,
            "eps": null,
            "eps_growth_year": null,
            "eps_4q": null,
            "eps_4q_growth_year": null,
            "roe": null,
            "roe_4q": 0,
            "gross_profit": null,
            "gross_margin": null,
            "gross_margin_4q_avg": 0,
            "net_income": null,
            "revenue": null,
            "common_shares": null,
            "book_valuer_per_share": null,
            "book_valuer_per_share_4q_avg": 0,
            "equity": null,
            "current_ratio": null,
            "debt_ratio": null,
            "inventory_turnover_ratio": null,
            "account_receivable_turnover_ratio": null,
            "reinvestment_rate": null,
            "research_to_sale_ratio": null,
            "price_fair": 0,
            "eps_avg_yearly": 0,
            "eps_latest_yearly": 0,
            "eps_growth_yearly": 0
        },
        "20063": {
            "year_quarter": 20063,
            "year": 2006,
            "quarter": 3,
            "eps": null,
            "eps_growth_year": null,
            "eps_4q": null,
            "eps_4q_growth_year": null,
            "roe": null,
            "roe_4q": 0,
            "gross_profit": null,
            "gross_margin": null,
            "gross_margin_4q_avg": 0,
            "net_income": null,
            "revenue": null,
            "common_shares": null,
            "book_valuer_per_share": null,
            "book_valuer_per_share_4q_avg": 0,
            "equity": null,
            "current_ratio": null,
            "debt_ratio": null,
            "inventory_turnover_ratio": null,
            "account_receivable_turnover_ratio": null,
            "reinvestment_rate": null,
            "research_to_sale_ratio": null,
            "price_fair": 0,
            "eps_avg_yearly": 0,
            "eps_latest_yearly": 0,
            "eps_growth_yearly": 0
        },
        "20064": {
            "year_quarter": 20064,
            "year": 2006,
            "quarter": 4,
            "eps": null,
            "eps_growth_year": null,
            "eps_4q": null,
            "eps_4q_growth_year": null,
            "roe": null,
            "roe_4q": 0,
            "gross_profit": null,
            "gross_margin": null,
            "gross_margin_4q_avg": 0,
            "net_income": null,
            "revenue": null,
            "common_shares": null,
            "book_valuer_per_share": null,
            "book_valuer_per_share_4q_avg": 0,
            "equity": null,
            "current_ratio": null,
            "debt_ratio": null,
            "inventory_turnover_ratio": null,
            "account_receivable_turnover_ratio": null,
            "reinvestment_rate": null,
            "research_to_sale_ratio": null,
            "price_fair": 0,
            "eps_avg_yearly": 0,
            "eps_latest_yearly": 0,
            "eps_growth_yearly": 0
        },
        "20071": {
            "year_quarter": 20071,
            "year": 2007,
            "quarter": 1,
            "eps": null,
            "eps_growth_year": null,
            "eps_4q": null,
            "eps_4q_growth_year": null,
            "roe": null,
            "roe_4q": 0,
            "gross_profit": null,
            "gross_margin": null,
            "gross_margin_4q_avg": 0,
            "net_income": null,
            "revenue": null,
            "common_shares": null,
            "book_valuer_per_share": null,
            "book_valuer_per_share_4q_avg": 0,
            "equity": null,
            "current_ratio": null,
            "debt_ratio": null,
            "inventory_turnover_ratio": null,
            "account_receivable_turnover_ratio": null,
            "reinvestment_rate": null,
            "research_to_sale_ratio": null,
            "price_fair": 0,
            "eps_avg_yearly": 0,
            "eps_latest_yearly": 0,
            "eps_growth_yearly": 0
        },
        "20072": {
            "year_quarter": 20072,
            "year": 2007,
            "quarter": 2,
            "eps": null,
            "eps_growth_year": null,
            "eps_4q": null,
            "eps_4q_growth_year": null,
            "roe": null,
            "roe_4q": 0,
            "gross_profit": null,
            "gross_margin": null,
            "gross_margin_4q_avg": 0,
            "net_income": null,
            "revenue": null,
            "common_shares": null,
            "book_valuer_per_share": null,
            "book_valuer_per_share_4q_avg": 0,
            "equity": null,
            "current_ratio": null,
            "debt_ratio": null,
            "inventory_turnover_ratio": null,
            "account_receivable_turnover_ratio": null,
            "reinvestment_rate": null,
            "research_to_sale_ratio": null,
            "price_fair": 0,
            "eps_avg_yearly": 0,
            "eps_latest_yearly": 0,
            "eps_growth_yearly": 0
        },
        "20073": {
            "year_quarter": 20073,
            "year": 2007,
            "quarter": 3,
            "eps": null,
            "eps_growth_year": null,
            "eps_4q": null,
            "eps_4q_growth_year": null,
            "roe": null,
            "roe_4q": 0,
            "gross_profit": null,
            "gross_margin": null,
            "gross_margin_4q_avg": 0,
            "net_income": null,
            "revenue": null,
            "common_shares": null,
            "book_valuer_per_share": null,
            "book_valuer_per_share_4q_avg": 0,
            "equity": null,
            "current_ratio": null,
            "debt_ratio": null,
            "inventory_turnover_ratio": null,
            "account_receivable_turnover_ratio": null,
            "reinvestment_rate": null,
            "research_to_sale_ratio": null,
            "price_fair": 0,
            "eps_avg_yearly": 0,
            "eps_latest_yearly": 0,
            "eps_growth_yearly": 0
        },
        "20074": {
            "year_quarter": 20074,
            "year": 2007,
            "quarter": 4,
            "eps": null,
            "eps_growth_year": null,
            "eps_4q": null,
            "eps_4q_growth_year": null,
            "roe": null,
            "roe_4q": 0,
            "gross_profit": null,
            "gross_margin": null,
            "gross_margin_4q_avg": 0,
            "net_income": null,
            "revenue": null,
            "common_shares": null,
            "book_valuer_per_share": null,
            "book_valuer_per_share_4q_avg": 0,
            "equity": null,
            "current_ratio": null,
            "debt_ratio": null,
            "inventory_turnover_ratio": null,
            "account_receivable_turnover_ratio": null,
            "reinvestment_rate": null,
            "research_to_sale_ratio": null,
            "price_fair": 0,
            "eps_avg_yearly": 0,
            "eps_latest_yearly": 0,
            "eps_growth_yearly": 0
        },
        "20081": {
            "year_quarter": 20081,
            "year": 2008,
            "quarter": 1,
            "eps": null,
            "eps_growth_year": null,
            "eps_4q": null,
            "eps_4q_growth_year": null,
            "roe": null,
            "roe_4q": 0,
            "gross_profit": null,
            "gross_margin": null,
            "gross_margin_4q_avg": 0,
            "net_income": null,
            "revenue": null,
            "common_shares": null,
            "book_valuer_per_share": null,
            "book_valuer_per_share_4q_avg": 0,
            "equity": null,
            "current_ratio": null,
            "debt_ratio": null,
            "inventory_turnover_ratio": null,
            "account_receivable_turnover_ratio": null,
            "reinvestment_rate": null,
            "research_to_sale_ratio": null,
            "price_fair": 0,
            "eps_avg_yearly": 0,
            "eps_latest_yearly": 0,
            "eps_growth_yearly": 0
        },
        "20082": {
            "year_quarter": 20082,
            "year": 2008,
            "quarter": 2,
            "eps": null,
            "eps_growth_year": null,
            "eps_4q": null,
            "eps_4q_growth_year": null,
            "roe": null,
            "roe_4q": 0,
            "gross_profit": null,
            "gross_margin": null,
            "gross_margin_4q_avg": 0,
            "net_income": null,
            "revenue": null,
            "common_shares": null,
            "book_valuer_per_share": null,
            "book_valuer_per_share_4q_avg": 0,
            "equity": null,
            "current_ratio": null,
            "debt_ratio": null,
            "inventory_turnover_ratio": null,
            "account_receivable_turnover_ratio": null,
            "reinvestment_rate": null,
            "research_to_sale_ratio": null,
            "price_fair": 0,
            "eps_avg_yearly": 0,
            "eps_latest_yearly": 0,
            "eps_growth_yearly": 0
        },
        "20083": {
            "year_quarter": 20083,
            "year": 2008,
            "quarter": 3,
            "eps": null,
            "eps_growth_year": null,
            "eps_4q": null,
            "eps_4q_growth_year": null,
            "roe": null,
            "roe_4q": 0,
            "gross_profit": null,
            "gross_margin": null,
            "gross_margin_4q_avg": 0,
            "net_income": null,
            "revenue": null,
            "common_shares": null,
            "book_valuer_per_share": null,
            "book_valuer_per_share_4q_avg": 0,
            "equity": null,
            "current_ratio": null,
            "debt_ratio": null,
            "inventory_turnover_ratio": null,
            "account_receivable_turnover_ratio": null,
            "reinvestment_rate": null,
            "research_to_sale_ratio": null,
            "price_fair": 0,
            "eps_avg_yearly": 0,
            "eps_latest_yearly": 0,
            "eps_growth_yearly": 0
        },
        "20084": {
            "year_quarter": 20084,
            "year": 2008,
            "quarter": 4,
            "eps": null,
            "eps_growth_year": null,
            "eps_4q": null,
            "eps_4q_growth_year": null,
            "roe": null,
            "roe_4q": 0,
            "gross_profit": null,
            "gross_margin": null,
            "gross_margin_4q_avg": 0,
            "net_income": null,
            "revenue": null,
            "common_shares": 2000000,
            "book_valuer_per_share": 17.17,
            "book_valuer_per_share_4q_avg": 4.29,
            "equity": 3444459,
            "current_ratio": 41.76,
            "debt_ratio": 68.37,
            "inventory_turnover_ratio": null,
            "account_receivable_turnover_ratio": null,
            "reinvestment_rate": null,
            "research_to_sale_ratio": null,
            "price_fair": 0,
            "eps_avg_yearly": 0,
            "eps_latest_yearly": 0,
            "eps_growth_yearly": 0
        },
        "20091": {
            "year_quarter": 20091,
            "year": 2009,
            "quarter": 1,
            "eps": null,
            "eps_growth_year": null,
            "eps_4q": null,
            "eps_4q_growth_year": null,
            "roe": null,
            "roe_4q": 0,
            "gross_profit": null,
            "gross_margin": null,
            "gross_margin_4q_avg": 0,
            "net_income": null,
            "revenue": null,
            "common_shares": null,
            "book_valuer_per_share": null,
            "book_valuer_per_share_4q_avg": 4.29,
            "equity": null,
            "current_ratio": null,
            "debt_ratio": null,
            "inventory_turnover_ratio": null,
            "account_receivable_turnover_ratio": null,
            "reinvestment_rate": null,
            "research_to_sale_ratio": null,
            "price_fair": 0,
            "eps_avg_yearly": 0,
            "eps_latest_yearly": 0,
            "eps_growth_yearly": 0
        },
        "20092": {
            "year_quarter": 20092,
            "year": 2009,
            "quarter": 2,
            "eps": null,
            "eps_growth_year": null,
            "eps_4q": null,
            "eps_4q_growth_year": null,
            "roe": null,
            "roe_4q": 0,
            "gross_profit": null,
            "gross_margin": null,
            "gross_margin_4q_avg": 0,
            "net_income": null,
            "revenue": null,
            "common_shares": null,
            "book_valuer_per_share": null,
            "book_valuer_per_share_4q_avg": 4.29,
            "equity": null,
            "current_ratio": null,
            "debt_ratio": null,
            "inventory_turnover_ratio": null,
            "account_receivable_turnover_ratio": null,
            "reinvestment_rate": null,
            "research_to_sale_ratio": null,
            "price_fair": 0,
            "eps_avg_yearly": 0,
            "eps_latest_yearly": 0,
            "eps_growth_yearly": 0
        },
        "20093": {
            "year_quarter": 20093,
            "year": 2009,
            "quarter": 3,
            "eps": null,
            "eps_growth_year": null,
            "eps_4q": null,
            "eps_4q_growth_year": null,
            "roe": null,
            "roe_4q": 0,
            "gross_profit": null,
            "gross_margin": null,
            "gross_margin_4q_avg": 0,
            "net_income": null,
            "revenue": null,
            "common_shares": null,
            "book_valuer_per_share": null,
            "book_valuer_per_share_4q_avg": 4.29,
            "equity": null,
            "current_ratio": null,
            "debt_ratio": null,
            "inventory_turnover_ratio": null,
            "account_receivable_turnover_ratio": null,
            "reinvestment_rate": null,
            "research_to_sale_ratio": null,
            "price_fair": 0,
            "eps_avg_yearly": 0,
            "eps_latest_yearly": 0,
            "eps_growth_yearly": 0
        },
        "20094": {
            "year_quarter": 20094,
            "year": 2009,
            "quarter": 4,
            "eps": null,
            "eps_growth_year": null,
            "eps_4q": null,
            "eps_4q_growth_year": null,
            "roe": null,
            "roe_4q": 0,
            "gross_profit": null,
            "gross_margin": null,
            "gross_margin_4q_avg": 0,
            "net_income": null,
            "revenue": null,
            "common_shares": 2000000,
            "book_valuer_per_share": 19.73,
            "book_valuer_per_share_4q_avg": 4.93,
            "equity": 3960681,
            "current_ratio": 47.88,
            "debt_ratio": 70.42,
            "inventory_turnover_ratio": null,
            "account_receivable_turnover_ratio": null,
            "reinvestment_rate": null,
            "research_to_sale_ratio": null,
            "price_fair": 0,
            "eps_avg_yearly": 0,
            "eps_latest_yearly": 0,
            "eps_growth_yearly": 0
        },
        "20101": {
            "year_quarter": 20101,
            "year": 2010,
            "quarter": 1,
            "eps": null,
            "eps_growth_year": null,
            "eps_4q": null,
            "eps_4q_growth_year": null,
            "roe": null,
            "roe_4q": 0,
            "gross_profit": null,
            "gross_margin": null,
            "gross_margin_4q_avg": 0,
            "net_income": null,
            "revenue": null,
            "common_shares": null,
            "book_valuer_per_share": null,
            "book_valuer_per_share_4q_avg": 4.93,
            "equity": null,
            "current_ratio": null,
            "debt_ratio": null,
            "inventory_turnover_ratio": null,
            "account_receivable_turnover_ratio": null,
            "reinvestment_rate": null,
            "research_to_sale_ratio": null,
            "price_fair": 0,
            "eps_avg_yearly": 0,
            "eps_latest_yearly": 0,
            "eps_growth_yearly": 0
        },
        "20102": {
            "year_quarter": 20102,
            "year": 2010,
            "quarter": 2,
            "eps": null,
            "eps_growth_year": null,
            "eps_4q": null,
            "eps_4q_growth_year": null,
            "roe": null,
            "roe_4q": 0,
            "gross_profit": null,
            "gross_margin": null,
            "gross_margin_4q_avg": 0,
            "net_income": null,
            "revenue": null,
            "common_shares": null,
            "book_valuer_per_share": null,
            "book_valuer_per_share_4q_avg": 4.93,
            "equity": null,
            "current_ratio": null,
            "debt_ratio": null,
            "inventory_turnover_ratio": null,
            "account_receivable_turnover_ratio": null,
            "reinvestment_rate": null,
            "research_to_sale_ratio": null,
            "price_fair": 0,
            "eps_avg_yearly": 0,
            "eps_latest_yearly": 0,
            "eps_growth_yearly": 0
        },
        "20103": {
            "year_quarter": 20103,
            "year": 2010,
            "quarter": 3,
            "eps": null,
            "eps_growth_year": null,
            "eps_4q": null,
            "eps_4q_growth_year": null,
            "roe": null,
            "roe_4q": 0,
            "gross_profit": null,
            "gross_margin": null,
            "gross_margin_4q_avg": 0,
            "net_income": null,
            "revenue": null,
            "common_shares": null,
            "book_valuer_per_share": null,
            "book_valuer_per_share_4q_avg": 4.93,
            "equity": null,
            "current_ratio": null,
            "debt_ratio": null,
            "inventory_turnover_ratio": null,
            "account_receivable_turnover_ratio": null,
            "reinvestment_rate": null,
            "research_to_sale_ratio": null,
            "price_fair": 0,
            "eps_avg_yearly": 0,
            "eps_latest_yearly": 0,
            "eps_growth_yearly": 0
        },
        "20104": {
            "year_quarter": 20104,
            "year": 2010,
            "quarter": 4,
            "eps": null,
            "eps_growth_year": null,
            "eps_4q": null,
            "eps_4q_growth_year": null,
            "roe": null,
            "roe_4q": 0,
            "gross_profit": null,
            "gross_margin": null,
            "gross_margin_4q_avg": 0,
            "net_income": null,
            "revenue": null,
            "common_shares": 2200000,
            "book_valuer_per_share": 23.27,
            "book_valuer_per_share_4q_avg": 5.82,
            "equity": 5134660,
            "current_ratio": 88.31,
            "debt_ratio": 66.51,
            "inventory_turnover_ratio": null,
            "account_receivable_turnover_ratio": null,
            "reinvestment_rate": null,
            "research_to_sale_ratio": null,
            "price_fair": 0,
            "eps_avg_yearly": 0,
            "eps_latest_yearly": 0,
            "eps_growth_yearly": 0
        },
        "20111": {
            "year_quarter": 20111,
            "year": 2011,
            "quarter": 1,
            "eps": null,
            "eps_growth_year": null,
            "eps_4q": null,
            "eps_4q_growth_year": null,
            "roe": null,
            "roe_4q": 0,
            "gross_profit": 1347934,
            "gross_margin": null,
            "gross_margin_4q_avg": 0,
            "net_income": 287180,
            "revenue": 6350897,
            "common_shares": 2200000,
            "book_valuer_per_share": 24.86,
            "book_valuer_per_share_4q_avg": 12.03,
            "equity": 5487651,
            "current_ratio": 69.2,
            "debt_ratio": 65.03,
            "inventory_turnover_ratio": null,
            "account_receivable_turnover_ratio": null,
            "reinvestment_rate": null,
            "research_to_sale_ratio": null,
            "price_fair": 0,
            "eps_avg_yearly": 0,
            "eps_latest_yearly": 0,
            "eps_growth_yearly": 0
        },
        "20112": {
            "year_quarter": 20112,
            "year": 2011,
            "quarter": 2,
            "eps": null,
            "eps_growth_year": null,
            "eps_4q": null,
            "eps_4q_growth_year": null,
            "roe": null,
            "roe_4q": 0,
            "gross_profit": 1189947,
            "gross_margin": null,
            "gross_margin_4q_avg": 0,
            "net_income": 218257,
            "revenue": 5366656,
            "common_shares": 2400000,
            "book_valuer_per_share": 29.1,
            "book_valuer_per_share_4q_avg": 19.31,
            "equity": 7001949,
            "current_ratio": 69.2,
            "debt_ratio": 54.78,
            "inventory_turnover_ratio": null,
            "account_receivable_turnover_ratio": null,
            "reinvestment_rate": null,
            "research_to_sale_ratio": null,
            "price_fair": 0,
            "eps_avg_yearly": 0,
            "eps_latest_yearly": 0,
            "eps_growth_yearly": 0
        },
        "20113": {
            "year_quarter": 20113,
            "year": 2011,
            "quarter": 3,
            "eps": null,
            "eps_growth_year": null,
            "eps_4q": null,
            "eps_4q_growth_year": null,
            "roe": null,
            "roe_4q": 0,
            "gross_profit": 1178789,
            "gross_margin": null,
            "gross_margin_4q_avg": 0,
            "net_income": 50984,
            "revenue": 5572542,
            "common_shares": 2490000,
            "book_valuer_per_share": 30.53,
            "book_valuer_per_share_4q_avg": 26.94,
            "equity": 7621612,
            "current_ratio": 67.54,
            "debt_ratio": 53.97,
            "inventory_turnover_ratio": null,
            "account_receivable_turnover_ratio": null,
            "reinvestment_rate": null,
            "research_to_sale_ratio": null,
            "price_fair": 0,
            "eps_avg_yearly": 0,
            "eps_latest_yearly": 0,
            "eps_growth_yearly": 0
        },
        "20114": {
            "year_quarter": 20114,
            "year": 2011,
            "quarter": 4,
            "eps": null,
            "eps_growth_year": null,
            "eps_4q": null,
            "eps_4q_growth_year": null,
            "roe": null,
            "roe_4q": 0,
            "gross_profit": 1732949,
            "gross_margin": null,
            "gross_margin_4q_avg": 0,
            "net_income": 288781,
            "revenue": 8538457,
            "common_shares": 1820000,
            "book_valuer_per_share": 43.99,
            "book_valuer_per_share_4q_avg": 32.12,
            "equity": 8027423,
            "current_ratio": 77.76,
            "debt_ratio": 57.35,
            "inventory_turnover_ratio": null,
            "account_receivable_turnover_ratio": null,
            "reinvestment_rate": null,
            "research_to_sale_ratio": null,
            "price_fair": 0,
            "eps_avg_yearly": 0,
            "eps_latest_yearly": 0,
            "eps_growth_yearly": 0
        },
        "20121": {
            "year_quarter": 20121,
            "year": 2012,
            "quarter": 1,
            "eps": 1.92,
            "eps_growth_year": null,
            "eps_4q": 1.92,
            "eps_4q_growth_year": null,
            "roe": 4.33,
            "roe_4q": 4.33,
            "gross_profit": 1599356,
            "gross_margin": 20.65,
            "gross_margin_4q_avg": 5.16,
            "net_income": 350676,
            "revenue": 7744933,
            "common_shares": 1820000,
            "book_valuer_per_share": 44.79,
            "book_valuer_per_share_4q_avg": 37.1,
            "equity": 8174498,
            "current_ratio": 65.07,
            "debt_ratio": 51.57,
            "inventory_turnover_ratio": 30.15,
            "account_receivable_turnover_ratio": 80,
            "reinvestment_rate": null,
            "research_to_sale_ratio": null,
            "price_fair": 0,
            "eps_avg_yearly": 0,
            "eps_latest_yearly": 0,
            "eps_growth_yearly": 0
        },
        "20122": {
            "year_quarter": 20122,
            "year": 2012,
            "quarter": 2,
            "eps": 0.58,
            "eps_growth_year": null,
            "eps_4q": 2.31,
            "eps_4q_growth_year": null,
            "roe": 1.26,
            "roe_4q": 5.59,
            "gross_profit": 1366786,
            "gross_margin": 21.47,
            "gross_margin_4q_avg": 10.53,
            "net_income": 118172,
            "revenue": 6364636,
            "common_shares": 2020000,
            "book_valuer_per_share": 52.51,
            "book_valuer_per_share_4q_avg": 42.96,
            "equity": 10631801,
            "current_ratio": 115.61,
            "debt_ratio": 50.68,
            "inventory_turnover_ratio": 28.62,
            "account_receivable_turnover_ratio": 63.13,
            "reinvestment_rate": null,
            "research_to_sale_ratio": null,
            "price_fair": 6.96,
            "eps_avg_yearly": 2.32,
            "eps_latest_yearly": 2.32,
            "eps_growth_yearly": -279.17
        },
        "20123": {
            "year_quarter": 20123,
            "year": 2012,
            "quarter": 3,
            "eps": 0.48,
            "eps_growth_year": null,
            "eps_4q": 2.79,
            "eps_4q_growth_year": null,
            "roe": 0.93,
            "roe_4q": 6.52,
            "gross_profit": 1351935,
            "gross_margin": 22.95,
            "gross_margin_4q_avg": 16.27,
            "net_income": 98675,
            "revenue": 5889675,
            "common_shares": 2020000,
            "book_valuer_per_share": 51.88,
            "book_valuer_per_share_4q_avg": 48.29,
            "equity": 10505110,
            "current_ratio": 105.21,
            "debt_ratio": 45.47,
            "inventory_turnover_ratio": 26.62,
            "account_receivable_turnover_ratio": 40.53,
            "reinvestment_rate": null,
            "research_to_sale_ratio": null,
            "price_fair": 6.36,
            "eps_avg_yearly": 2.12,
            "eps_latest_yearly": 1.92,
            "eps_growth_yearly": -174.07
        },
        "20124": {
            "year_quarter": 20124,
            "year": 2012,
            "quarter": 4,
            "eps": 2.04,
            "eps_growth_year": null,
            "eps_4q": 4.84,
            "eps_4q_growth_year": null,
            "roe": 3.86,
            "roe_4q": 10.379999999999999,
            "gross_profit": 1808934,
            "gross_margin": 20.63,
            "gross_margin_4q_avg": 21.43,
            "net_income": 411354,
            "revenue": 8767715,
            "common_shares": 2020000,
            "book_valuer_per_share": 53.58,
            "book_valuer_per_share_4q_avg": 50.69,
            "equity": 10795909,
            "current_ratio": 96.97,
            "debt_ratio": 49.69,
            "inventory_turnover_ratio": 33.96,
            "account_receivable_turnover_ratio": 60.8,
            "reinvestment_rate": null,
            "research_to_sale_ratio": null,
            "price_fair": 144.67,
            "eps_avg_yearly": 4.13,
            "eps_latest_yearly": 8.16,
            "eps_growth_yearly": 317.29
        },
        "20131": {
            "year_quarter": 20131,
            "year": 2013,
            "quarter": 1,
            "eps": 1.22,
            "eps_growth_year": -36.46,
            "eps_4q": 4.35,
            "eps_4q_growth_year": 127.1,
            "roe": 2.38,
            "roe_4q": 8.43,
            "gross_profit": 1608973,
            "gross_margin": 83.94,
            "gross_margin_4q_avg": 37.25,
            "net_income": 245069,
            "revenue": 1916912,
            "common_shares": 2020000,
            "book_valuer_per_share": 49.13,
            "book_valuer_per_share_4q_avg": 51.78,
            "equity": 9821880,
            "current_ratio": 112.98,
            "debt_ratio": 57.61,
            "inventory_turnover_ratio": 1.54,
            "account_receivable_turnover_ratio": 11.66,
            "reinvestment_rate": null,
            "research_to_sale_ratio": null,
            "price_fair": 151.2,
            "eps_avg_yearly": 4.32,
            "eps_latest_yearly": 4.88,
            "eps_growth_yearly": 197.77
        },
        "20132": {
            "year_quarter": 20132,
            "year": 2013,
            "quarter": 2,
            "eps": 0.92,
            "eps_growth_year": 58.86,
            "eps_4q": 4.69,
            "eps_4q_growth_year": 103.26,
            "roe": 1.9,
            "roe_4q": 9.069999999999999,
            "gross_profit": 1433669,
            "gross_margin": 85.48,
            "gross_margin_4q_avg": 53.25,
            "net_income": 184550,
            "revenue": 1677121,
            "common_shares": 2020000,
            "book_valuer_per_share": 47.92,
            "book_valuer_per_share_4q_avg": 50.63,
            "equity": 9569257,
            "current_ratio": 101.03,
            "debt_ratio": 58.54,
            "inventory_turnover_ratio": 1.54,
            "account_receivable_turnover_ratio": 7.52,
            "reinvestment_rate": null,
            "research_to_sale_ratio": null,
            "price_fair": 146.72,
            "eps_avg_yearly": 4.19,
            "eps_latest_yearly": 3.68,
            "eps_growth_yearly": 138.54
        },
        "20133": {
            "year_quarter": 20133,
            "year": 2013,
            "quarter": 3,
            "eps": 1.09,
            "eps_growth_year": 124.83,
            "eps_4q": 5.29,
            "eps_4q_growth_year": 89.44,
            "roe": 2.26,
            "roe_4q": 10.4,
            "gross_profit": 1295486,
            "gross_margin": 83.42,
            "gross_margin_4q_avg": 68.37,
            "net_income": 218025,
            "revenue": 1552907,
            "common_shares": 2020000,
            "book_valuer_per_share": 48.58,
            "book_valuer_per_share_4q_avg": 49.8,
            "equity": 9701207,
            "current_ratio": 101.16,
            "debt_ratio": 56.59,
            "inventory_turnover_ratio": 1.57,
            "account_receivable_turnover_ratio": 9.28,
            "reinvestment_rate": null,
            "research_to_sale_ratio": null,
            "price_fair": 147.7,
            "eps_avg_yearly": 4.22,
            "eps_latest_yearly": 4.36,
            "eps_growth_yearly": 127.77
        },
        "20134": {
            "year_quarter": 20134,
            "year": 2013,
            "quarter": 4,
            "eps": 1.71,
            "eps_growth_year": -16.14,
            "eps_4q": 4.94,
            "eps_4q_growth_year": 2.08,
            "roe": 3.43,
            "roe_4q": 9.969999999999999,
            "gross_profit": 1747749,
            "gross_margin": 85.9,
            "gross_margin_4q_avg": 84.69,
            "net_income": 342082,
            "revenue": 2034560,
            "common_shares": 2020000,
            "book_valuer_per_share": 51.2,
            "book_valuer_per_share_4q_avg": 49.21,
            "equity": 10225317,
            "current_ratio": 100.43,
            "debt_ratio": 59.7,
            "inventory_turnover_ratio": 1.45,
            "account_receivable_turnover_ratio": 19.55,
            "reinvestment_rate": null,
            "research_to_sale_ratio": null,
            "price_fair": 160.8,
            "eps_avg_yearly": 4.59,
            "eps_latest_yearly": 6.84,
            "eps_growth_yearly": 142.02
        },
        "20141": {
            "year_quarter": 20141,
            "year": 2014,
            "quarter": 1,
            "eps": 1.84,
            "eps_growth_year": 50.82,
            "eps_4q": 5.56,
            "eps_4q_growth_year": 27.68,
            "roe": 3.51,
            "roe_4q": 11.1,
            "gross_profit": 1694317,
            "gross_margin": 83.45,
            "gross_margin_4q_avg": 84.56,
            "net_income": 367474,
            "revenue": 2030422,
            "common_shares": 2020000,
            "book_valuer_per_share": 53.58,
            "book_valuer_per_share_4q_avg": 50.32,
            "equity": 10700106,
            "current_ratio": 108.58,
            "debt_ratio": 56.38,
            "inventory_turnover_ratio": 1.59,
            "account_receivable_turnover_ratio": 24.53,
            "reinvestment_rate": null,
            "research_to_sale_ratio": null,
            "price_fair": 172.9,
            "eps_avg_yearly": 4.94,
            "eps_latest_yearly": 7.36,
            "eps_growth_yearly": 128.07
        },
        "20142": {
            "year_quarter": 20142,
            "year": 2014,
            "quarter": 2,
            "eps": 1.35,
            "eps_growth_year": 46.74,
            "eps_4q": 5.99,
            "eps_4q_growth_year": 27.7,
            "roe": 2.59,
            "roe_4q": 11.79,
            "gross_profit": 1485235,
            "gross_margin": 84.86,
            "gross_margin_4q_avg": 84.41,
            "net_income": 269642,
            "revenue": 1750187,
            "common_shares": 2020000,
            "book_valuer_per_share": 50.87,
            "book_valuer_per_share_4q_avg": 51.06,
            "equity": 10160005,
            "current_ratio": 109.81,
            "debt_ratio": 57.89,
            "inventory_turnover_ratio": 1.33,
            "account_receivable_turnover_ratio": 26.15,
            "reinvestment_rate": null,
            "research_to_sale_ratio": null,
            "price_fair": 174.69,
            "eps_avg_yearly": 4.99,
            "eps_latest_yearly": 5.4,
            "eps_growth_yearly": 102.01
        },
        "20143": {
            "year_quarter": 20143,
            "year": 2014,
            "quarter": 3,
            "eps": 0.38,
            "eps_growth_year": -65.14,
            "eps_4q": 5.28,
            "eps_4q_growth_year": -0.21,
            "roe": 0.74,
            "roe_4q": 10.27,
            "gross_profit": 1353158,
            "gross_margin": 83.74,
            "gross_margin_4q_avg": 84.49,
            "net_income": 76212,
            "revenue": 1615986,
            "common_shares": 2020000,
            "book_valuer_per_share": 52.22,
            "book_valuer_per_share_4q_avg": 51.97,
            "equity": 10429656,
            "current_ratio": 112.55,
            "debt_ratio": 56.26,
            "inventory_turnover_ratio": 1.33,
            "account_receivable_turnover_ratio": 19.15,
            "reinvestment_rate": null,
            "research_to_sale_ratio": null,
            "price_fair": 162.54,
            "eps_avg_yearly": 4.64,
            "eps_latest_yearly": 1.52,
            "eps_growth_yearly": 63.06
        },
        "20144": {
            "year_quarter": 20144,
            "year": 2014,
            "quarter": 4,
            "eps": 1.82,
            "eps_growth_year": 6.75,
            "eps_4q": 5.42,
            "eps_4q_growth_year": 9.69,
            "roe": 3.34,
            "roe_4q": 10.18,
            "gross_profit": 1887241,
            "gross_margin": 85.49,
            "gross_margin_4q_avg": 84.39,
            "net_income": 361255,
            "revenue": 2207501,
            "common_shares": 2020000,
            "book_valuer_per_share": 56.44,
            "book_valuer_per_share_4q_avg": 53.28,
            "equity": 11177670,
            "current_ratio": 97.74,
            "debt_ratio": 57.71,
            "inventory_turnover_ratio": 1.48,
            "account_receivable_turnover_ratio": 20,
            "reinvestment_rate": 37.91,
            "research_to_sale_ratio": null,
            "price_fair": 170.93,
            "eps_avg_yearly": 4.88,
            "eps_latest_yearly": 7.28,
            "eps_growth_yearly": 195.13
        },
        "20151": {
            "year_quarter": 20151,
            "year": 2015,
            "quarter": 1,
            "eps": 1.94,
            "eps_growth_year": 5.43,
            "eps_4q": 5.51,
            "eps_4q_growth_year": -0.8,
            "roe": 3.4,
            "roe_4q": 10.07,
            "gross_profit": 1784850,
            "gross_margin": 83.46,
            "gross_margin_4q_avg": 84.39,
            "net_income": 383321,
            "revenue": 2138689,
            "common_shares": 2020000,
            "book_valuer_per_share": 57.56,
            "book_valuer_per_share_4q_avg": 54.27,
            "equity": 11378601,
            "current_ratio": 93.93,
            "debt_ratio": 56.24,
            "inventory_turnover_ratio": 1.57,
            "account_receivable_turnover_ratio": 21.11,
            "reinvestment_rate": -9.96,
            "research_to_sale_ratio": null,
            "price_fair": 179.32,
            "eps_avg_yearly": 5.12,
            "eps_latest_yearly": 7.76,
            "eps_growth_yearly": 181.07
        },
        "20152": {
            "year_quarter": 20152,
            "year": 2015,
            "quarter": 2,
            "eps": 1.12,
            "eps_growth_year": -17.04,
            "eps_4q": 5.27,
            "eps_4q_growth_year": -11.96,
            "roe": 1.98,
            "roe_4q": 9.459999999999999,
            "gross_profit": 1436145,
            "gross_margin": 84.73,
            "gross_margin_4q_avg": 84.36,
            "net_income": 220748,
            "revenue": 1694925,
            "common_shares": 2020000,
            "book_valuer_per_share": 55.12,
            "book_valuer_per_share_4q_avg": 55.34,
            "equity": 10897823,
            "current_ratio": 95.46,
            "debt_ratio": 56.99,
            "inventory_turnover_ratio": 1.25,
            "account_receivable_turnover_ratio": 24.5,
            "reinvestment_rate": -26.32,
            "research_to_sale_ratio": null,
            "price_fair": 177.58,
            "eps_avg_yearly": 5.07,
            "eps_latest_yearly": 4.48,
            "eps_growth_yearly": 154.13
        },
        "20153": {
            "year_quarter": 20153,
            "year": 2015,
            "quarter": 3,
            "eps": -2.48,
            "eps_growth_year": -752.63,
            "eps_4q": 2.4,
            "eps_4q_growth_year": -54.46,
            "roe": -4.56,
            "roe_4q": 4.16,
            "gross_profit": 1311856,
            "gross_margin": 84.07,
            "gross_margin_4q_avg": 84.44,
            "net_income": -490675,
            "revenue": 1560446,
            "common_shares": 2020000,
            "book_valuer_per_share": 53.84,
            "book_valuer_per_share_4q_avg": 55.74,
            "equity": 10644813,
            "current_ratio": 97.76,
            "debt_ratio": 56.69,
            "inventory_turnover_ratio": 1.16,
            "account_receivable_turnover_ratio": 20.36,
            "reinvestment_rate": -73.45,
            "research_to_sale_ratio": null,
            "price_fair": 177.58,
            "eps_avg_yearly": 5.07,
            "eps_latest_yearly": 4.48,
            "eps_growth_yearly": 154.13
        },
        "20154": {
            "year_quarter": 20154,
            "year": 2015,
            "quarter": 4,
            "eps": 1.05,
            "eps_growth_year": -42.29,
            "eps_4q": 1.63,
            "eps_4q_growth_year": -69.97,
            "roe": 1.95,
            "roe_4q": 2.7700000000000005,
            "gross_profit": 1539308,
            "gross_margin": 83.61,
            "gross_margin_4q_avg": 83.97,
            "net_income": 207519,
            "revenue": 1841073,
            "common_shares": 2010000,
            "book_valuer_per_share": 53.56,
            "book_valuer_per_share_4q_avg": 55.02,
            "equity": 10587808,
            "current_ratio": 122.33,
            "debt_ratio": 59.29,
            "inventory_turnover_ratio": 1.32,
            "account_receivable_turnover_ratio": 16.89,
            "reinvestment_rate": -90.85,
            "research_to_sale_ratio": null,
            "price_fair": 177.58,
            "eps_avg_yearly": 5.07,
            "eps_latest_yearly": 4.48,
            "eps_growth_yearly": 154.13
        },
        "20161": {
            "year_quarter": 20161,
            "year": 2016,
            "quarter": 1,
            "eps": -0.39,
            "eps_growth_year": -120.1,
            "eps_4q": -0.71,
            "eps_4q_growth_year": -112.85,
            "roe": -0.73,
            "roe_4q": -1.3599999999999999,
            "gross_profit": 1535326,
            "gross_margin": 81.52,
            "gross_margin_4q_avg": 83.48,
            "net_income": -76208,
            "revenue": 1883302,
            "common_shares": 1994990,
            "book_valuer_per_share": 53.03,
            "book_valuer_per_share_4q_avg": 53.89,
            "equity": 10302578,
            "current_ratio": 131.55,
            "debt_ratio": 56.85,
            "inventory_turnover_ratio": 1.54,
            "account_receivable_turnover_ratio": 16.99,
            "reinvestment_rate": -129.01,
            "research_to_sale_ratio": null,
            "price_fair": 177.58,
            "eps_avg_yearly": 5.07,
            "eps_latest_yearly": 4.48,
            "eps_growth_yearly": 154.13
        },
        "20162": {
            "year_quarter": 20162,
            "year": 2016,
            "quarter": 2,
            "eps": 0.78,
            "eps_growth_year": -30.36,
            "eps_4q": -1.1,
            "eps_4q_growth_year": -120.84,
            "roe": 1.48,
            "roe_4q": -1.8599999999999994,
            "gross_profit": 1228615,
            "gross_margin": 82.63,
            "gross_margin_4q_avg": 82.96,
            "net_income": 150004,
            "revenue": 1486853,
            "common_shares": 1994990,
            "book_valuer_per_share": 52.53,
            "book_valuer_per_share_4q_avg": 53.24,
            "equity": 9949636,
            "current_ratio": 140.25,
            "debt_ratio": 56.62,
            "inventory_turnover_ratio": 1.16,
            "account_receivable_turnover_ratio": 15.04,
            "reinvestment_rate": -147.61,
            "research_to_sale_ratio": null,
            "price_fair": 185.62,
            "eps_avg_yearly": 5.3,
            "eps_latest_yearly": 4.48,
            "eps_growth_yearly": 190.24
        },
        "20163": {
            "year_quarter": 20163,
            "year": 2016,
            "quarter": 3,
            "eps": -0.39,
            "eps_growth_year": null,
            "eps_4q": 1.15,
            "eps_4q_growth_year": -52.21,
            "roe": -0.76,
            "roe_4q": 1.94,
            "gross_profit": 1015946,
            "gross_margin": 81.72,
            "gross_margin_4q_avg": 82.37,
            "net_income": -73340,
            "revenue": 1243247,
            "common_shares": 1994990,
            "book_valuer_per_share": 51.18,
            "book_valuer_per_share_4q_avg": 52.58,
            "equity": 9368994,
            "current_ratio": 144.25,
            "debt_ratio": 54.86,
            "inventory_turnover_ratio": 1.06,
            "account_receivable_turnover_ratio": 10.66,
            "reinvestment_rate": -156.98,
            "research_to_sale_ratio": null,
            "price_fair": 196.38,
            "eps_avg_yearly": 5.61,
            "eps_latest_yearly": 4.48,
            "eps_growth_yearly": 213.81
        },
        "20164": {
            "year_quarter": 20164,
            "year": 2016,
            "quarter": 4,
            "eps": 1.69,
            "eps_growth_year": 60.15,
            "eps_4q": 1.7,
            "eps_4q_growth_year": 4.25,
            "roe": 3.25,
            "roe_4q": 3.24,
            "gross_profit": 1478372,
            "gross_margin": 82.74,
            "gross_margin_4q_avg": 82.15,
            "net_income": 307262,
            "revenue": 1786745,
            "common_shares": 1994990,
            "book_valuer_per_share": 51.98,
            "book_valuer_per_share_4q_avg": 52.18,
            "equity": 9515198,
            "current_ratio": 140.5,
            "debt_ratio": 56.83,
            "inventory_turnover_ratio": 1.5,
            "account_receivable_turnover_ratio": 8.56,
            "reinvestment_rate": -213.4,
            "research_to_sale_ratio": null,
            "price_fair": 187.46,
            "eps_avg_yearly": 5.36,
            "eps_latest_yearly": 4.48,
            "eps_growth_yearly": 105.19
        },
        "20171": {
            "year_quarter": 20171,
            "year": 2017,
            "quarter": 1,
            "eps": 0.52,
            "eps_growth_year": null,
            "eps_4q": 2.63,
            "eps_4q_growth_year": null,
            "roe": 1.02,
            "roe_4q": 4.99,
            "gross_profit": 1203785,
            "gross_margin": 77.23,
            "gross_margin_4q_avg": 81.08,
            "net_income": 94657,
            "revenue": 1558642,
            "common_shares": 1994990,
            "book_valuer_per_share": 49.68,
            "book_valuer_per_share_4q_avg": 51.34,
            "equity": 9091841,
            "current_ratio": 138.59,
            "debt_ratio": 55.59,
            "inventory_turnover_ratio": 1.83,
            "account_receivable_turnover_ratio": 7.75,
            "reinvestment_rate": -139.52,
            "research_to_sale_ratio": null,
            "price_fair": 177.66,
            "eps_avg_yearly": 5.08,
            "eps_latest_yearly": 2.08,
            "eps_growth_yearly": 93.57
        },
        "20172": {
            "year_quarter": 20172,
            "year": 2017,
            "quarter": 2,
            "eps": -0.07,
            "eps_growth_year": -108.97,
            "eps_4q": 1.75,
            "eps_4q_growth_year": null,
            "roe": -0.14,
            "roe_4q": 3.37,
            "gross_profit": 1061516,
            "gross_margin": 79.36,
            "gross_margin_4q_avg": 80.26,
            "net_income": -12788,
            "revenue": 1337662,
            "common_shares": 1994990,
            "book_valuer_per_share": 49.9,
            "book_valuer_per_share_4q_avg": 50.69,
            "equity": 9131998,
            "current_ratio": 110.37,
            "debt_ratio": 53.4,
            "inventory_turnover_ratio": 1.49,
            "account_receivable_turnover_ratio": 10.31,
            "reinvestment_rate": -150.98,
            "research_to_sale_ratio": null,
            "price_fair": 183.09,
            "eps_avg_yearly": 5.23,
            "eps_latest_yearly": 2.08,
            "eps_growth_yearly": 114.9
        },
        "20173": {
            "year_quarter": 20173,
            "year": 2017,
            "quarter": 3,
            "eps": -0.83,
            "eps_growth_year": null,
            "eps_4q": 1.2,
            "eps_4q_growth_year": 4.64,
            "roe": -1.66,
            "roe_4q": 2.47,
            "gross_profit": 941418,
            "gross_margin": 76.66,
            "gross_margin_4q_avg": 79,
            "net_income": -153024,
            "revenue": 1228108,
            "common_shares": 1994990,
            "book_valuer_per_share": 46.71,
            "book_valuer_per_share_4q_avg": 49.57,
            "equity": 9323161,
            "current_ratio": 110.41,
            "debt_ratio": 53.69,
            "inventory_turnover_ratio": 1.58,
            "account_receivable_turnover_ratio": 8.35,
            "reinvestment_rate": -179.98,
            "research_to_sale_ratio": null,
            "price_fair": 186.9,
            "eps_avg_yearly": 5.34,
            "eps_latest_yearly": 2.08,
            "eps_growth_yearly": 120.02
        },
        "20174": {
            "year_quarter": 20174,
            "year": 2017,
            "quarter": 4,
            "eps": 2.17,
            "eps_growth_year": 28.69,
            "eps_4q": 1.81,
            "eps_4q_growth_year": 6.45,
            "roe": 4.3,
            "roe_4q": 3.5199999999999996,
            "gross_profit": 1552492,
            "gross_margin": 80.96,
            "gross_margin_4q_avg": 78.55,
            "net_income": 409943,
            "revenue": 1917515,
            "common_shares": 1994990,
            "book_valuer_per_share": 51.52,
            "book_valuer_per_share_4q_avg": 49.45,
            "equity": 9754842,
            "current_ratio": 93.36,
            "debt_ratio": 55.67,
            "inventory_turnover_ratio": 1.84,
            "account_receivable_turnover_ratio": 8.61,
            "reinvestment_rate": -103.62,
            "research_to_sale_ratio": null,
            "price_fair": 179.4,
            "eps_avg_yearly": 5.13,
            "eps_latest_yearly": 2.08,
            "eps_growth_yearly": 104.66
        },
        "20181": {
            "year_quarter": 20181,
            "year": 2018,
            "quarter": 1,
            "eps": 0.89,
            "eps_growth_year": 71.15,
            "eps_4q": 2.08,
            "eps_4q_growth_year": -21.21,
            "roe": 1.64,
            "roe_4q": 4.14,
            "gross_profit": 1299689,
            "gross_margin": 76.85,
            "gross_margin_4q_avg": 78.46,
            "net_income": 162878,
            "revenue": 1691163,
            "common_shares": 1974690,
            "book_valuer_per_share": 51.39,
            "book_valuer_per_share_4q_avg": 49.88,
            "equity": 10153143,
            "current_ratio": 96.79,
            "debt_ratio": 51.16,
            "inventory_turnover_ratio": 1.64,
            "account_receivable_turnover_ratio": 7.31,
            "reinvestment_rate": -90.38,
            "research_to_sale_ratio": null,
            "price_fair": 160.4,
            "eps_avg_yearly": 4.58,
            "eps_latest_yearly": 3.56,
            "eps_growth_yearly": 66.61
        },
        "20182": {
            "year_quarter": 20182,
            "year": 2018,
            "quarter": 2,
            "eps": 0.89,
            "eps_growth_year": null,
            "eps_4q": 3.09,
            "eps_4q_growth_year": 76.7,
            "roe": 1.6,
            "roe_4q": 5.88,
            "gross_profit": 1141143,
            "gross_margin": 77.27,
            "gross_margin_4q_avg": 77.94,
            "net_income": 161057,
            "revenue": 1476863,
            "common_shares": 1974690,
            "book_valuer_per_share": 52.69,
            "book_valuer_per_share_4q_avg": 50.58,
            "equity": 9975401,
            "current_ratio": 95.06,
            "debt_ratio": 48.41,
            "inventory_turnover_ratio": 1.44,
            "account_receivable_turnover_ratio": 9.93,
            "reinvestment_rate": -71.01,
            "research_to_sale_ratio": null,
            "price_fair": 151.2,
            "eps_avg_yearly": 4.32,
            "eps_latest_yearly": 3.56,
            "eps_growth_yearly": 81.83
        },
        "20183": {
            "year_quarter": 20183,
            "year": 2018,
            "quarter": 3,
            "eps": -0.09,
            "eps_growth_year": null,
            "eps_4q": 3.8,
            "eps_4q_growth_year": 216.41,
            "roe": -0.18,
            "roe_4q": 7.359999999999999,
            "gross_profit": 1028523,
            "gross_margin": 76.31,
            "gross_margin_4q_avg": 77.85,
            "net_income": -17130,
            "revenue": 1347883,
            "common_shares": 1974690,
            "book_valuer_per_share": 50.51,
            "book_valuer_per_share_4q_avg": 51.53,
            "equity": 9562384,
            "current_ratio": 98.43,
            "debt_ratio": 49.66,
            "inventory_turnover_ratio": 1.53,
            "account_receivable_turnover_ratio": 12.56,
            "reinvestment_rate": -92.31,
            "research_to_sale_ratio": null,
            "price_fair": 167.53,
            "eps_avg_yearly": 4.79,
            "eps_latest_yearly": 3.56,
            "eps_growth_yearly": 143.37
        },
        "20184": {
            "year_quarter": 20184,
            "year": 2018,
            "quarter": 4,
            "eps": 0.99,
            "eps_growth_year": -54.58,
            "eps_4q": 2.62,
            "eps_4q_growth_year": 44.86,
            "roe": 1.9,
            "roe_4q": 4.96,
            "gross_profit": 1545791,
            "gross_margin": 79.6,
            "gross_margin_4q_avg": 77.51,
            "net_income": 183816,
            "revenue": 1941922,
            "common_shares": 1974690,
            "book_valuer_per_share": 51.94,
            "book_valuer_per_share_4q_avg": 51.63,
            "equity": 9829900,
            "current_ratio": 106.96,
            "debt_ratio": 53.04,
            "inventory_turnover_ratio": 1.66,
            "account_receivable_turnover_ratio": 9.2,
            "reinvestment_rate": -137.69,
            "research_to_sale_ratio": null,
            "price_fair": 12.86,
            "eps_avg_yearly": 4.29,
            "eps_latest_yearly": 3.56,
            "eps_growth_yearly": -131.11
        },
        "20191": {
            "year_quarter": 20191,
            "year": 2019,
            "quarter": 1,
            "eps": 1.11,
            "eps_growth_year": 24.72,
            "eps_4q": 2.83,
            "eps_4q_growth_year": 36.24,
            "roe": 2.12,
            "roe_4q": 5.4399999999999995,
            "gross_profit": 1269582,
            "gross_margin": 71.34,
            "gross_margin_4q_avg": 76.13,
            "net_income": 202171,
            "revenue": 1779679,
            "common_shares": 1955310,
            "book_valuer_per_share": 48.97,
            "book_valuer_per_share_4q_avg": 51.03,
            "equity": 9266686,
            "current_ratio": 97.86,
            "debt_ratio": 66.75,
            "inventory_turnover_ratio": 1.92,
            "account_receivable_turnover_ratio": 6.42,
            "reinvestment_rate": -134.84,
            "research_to_sale_ratio": null,
            "price_fair": 10.87,
            "eps_avg_yearly": 3.62,
            "eps_latest_yearly": 4.44,
            "eps_growth_yearly": -126.69
        },
        "20192": {
            "year_quarter": 20192,
            "year": 2019,
            "quarter": 2,
            "eps": 0.43,
            "eps_growth_year": -51.69,
            "eps_4q": 2.33,
            "eps_4q_growth_year": -24.58,
            "roe": 0.92,
            "roe_4q": 4.76,
            "gross_profit": 1178680,
            "gross_margin": 75.95,
            "gross_margin_4q_avg": 75.8,
            "net_income": 84520,
            "revenue": 1551941,
            "common_shares": 1955310,
            "book_valuer_per_share": 46.34,
            "book_valuer_per_share_4q_avg": 49.44,
            "equity": 9062549,
            "current_ratio": 82.98,
            "debt_ratio": 66.25,
            "inventory_turnover_ratio": 1.47,
            "account_receivable_turnover_ratio": 7.69,
            "reinvestment_rate": -116.67,
            "research_to_sale_ratio": null,
            "price_fair": 9.22,
            "eps_avg_yearly": 3.07,
            "eps_latest_yearly": 1.72,
            "eps_growth_yearly": -141.89
        },
        "20193": {
            "year_quarter": 20193,
            "year": 2019,
            "quarter": 3,
            "eps": 0,
            "eps_growth_year": null,
            "eps_4q": 2.41,
            "eps_4q_growth_year": -36.56,
            "roe": 0,
            "roe_4q": 4.9399999999999995,
            "gross_profit": 1017464,
            "gross_margin": 73.13,
            "gross_margin_4q_avg": 75.01,
            "net_income": 78,
            "revenue": 1391295,
            "common_shares": 1955310,
            "book_valuer_per_share": 44.81,
            "book_valuer_per_share_4q_avg": 48.02,
            "equity": 8764296,
            "current_ratio": 69.29,
            "debt_ratio": 65.44,
            "inventory_turnover_ratio": 1.4,
            "account_receivable_turnover_ratio": 9.93,
            "reinvestment_rate": -47.39,
            "research_to_sale_ratio": null,
            "price_fair": 9.22,
            "eps_avg_yearly": 3.07,
            "eps_latest_yearly": 1.72,
            "eps_growth_yearly": -141.89
        },
        "20194": {
            "year_quarter": 20194,
            "year": 2019,
            "quarter": 4,
            "eps": 1.63,
            "eps_growth_year": 65.5,
            "eps_4q": 3.09,
            "eps_4q_growth_year": 18.01,
            "roe": 3.59,
            "roe_4q": 6.63,
            "gross_profit": 1420411,
            "gross_margin": 74,
            "gross_margin_4q_avg": 73.61,
            "net_income": 316868,
            "revenue": 1919416,
            "common_shares": 1955310,
            "book_valuer_per_share": 45.54,
            "book_valuer_per_share_4q_avg": 46.42,
            "equity": 8903545,
            "current_ratio": 76.75,
            "debt_ratio": 66.04,
            "inventory_turnover_ratio": 1.71,
            "account_receivable_turnover_ratio": 16.36,
            "reinvestment_rate": 24.41,
            "research_to_sale_ratio": null,
            "price_fair": 9.22,
            "eps_avg_yearly": 3.07,
            "eps_latest_yearly": 1.72,
            "eps_growth_yearly": -141.89
        },
        "20201": {
            "year_quarter": 20201,
            "year": 2020,
            "quarter": 1,
            "eps": -0.65,
            "eps_growth_year": -158.56,
            "eps_4q": 1.4,
            "eps_4q_growth_year": -50.45,
            "roe": -1.44,
            "roe_4q": 3.07,
            "gross_profit": 584283,
            "gross_margin": 65.98,
            "gross_margin_4q_avg": 72.27,
            "net_income": -126996,
            "revenue": 885613,
            "common_shares": 1955310,
            "book_valuer_per_share": 44.37,
            "book_valuer_per_share_4q_avg": 45.27,
            "equity": 8675630,
            "current_ratio": 69.87,
            "debt_ratio": 64.23,
            "inventory_turnover_ratio": 0.99,
            "account_receivable_turnover_ratio": 6.53,
            "reinvestment_rate": 25.86,
            "research_to_sale_ratio": null,
            "price_fair": 9.22,
            "eps_avg_yearly": 3.07,
            "eps_latest_yearly": 1.72,
            "eps_growth_yearly": -141.89
        },
        "20202": {
            "year_quarter": 20202,
            "year": 2020,
            "quarter": 2,
            "eps": -0.46,
            "eps_growth_year": -206.98,
            "eps_4q": 0.52,
            "eps_4q_growth_year": -77.57,
            "roe": -1.08,
            "roe_4q": 1.0699999999999998,
            "gross_profit": 721183,
            "gross_margin": 66.75,
            "gross_margin_4q_avg": 69.97,
            "net_income": -90015,
            "revenue": 1080423,
            "common_shares": 1955310,
            "book_valuer_per_share": 40.87,
            "book_valuer_per_share_4q_avg": 43.9,
            "equity": 7991999,
            "current_ratio": 65.32,
            "debt_ratio": 66.11,
            "inventory_turnover_ratio": 1.25,
            "account_receivable_turnover_ratio": 6.04,
            "reinvestment_rate": 18.67,
            "research_to_sale_ratio": null,
            "price_fair": 9.22,
            "eps_avg_yearly": 3.07,
            "eps_latest_yearly": 1.72,
            "eps_growth_yearly": -141.89
        },
        "20203": {
            "year_quarter": 20203,
            "year": 2020,
            "quarter": 3,
            "eps": -0.48,
            "eps_growth_year": null,
            "eps_4q": 0.04,
            "eps_4q_growth_year": -98.35,
            "roe": -1.17,
            "roe_4q": -0.10000000000000009,
            "gross_profit": 785313,
            "gross_margin": 66.45,
            "gross_margin_4q_avg": 68.3,
            "net_income": -94143,
            "revenue": 1181837,
            "common_shares": 1955310,
            "book_valuer_per_share": 41.45,
            "book_valuer_per_share_4q_avg": 43.06,
            "equity": 8105506,
            "current_ratio": 67.68,
            "debt_ratio": 65.42,
            "inventory_turnover_ratio": 1.32,
            "account_receivable_turnover_ratio": 5.53,
            "reinvestment_rate": 46.84,
            "research_to_sale_ratio": null,
            "price_fair": 9.22,
            "eps_avg_yearly": 3.07,
            "eps_latest_yearly": 1.72,
            "eps_growth_yearly": -141.89
        },
        "20204": {
            "year_quarter": 20204,
            "year": 2020,
            "quarter": 4,
            "eps": 0.97,
            "eps_growth_year": -40.73,
            "eps_4q": -0.62,
            "eps_4q_growth_year": -120.22,
            "roe": 2.28,
            "roe_4q": -1.4100000000000001,
            "gross_profit": 1126427,
            "gross_margin": 68.56,
            "gross_margin_4q_avg": 66.94,
            "net_income": 189032,
            "revenue": 1642991,
            "common_shares": 1955310,
            "book_valuer_per_share": 43.53,
            "book_valuer_per_share_4q_avg": 42.56,
            "equity": 8511444,
            "current_ratio": 75.03,
            "debt_ratio": 65.03,
            "inventory_turnover_ratio": 1.57,
            "account_receivable_turnover_ratio": 8.3,
            "reinvestment_rate": 89.02,
            "research_to_sale_ratio": null,
            "price_fair": 9.22,
            "eps_avg_yearly": 3.07,
            "eps_latest_yearly": 1.72,
            "eps_growth_yearly": -141.89
        },
        "20211": {
            "year_quarter": 20211,
            "year": 2021,
            "quarter": 1,
            "eps": 0.05,
            "eps_growth_year": null,
            "eps_4q": 0.08,
            "eps_4q_growth_year": -94.37,
            "roe": 0.12,
            "roe_4q": 0.1499999999999999,
            "gross_profit": 966815,
            "gross_margin": 66.32,
            "gross_margin_4q_avg": 67.02,
            "net_income": 10555,
            "revenue": 1457857,
            "common_shares": 1955310,
            "book_valuer_per_share": 43.32,
            "book_valuer_per_share_4q_avg": 42.29,
            "equity": 8470865,
            "current_ratio": 71.2,
            "debt_ratio": 63.34,
            "inventory_turnover_ratio": 1.48,
            "account_receivable_turnover_ratio": 7.83,
            "reinvestment_rate": 141,
            "research_to_sale_ratio": null,
            "price_fair": 8.09,
            "eps_avg_yearly": 2.7,
            "eps_latest_yearly": 0.2,
            "eps_growth_yearly": -162.38
        },
        "20212": {
            "year_quarter": 20212,
            "year": 2021,
            "quarter": 2,
            "eps": 0.02,
            "eps_growth_year": null,
            "eps_4q": 0.56,
            "eps_4q_growth_year": 6.7,
            "roe": 0.04,
            "roe_4q": 1.27,
            "gross_profit": 906881,
            "gross_margin": 70.39,
            "gross_margin_4q_avg": 67.93,
            "net_income": 3438,
            "revenue": 1288454,
            "common_shares": 1955310,
            "book_valuer_per_share": 42.04,
            "book_valuer_per_share_4q_avg": 42.59,
            "equity": 8220950,
            "current_ratio": 67.61,
            "debt_ratio": 63.93,
            "inventory_turnover_ratio": 1.09,
            "account_receivable_turnover_ratio": 7.81,
            "reinvestment_rate": 126.45,
            "research_to_sale_ratio": null,
            "price_fair": 6.78,
            "eps_avg_yearly": 2.26,
            "eps_latest_yearly": 0.08,
            "eps_growth_yearly": -175.31
        },
        "20213": {
            "year_quarter": 20213,
            "year": 2021,
            "quarter": 3,
            "eps": -0.81,
            "eps_growth_year": null,
            "eps_4q": 0.22,
            "eps_4q_growth_year": 462.07,
            "roe": -1.96,
            "roe_4q": 0.48,
            "gross_profit": 777530,
            "gross_margin": 72.79,
            "gross_margin_4q_avg": 69.52,
            "net_income": -159336,
            "revenue": 1068112,
            "common_shares": 1955310,
            "book_valuer_per_share": 41.02,
            "book_valuer_per_share_4q_avg": 42.48,
            "equity": 8020214,
            "current_ratio": 62.01,
            "debt_ratio": 63.6,
            "inventory_turnover_ratio": 1,
            "account_receivable_turnover_ratio": 6.85,
            "reinvestment_rate": 106.26,
            "research_to_sale_ratio": null,
            "price_fair": 6.78,
            "eps_avg_yearly": 2.26,
            "eps_latest_yearly": 0.08,
            "eps_growth_yearly": -175.31
        },
        "20214": {
            "year_quarter": 20214,
            "year": 2021,
            "quarter": 4,
            "eps": -0.44,
            "eps_growth_year": -145.6,
            "eps_4q": -1.18,
            "eps_4q_growth_year": null,
            "roe": -1.07,
            "roe_4q": -2.87,
            "gross_profit": 1074931,
            "gross_margin": 79.92,
            "gross_margin_4q_avg": 72.36,
            "net_income": -86199,
            "revenue": 1345002,
            "common_shares": 1955310,
            "book_valuer_per_share": 41.11,
            "book_valuer_per_share_4q_avg": 41.87,
            "equity": 8038801,
            "current_ratio": 69.18,
            "debt_ratio": 70.53,
            "inventory_turnover_ratio": 1.16,
            "account_receivable_turnover_ratio": 7.81,
            "reinvestment_rate": -19.34,
            "research_to_sale_ratio": null,
            "price_fair": 6.78,
            "eps_avg_yearly": 2.26,
            "eps_latest_yearly": 0.08,
            "eps_growth_yearly": -175.31
        },
        "20221": {
            "year_quarter": 20221,
            "year": 2022,
            "quarter": 1,
            "eps": -0.45,
            "eps_growth_year": -1000,
            "eps_4q": -1.69,
            "eps_4q_growth_year": -2236.77,
            "roe": -1.07,
            "roe_4q": -4.06,
            "gross_profit": 1003257,
            "gross_margin": 80.21,
            "gross_margin_4q_avg": 75.83,
            "net_income": -87584,
            "revenue": 1250799,
            "common_shares": 1955310,
            "book_valuer_per_share": 42.28,
            "book_valuer_per_share_4q_avg": 41.61,
            "equity": 8266396,
            "current_ratio": 67.78,
            "debt_ratio": 69.4,
            "inventory_turnover_ratio": 0.99,
            "account_receivable_turnover_ratio": 6.71,
            "reinvestment_rate": -36.18,
            "research_to_sale_ratio": null,
            "price_fair": 6,
            "eps_avg_yearly": 2,
            "eps_latest_yearly": 0.08,
            "eps_growth_yearly": -163.19
        },
        "20222": {
            "year_quarter": 20222,
            "year": 2022,
            "quarter": 2,
            "eps": -0.75,
            "eps_growth_year": -3850,
            "eps_4q": -2.46,
            "eps_4q_growth_year": -540.89,
            "roe": -1.82,
            "roe_4q": -5.92,
            "gross_profit": 817303,
            "gross_margin": 80.92,
            "gross_margin_4q_avg": 78.46,
            "net_income": -146931,
            "revenue": 1010023,
            "common_shares": 1955310,
            "book_valuer_per_share": 40.52,
            "book_valuer_per_share_4q_avg": 41.23,
            "equity": 7923794,
            "current_ratio": 64.05,
            "debt_ratio": 69.77,
            "inventory_turnover_ratio": 0.8,
            "account_receivable_turnover_ratio": 4.64,
            "reinvestment_rate": -159.25,
            "research_to_sale_ratio": null,
            "price_fair": 4.83,
            "eps_avg_yearly": 1.61,
            "eps_latest_yearly": 0.08,
            "eps_growth_yearly": -203.99
        },
        "20223": {
            "year_quarter": 20223,
            "year": 2022,
            "quarter": 3,
            "eps": -0.84,
            "eps_growth_year": null,
            "eps_4q": -2.48,
            "eps_4q_growth_year": -1209.59,
            "roe": -2.09,
            "roe_4q": -6.050000000000001,
            "gross_profit": 808103,
            "gross_margin": 83.95,
            "gross_margin_4q_avg": 81.25,
            "net_income": -164056,
            "revenue": 962564,
            "common_shares": 1955310,
            "book_valuer_per_share": 39.76,
            "book_valuer_per_share_4q_avg": 40.92,
            "equity": 7774834,
            "current_ratio": 56.66,
            "debt_ratio": 67.94,
            "inventory_turnover_ratio": 0.71,
            "account_receivable_turnover_ratio": 4,
            "reinvestment_rate": -626.38,
            "research_to_sale_ratio": null,
            "price_fair": 4.83,
            "eps_avg_yearly": 1.61,
            "eps_latest_yearly": 0.08,
            "eps_growth_yearly": -203.99
        },
        "20224": {
            "year_quarter": 20224,
            "year": 2022,
            "quarter": 4,
            "eps": -2.22,
            "eps_growth_year": null,
            "eps_4q": -4.26,
            "eps_4q_growth_year": null,
            "roe": -5.78,
            "roe_4q": -10.76,
            "gross_profit": 763653,
            "gross_margin": 82.4,
            "gross_margin_4q_avg": 81.87,
            "net_income": -434276,
            "revenue": 926756,
            "common_shares": 1955310,
            "book_valuer_per_share": 37.11,
            "book_valuer_per_share_4q_avg": 39.92,
            "equity": 7255247,
            "current_ratio": 54.4,
            "debt_ratio": 68.92,
            "inventory_turnover_ratio": 0.73,
            "account_receivable_turnover_ratio": 3.83,
            "reinvestment_rate": null,
            "research_to_sale_ratio": null,
            "price_fair": 4.83,
            "eps_avg_yearly": 1.61,
            "eps_latest_yearly": 0.08,
            "eps_growth_yearly": -203.99
        },
        "20231": {
            "year_quarter": 20231,
            "year": 2023,
            "quarter": 1,
            "eps": 0.02,
            "eps_growth_year": null,
            "eps_4q": -3.79,
            "eps_4q_growth_year": null,
            "roe": 0.06,
            "roe_4q": -9.63,
            "gross_profit": 856950,
            "gross_margin": 81.11,
            "gross_margin_4q_avg": 82.1,
            "net_income": 4080,
            "revenue": 1056582,
            "common_shares": 1955310,
            "book_valuer_per_share": 37.39,
            "book_valuer_per_share_4q_avg": 38.7,
            "equity": 7310463,
            "current_ratio": 47.3,
            "debt_ratio": 72.46,
            "inventory_turnover_ratio": 0.95,
            "account_receivable_turnover_ratio": 4.61,
            "reinvestment_rate": null,
            "research_to_sale_ratio": null,
            "price_fair": 2,
            "eps_avg_yearly": 0.67,
            "eps_latest_yearly": 0.08,
            "eps_growth_yearly": -288.14
        }
    },
    "months": {
        "2012-06": {
            "month": "2012-06",
            "price": "113.56",
            "revenue": 1990644
        },
        "2012-07": {
            "month": "2012-07",
            "price": "99.11",
            "revenue": 1789594
        },
        "2012-08": {
            "month": "2012-08",
            "price": "96.52",
            "revenue": 2114231
        },
        "2012-09": {
            "month": "2012-09",
            "price": "92.56",
            "revenue": 1917178
        },
        "2012-10": {
            "month": "2012-10",
            "price": "85.83",
            "revenue": 2688585
        },
        "2012-11": {
            "month": "2012-11",
            "price": "76.24",
            "revenue": 3241961
        },
        "2012-12": {
            "month": "2012-12",
            "price": "80.60",
            "revenue": 2877667
        },
        "2013-01": {
            "month": "2013-01",
            "price": "78.83",
            "revenue": 702026
        },
        "2013-02": {
            "month": "2013-02",
            "price": "76.49",
            "revenue": 667293
        },
        "2013-03": {
            "month": "2013-03",
            "price": "75.06",
            "revenue": 547593
        },
        "2013-04": {
            "month": "2013-04",
            "price": "69.27",
            "revenue": 569548
        },
        "2013-05": {
            "month": "2013-05",
            "price": "62.65",
            "revenue": 525816
        },
        "2013-06": {
            "month": "2013-06",
            "price": "58.99",
            "revenue": 568141
        },
        "2013-07": {
            "month": "2013-07",
            "price": "60.07",
            "revenue": 474458
        },
        "2013-08": {
            "month": "2013-08",
            "price": "60.90",
            "revenue": 547271
        },
        "2013-10": {
            "month": "2013-10",
            "price": "64.13",
            "revenue": 595489
        },
        "2013-11": {
            "month": "2013-11",
            "price": "63.32",
            "revenue": 739562
        },
        "2013-12": {
            "month": "2013-12",
            "price": "62.85",
            "revenue": 687039
        },
        "2014-01": {
            "month": "2014-01",
            "price": "60.31",
            "revenue": 833764
        },
        "2014-02": {
            "month": "2014-02",
            "price": "57.84",
            "revenue": 547544
        },
        "2014-03": {
            "month": "2014-03",
            "price": "58.35",
            "revenue": 649114
        },
        "2014-04": {
            "month": "2014-04",
            "price": "63.97",
            "revenue": 575969
        },
        "2014-05": {
            "month": "2014-05",
            "price": "65.37",
            "revenue": 577129
        },
        "2014-06": {
            "month": "2014-06",
            "price": "63.76",
            "revenue": 596838
        },
        "2014-07": {
            "month": "2014-07",
            "price": "65.60",
            "revenue": 476312
        },
        "2014-08": {
            "month": "2014-08",
            "price": "65.82",
            "revenue": 565137
        },
        "2014-09": {
            "month": "2014-09",
            "price": "68.52",
            "revenue": 574860
        },
        "2014-10": {
            "month": "2014-10",
            "price": "64.12",
            "revenue": 627355
        },
        "2014-11": {
            "month": "2014-11",
            "price": "58.26",
            "revenue": 797676
        },
        "2014-12": {
            "month": "2014-12",
            "price": "55.90",
            "revenue": 782431
        },
        "2015-01": {
            "month": "2015-01",
            "price": "53.92",
            "revenue": 672623
        },
        "2015-02": {
            "month": "2015-02",
            "price": "51.29",
            "revenue": 807730
        },
        "2015-03": {
            "month": "2015-03",
            "price": "52.66",
            "revenue": 662917
        },
        "2015-04": {
            "month": "2015-04",
            "price": "56.72",
            "revenue": 533126
        },
        "2015-05": {
            "month": "2015-05",
            "price": "55.76",
            "revenue": 609569
        },
        "2015-06": {
            "month": "2015-06",
            "price": "52.98",
            "revenue": 547649
        },
        "2015-07": {
            "month": "2015-07",
            "price": "47.11",
            "revenue": 455459
        },
        "2015-08": {
            "month": "2015-08",
            "price": "34.61",
            "revenue": 517940
        },
        "2015-09": {
            "month": "2015-09",
            "price": "33.90",
            "revenue": 588289
        },
        "2015-10": {
            "month": "2015-10",
            "price": "37.25",
            "revenue": 631950
        },
        "2015-11": {
            "month": "2015-11",
            "price": "33.27",
            "revenue": 722226
        },
        "2015-12": {
            "month": "2015-12",
            "price": "28.51",
            "revenue": 485655
        },
        "2016-01": {
            "month": "2016-01",
            "price": "23.62",
            "revenue": 717234
        },
        "2016-02": {
            "month": "2016-02",
            "price": "24.58",
            "revenue": 619934
        },
        "2016-03": {
            "month": "2016-03",
            "price": "25.46",
            "revenue": 545914
        },
        "2016-04": {
            "month": "2016-04",
            "price": "23.83",
            "revenue": 486740
        },
        "2016-05": {
            "month": "2016-05",
            "price": "22.47",
            "revenue": 516646
        },
        "2016-06": {
            "month": "2016-06",
            "price": "24.66",
            "revenue": 483428
        },
        "2016-07": {
            "month": "2016-07",
            "price": "24.67",
            "revenue": 378760
        },
        "2016-08": {
            "month": "2016-08",
            "price": "24.70",
            "revenue": 435345
        },
        "2016-09": {
            "month": "2016-09",
            "price": "24.41",
            "revenue": 429414
        },
        "2016-10": {
            "month": "2016-10",
            "price": "23.59",
            "revenue": 633837
        },
        "2016-11": {
            "month": "2016-11",
            "price": "22.13",
            "revenue": 535296
        },
        "2016-12": {
            "month": "2016-12",
            "price": "21.86",
            "revenue": 585524
        },
        "2017-01": {
            "month": "2017-01",
            "price": "23.00",
            "revenue": 659076
        },
        "2017-02": {
            "month": "2017-02",
            "price": "24.57",
            "revenue": 428666
        },
        "2017-03": {
            "month": "2017-03",
            "price": "23.52",
            "revenue": 470480
        },
        "2017-04": {
            "month": "2017-04",
            "price": "24.15",
            "revenue": 442547
        },
        "2017-05": {
            "month": "2017-05",
            "price": "24.40",
            "revenue": 482202
        },
        "2017-06": {
            "month": "2017-06",
            "price": "25.92",
            "revenue": 414223
        },
        "2017-07": {
            "month": "2017-07",
            "price": "24.95",
            "revenue": 362946
        },
        "2017-08": {
            "month": "2017-08",
            "price": "23.37",
            "revenue": 429363
        },
        "2017-09": {
            "month": "2017-09",
            "price": "23.45",
            "revenue": 439279
        },
        "2017-10": {
            "month": "2017-10",
            "price": "22.84",
            "revenue": 519160
        },
        "2017-11": {
            "month": "2017-11",
            "price": "21.39",
            "revenue": 751001
        },
        "2017-12": {
            "month": "2017-12",
            "price": "22.29",
            "revenue": 647052
        },
        "2018-01": {
            "month": "2018-01",
            "price": "23.58",
            "revenue": 524097
        },
        "2018-02": {
            "month": "2018-02",
            "price": "22.43",
            "revenue": 612047
        },
        "2018-03": {
            "month": "2018-03",
            "price": "22.62",
            "revenue": 555011
        },
        "2018-04": {
            "month": "2018-04",
            "price": "26.39",
            "revenue": 467983
        },
        "2018-05": {
            "month": "2018-05",
            "price": "30.99",
            "revenue": 542818
        },
        "2018-06": {
            "month": "2018-06",
            "price": "34.20",
            "revenue": 471228
        },
        "2018-07": {
            "month": "2018-07",
            "price": "31.39",
            "revenue": 387894
        },
        "2018-08": {
            "month": "2018-08",
            "price": "30.79",
            "revenue": 474166
        },
        "2018-09": {
            "month": "2018-09",
            "price": "32.81",
            "revenue": 483112
        },
        "2018-10": {
            "month": "2018-10",
            "price": "33.01",
            "revenue": 451830
        },
        "2018-11": {
            "month": "2018-11",
            "price": "32.32",
            "revenue": 865630
        },
        "2018-12": {
            "month": "2018-12",
            "price": "32.74",
            "revenue": 622119
        },
        "2019-01": {
            "month": "2019-01",
            "price": "32.86",
            "revenue": 666093
        },
        "2019-02": {
            "month": "2019-02",
            "price": "35.22",
            "revenue": 513225
        },
        "2019-03": {
            "month": "2019-03",
            "price": "35.96",
            "revenue": 598334
        },
        "2019-04": {
            "month": "2019-04",
            "price": "32.34",
            "revenue": 467555
        },
        "2019-05": {
            "month": "2019-05",
            "price": "32.43",
            "revenue": 571345
        },
        "2019-06": {
            "month": "2019-06",
            "price": "34.06",
            "revenue": 498456
        },
        "2019-07": {
            "month": "2019-07",
            "price": "33.88",
            "revenue": 401987
        },
        "2019-08": {
            "month": "2019-08",
            "price": "31.25",
            "revenue": 493223
        },
        "2019-09": {
            "month": "2019-09",
            "price": "30.02",
            "revenue": 498510
        },
        "2019-10": {
            "month": "2019-10",
            "price": "30.10",
            "revenue": 478313
        },
        "2019-11": {
            "month": "2019-11",
            "price": "29.21",
            "revenue": 838177
        },
        "2019-12": {
            "month": "2019-12",
            "price": "28.42",
            "revenue": 594958
        },
        "2020-01": {
            "month": "2020-01",
            "price": "26.83",
            "revenue": 560316
        },
        "2020-02": {
            "month": "2020-02",
            "price": "22.04",
            "revenue": 88129
        },
        "2020-03": {
            "month": "2020-03",
            "price": "19.11",
            "revenue": 237981
        },
        "2020-04": {
            "month": "2020-04",
            "price": "20.98",
            "revenue": 309935
        },
        "2020-05": {
            "month": "2020-05",
            "price": "24.08",
            "revenue": 416573
        },
        "2020-06": {
            "month": "2020-06",
            "price": "24.77",
            "revenue": 351974
        },
        "2020-07": {
            "month": "2020-07",
            "price": "24.59",
            "revenue": 339327
        },
        "2020-08": {
            "month": "2020-08",
            "price": "24.26",
            "revenue": 428952
        },
        "2020-09": {
            "month": "2020-09",
            "price": "23.15",
            "revenue": 418073
        },
        "2020-10": {
            "month": "2020-10",
            "price": "21.91",
            "revenue": 530541
        },
        "2020-11": {
            "month": "2020-11",
            "price": "21.62",
            "revenue": 578431
        },
        "2020-12": {
            "month": "2020-12",
            "price": "21.60",
            "revenue": 546399
        },
        "2021-01": {
            "month": "2021-01",
            "price": "20.16",
            "revenue": 521233
        },
        "2021-02": {
            "month": "2021-02",
            "price": "19.55",
            "revenue": 442960
        },
        "2021-03": {
            "month": "2021-03",
            "price": "20.15",
            "revenue": 496964
        },
        "2021-04": {
            "month": "2021-04",
            "price": "22.06",
            "revenue": 387354
        },
        "2021-05": {
            "month": "2021-05",
            "price": "20.21",
            "revenue": 502307
        },
        "2021-06": {
            "month": "2021-06",
            "price": "21.35",
            "revenue": 396713
        },
        "2021-07": {
            "month": "2021-07",
            "price": "22.82",
            "revenue": 348011
        },
        "2021-08": {
            "month": "2021-08",
            "price": "20.00",
            "revenue": 336269
        },
        "2021-09": {
            "month": "2021-09",
            "price": "19.44",
            "revenue": 398306
        },
        "2021-10": {
            "month": "2021-10",
            "price": "18.79",
            "revenue": 362906
        },
        "2021-11": {
            "month": "2021-11",
            "price": "18.65",
            "revenue": 540909
        },
        "2021-12": {
            "month": "2021-12",
            "price": "17.79",
            "revenue": 437963
        },
        "2022-01": {
            "month": "2022-01",
            "price": "17.24",
            "revenue": 511183
        },
        "2022-02": {
            "month": "2022-02",
            "price": "17.57",
            "revenue": 360187
        },
        "2022-03": {
            "month": "2022-03",
            "price": "17.38",
            "revenue": 381769
        },
        "2022-04": {
            "month": "2022-04",
            "price": "16.77",
            "revenue": 307942
        },
        "2022-05": {
            "month": "2022-05",
            "price": "16.32",
            "revenue": 347178
        },
        "2022-06": {
            "month": "2022-06",
            "price": "16.24",
            "revenue": 370985
        },
        "2022-07": {
            "month": "2022-07",
            "price": "15.24",
            "revenue": 290923
        },
        "2022-08": {
            "month": "2022-08",
            "price": "14.77",
            "revenue": 338121
        },
        "2022-09": {
            "month": "2022-09",
            "price": "14.41",
            "revenue": 346672
        },
        "2022-10": {
            "month": "2022-10",
            "price": "13.69",
            "revenue": 359733
        },
        "2022-11": {
            "month": "2022-11",
            "price": "13.50",
            "revenue": 311024
        },
        "2022-12": {
            "month": "2022-12",
            "price": "17.15",
            "revenue": 267039
        },
        "2023-01": {
            "month": "2023-01",
            "price": "17.30",
            "revenue": 419428
        },
        "2023-02": {
            "month": "2023-02",
            "price": "17.52",
            "revenue": 297591
        },
        "2023-03": {
            "month": "2023-03",
            "price": "16.33",
            "revenue": 339542
        },
        "2023-04": {
            "month": "2023-04",
            "price": "15.30",
            "revenue": 278022
        }
    }
}
