{
    "summary": {
        "stock_name": "群益證",
        "stock_id": "6005",
        "category": "金融",
        "main_business": "在集中交易市場及其營業處所受託買賣與自行買賣有價證券。<br>辦理有價證券之融資、融券業務及自營期貨、期貨交易輔助人業務。<br>承銷有價證券、有價證券股務事項之代理。",
        "website_url": "http://www.capital.com.tw",
        "ceo": "李文柱",
        "pe_ratio": 17,
        "report_year_from": 2001,
        "report_year_to": 2023,
        "age": 22,
        "eps_negative_percentage": 0,
        "eps_growth_avg": {
            "last_all": 11.55,
            "last_2y": 3.37,
            "last_4y": 6.26,
            "last_8y": 14.04,
            "last_12y": null,
            "last_16y": null,
            "last_20y": null,
            "at_2006_last_3y": null,
            "at_2007_last_3y": null,
            "at_2008_last_3y": null,
            "at_2009_last_3y": null,
            "at_2010_last_3y": null,
            "at_2011_last_3y": null,
            "at_2012_last_3y": null,
            "at_2013_last_3y": null,
            "at_2014_last_3y": 12.35,
            "at_2015_last_3y": 21.27,
            "at_2016_last_3y": 8.99,
            "at_2017_last_3y": 23.76,
            "at_2018_last_3y": 1.71,
            "at_2019_last_3y": 25.37,
            "at_2020_last_3y": 41.9,
            "at_2021_last_3y": 28.79,
            "at_2022_last_3y": 20.6,
            "at_2023_last_3y": 20.6,
            "at_2006_last_all": null,
            "at_2007_last_all": null,
            "at_2008_last_all": null,
            "at_2009_last_all": null,
            "at_2010_last_all": null,
            "at_2011_last_all": null,
            "at_2012_last_all": -14.31,
            "at_2013_last_all": 4.1,
            "at_2014_last_all": 12.35,
            "at_2015_last_all": 5.41,
            "at_2016_last_all": 1.22,
            "at_2017_last_all": 15.33,
            "at_2018_last_all": 7.03,
            "at_2019_last_all": 14.28,
            "at_2020_last_all": 17.5,
            "at_2021_last_all": 20.23,
            "at_2022_last_all": 11.55,
            "at_2023_last_all": 11.55
        },
        "latest_eps": 0.77,
        "latest_price": 13.45,
        "latest_roe": 4.97,
        "latest_gross_margin": null,
        "latest_equity": 40298683,
        "latest_revenue": 2830885,
        "latest_gross_profit": null,
        "latest_net_income": 1214591,
        "latest_debt_ratio": 80.39,
        "latest_current_ratio": 112.34,
        "latest_account_receivable_turnover_ratio": 0.34,
        "latest_inventory_turnover_ratio": null,
        "latest_reinvestment_rate": -17.13,
        "latest_research_to_sale_ratio": null
    },
    "eps_dividends": {
        "1996": {
            "cash": 0,
            "stock": 0,
            "eps": 0
        },
        "1997": {
            "cash": 0,
            "stock": 2,
            "eps": 0
        },
        "1998": {
            "cash": 0,
            "stock": 3,
            "eps": 0
        },
        "1999": {
            "cash": 0,
            "stock": 0,
            "eps": 0
        },
        "2001": {
            "cash": 0,
            "stock": 3,
            "eps": 0
        },
        "2002": {
            "cash": 0,
            "stock": 1,
            "eps": 0
        },
        "2003": {
            "cash": 1,
            "stock": 0,
            "eps": 0
        },
        "2004": {
            "cash": 0,
            "stock": 0,
            "eps": 0
        },
        "2005": {
            "cash": 1,
            "stock": 0,
            "eps": 0
        },
        "2006": {
            "cash": 0,
            "stock": 0,
            "eps": 0
        },
        "2007": {
            "cash": 0,
            "stock": 1,
            "eps": 0
        },
        "2008": {
            "cash": 0,
            "stock": 1,
            "eps": 0
        },
        "2009": {
            "cash": 0,
            "stock": 0,
            "eps": 0
        },
        "2010": {
            "cash": 0,
            "stock": 1,
            "eps": 0.81
        },
        "2011": {
            "cash": 0,
            "stock": 0,
            "eps": 0.34
        },
        "2012": {
            "cash": 0,
            "stock": 0,
            "eps": 0.44
        },
        "2013": {
            "cash": 0,
            "stock": 0,
            "eps": 0.62
        },
        "2014": {
            "cash": 0,
            "stock": 0,
            "eps": 0.85
        },
        "2015": {
            "cash": 1,
            "stock": 0,
            "eps": 0.66
        },
        "2016": {
            "cash": 0,
            "stock": 0,
            "eps": 0.53
        },
        "2017": {
            "cash": 0,
            "stock": 0,
            "eps": 1.33
        },
        "2018": {
            "cash": 0,
            "stock": 1,
            "eps": 0.65
        },
        "2019": {
            "cash": 0,
            "stock": 0,
            "eps": 1.12
        },
        "2020": {
            "cash": 1,
            "stock": 0,
            "eps": 1.64
        },
        "2021": {
            "cash": 1,
            "stock": 0,
            "eps": 2.42
        },
        "2022": {
            "cash": 2,
            "stock": 0,
            "eps": 0.39
        },
        "2023": {
            "cash": 0,
            "stock": 0,
            "eps": 0.51
        }
    },
    "dividends": {
        "1996-04-29": {
            "cash": 0,
            "stock": 0.3
        },
        "1997-06-27": {
            "cash": 0,
            "stock": 1.6
        },
        "1998-04-10": {
            "cash": 0,
            "stock": 3.25
        },
        "1999-05-20": {
            "cash": 0,
            "stock": 0.25
        },
        "2001-04-03": {
            "cash": 0.3,
            "stock": 2.7
        },
        "2002-05-15": {
            "cash": 0.1,
            "stock": 0.7
        },
        "2003-04-25": {
            "cash": 0.5,
            "stock": 0
        },
        "2004-03-30": {
            "cash": 0.45,
            "stock": 0
        },
        "2005-03-25": {
            "cash": 1.01,
            "stock": 0
        },
        "2006-03-14": {
            "cash": 0.04,
            "stock": 0.26
        },
        "2007-04-20": {
            "cash": 0.2,
            "stock": 0.5
        },
        "2008-04-22": {
            "cash": 0.2,
            "stock": 1
        },
        "2010-03-26": {
            "cash": 0.1,
            "stock": 0.84
        },
        "2011-01-01": {
            "cash": 0.25,
            "stock": 0
        },
        "2011-04-27": {
            "cash": 0.3,
            "stock": 0.15
        },
        "2013-05-10": {
            "cash": 0.15,
            "stock": 0
        },
        "2014-09-05": {
            "cash": 0.45,
            "stock": 0
        },
        "2015-09-11": {
            "cash": 0.6,
            "stock": 0
        },
        "2016-09-07": {
            "cash": 0.49,
            "stock": 0
        },
        "2017-09-13": {
            "cash": 0.37,
            "stock": 0
        },
        "2018-09-28": {
            "cash": 0.2,
            "stock": 0.7
        },
        "2019-09-12": {
            "cash": 0.4,
            "stock": 0
        },
        "2020-09-11": {
            "cash": 0.8,
            "stock": 0
        },
        "2021-08-27": {
            "cash": 1.1,
            "stock": 0
        },
        "2022-08-10": {
            "cash": 1.65,
            "stock": 0
        },
        "2023-03-13": {
            "cash": 0.39,
            "stock": 0
        }
    },
    "prices": {
        "200101": "14.49",
        "200102": "17.79",
        "200103": "18.57",
        "200104": "18.59",
        "200105": "15.51",
        "200106": "12.14",
        "200107": "11.91",
        "200108": "11.49",
        "200109": "9.73",
        "200110": "11.16",
        "200111": "13.20",
        "200112": "15.17",
        "200201": "15.39",
        "200202": "14.55",
        "200203": "15.14",
        "200204": "15.29",
        "200205": "13.67",
        "200206": "13.02",
        "200207": "11.08",
        "200208": "11.06",
        "200209": "10.75",
        "200210": "10.50",
        "200211": "10.57",
        "200212": "10.12",
        "200301": "11.48",
        "200302": "10.77",
        "200303": "10.65",
        "200304": "10.02",
        "200305": "9.14",
        "200306": "11.00",
        "200307": "11.26",
        "200308": "10.27",
        "200309": "10.19",
        "200310": "10.53",
        "200311": "10.25",
        "200312": "10.52",
        "200401": "12.53",
        "200402": "14.74",
        "200403": "15.33",
        "200404": "13.76",
        "200405": "11.31",
        "200406": "11.25",
        "200407": "11.00",
        "200408": "10.79",
        "200409": "11.81",
        "200410": "12.29",
        "200411": "12.76",
        "200412": "13.02",
        "200501": "12.81",
        "200502": "13.05",
        "200503": "13.28",
        "200504": "13.13",
        "200505": "13.18",
        "200506": "13.81",
        "200507": "14.10",
        "200508": "13.50",
        "200509": "12.75",
        "200510": "11.66",
        "200511": "11.99",
        "200512": "12.40",
        "200601": "13.29",
        "200602": "12.54",
        "200603": "11.82",
        "200604": "12.61",
        "200605": "13.92",
        "200606": "12.32",
        "200607": "12.03",
        "200608": "12.22",
        "200609": "12.39",
        "200610": "12.94",
        "200611": "12.98",
        "200612": "13.87",
        "200701": "15.29",
        "200702": "15.39",
        "200703": "15.42",
        "200704": "15.88",
        "200705": "14.68",
        "200706": "15.98",
        "200707": "20.72",
        "200708": "19.44",
        "200709": "18.85",
        "200710": "20.38",
        "200711": "17.79",
        "200712": "15.85",
        "200801": "17.54",
        "200802": "20.17",
        "200803": "22.50",
        "200804": "24.65",
        "200805": "22.92",
        "200806": "19.70",
        "200807": "17.14",
        "200808": "15.74",
        "200809": "12.70",
        "200810": "7.33",
        "200811": "6.81",
        "200812": "7.89",
        "200901": "7.20",
        "200902": "7.30",
        "200903": "8.94",
        "200904": "11.31",
        "200905": "14.59",
        "200906": "14.90",
        "200907": "16.15",
        "200908": "14.67",
        "200909": "16.06",
        "200910": "16.72",
        "200911": "16.42",
        "200912": "16.91",
        "201001": "18.60",
        "201002": "15.57",
        "201003": "16.43",
        "201004": "16.41",
        "201005": "14.43",
        "201006": "13.76",
        "201007": "14.60",
        "201008": "14.47",
        "201009": "14.35",
        "201010": "14.10",
        "201011": "13.84",
        "201012": "14.58",
        "201101": "15.58",
        "201102": "14.12",
        "201103": "13.19",
        "201104": "13.64",
        "201105": "14.00",
        "201106": "13.85",
        "201107": "14.22",
        "201108": "12.88",
        "201109": "11.14",
        "201110": "10.71",
        "201111": "10.86",
        "201112": "10.44",
        "201201": "10.82",
        "201202": "12.45",
        "201203": "12.31",
        "201204": "10.68",
        "201205": "9.70",
        "201206": "9.76",
        "201207": "9.93",
        "201208": "10.49",
        "201209": "10.84",
        "201210": "10.43",
        "201211": "9.84",
        "201212": "10.96",
        "201301": "11.10",
        "201302": "11.53",
        "201303": "11.10",
        "201304": "10.18",
        "201305": "10.68",
        "201306": "10.22",
        "201307": "10.11",
        "201308": "9.70",
        "201309": "10.12",
        "201310": "10.16",
        "201311": "10.05",
        "201312": "10.33",
        "201401": "11.74",
        "201402": "11.49",
        "201403": "11.30",
        "201404": "11.01",
        "201405": "10.60",
        "201406": "11.12",
        "201407": "11.49",
        "201408": "10.56",
        "201409": "10.27",
        "201410": "9.87",
        "201411": "9.91",
        "201412": "10.22",
        "201501": "10.31",
        "201502": "10.30",
        "201503": "10.23",
        "201504": "10.68",
        "201505": "10.96",
        "201506": "10.16",
        "201507": "9.88",
        "201508": "8.82",
        "201509": "8.53",
        "201510": "9.42",
        "201511": "9.71",
        "201512": "9.61",
        "201601": "8.76",
        "201602": "8.62",
        "201603": "8.92",
        "201604": "8.67",
        "201605": "8.23",
        "201606": "8.28",
        "201607": "8.56",
        "201608": "8.40",
        "201609": "8.19",
        "201610": "8.00",
        "201611": "8.30",
        "201612": "9.33",
        "201701": "9.12",
        "201702": "9.81",
        "201703": "10.06",
        "201704": "9.91",
        "201705": "9.96",
        "201706": "9.93",
        "201707": "9.98",
        "201708": "9.82",
        "201709": "10.15",
        "201710": "10.44",
        "201711": "10.70",
        "201712": "11.57",
        "201801": "11.71",
        "201802": "11.39",
        "201803": "11.24",
        "201804": "11.19",
        "201805": "11.28",
        "201806": "11.41",
        "201807": "10.99",
        "201808": "11.03",
        "201809": "10.31",
        "201810": "9.53",
        "201811": "9.24",
        "201812": "9.06",
        "201901": "9.06",
        "201902": "9.19",
        "201903": "9.56",
        "201904": "9.39",
        "201905": "9.26",
        "201906": "9.34",
        "201907": "9.51",
        "201908": "8.99",
        "201909": "8.94",
        "201910": "9.08",
        "201911": "9.95",
        "201912": "10.66",
        "202001": "10.49",
        "202002": "10.05",
        "202003": "9.04",
        "202004": "9.41",
        "202005": "9.89",
        "202006": "10.25",
        "202007": "11.37",
        "202008": "11.16",
        "202009": "10.99",
        "202010": "10.91",
        "202011": "11.45",
        "202012": "12.88",
        "202101": "14.10",
        "202102": "13.97",
        "202103": "14.63",
        "202104": "17.44",
        "202105": "17.17",
        "202106": "16.87",
        "202107": "17.28",
        "202108": "15.54",
        "202109": "15.38",
        "202110": "15.11",
        "202111": "16.01",
        "202112": "16.53",
        "202201": "16.78",
        "202202": "16.33",
        "202203": "16.00",
        "202204": "16.12",
        "202205": "14.67",
        "202206": "14.40",
        "202207": "12.12",
        "202208": "11.86",
        "202209": "11.19",
        "202210": "10.17",
        "202211": "10.92",
        "202212": "11.31",
        "202301": "11.20",
        "202302": "11.92",
        "202303": "11.99",
        "202304": "13.12",
        "202305": "13.65"
    },
    "quarters": {
        "20011": {
            "year_quarter": 20011,
            "year": 2001,
            "quarter": 1,
            "eps": null,
            "eps_growth_year": null,
            "eps_4q": null,
            "eps_4q_growth_year": null,
            "roe": null,
            "roe_4q": 0,
            "gross_profit": null,
            "gross_margin": null,
            "gross_margin_4q_avg": 0,
            "net_income": null,
            "revenue": null,
            "common_shares": null,
            "book_valuer_per_share": null,
            "book_valuer_per_share_4q_avg": 0,
            "equity": null,
            "current_ratio": null,
            "debt_ratio": null,
            "inventory_turnover_ratio": null,
            "account_receivable_turnover_ratio": null,
            "reinvestment_rate": null,
            "research_to_sale_ratio": null,
            "price_fair": 0,
            "eps_avg_yearly": 0,
            "eps_latest_yearly": 0,
            "eps_growth_yearly": 0
        },
        "20012": {
            "year_quarter": 20012,
            "year": 2001,
            "quarter": 2,
            "eps": null,
            "eps_growth_year": null,
            "eps_4q": null,
            "eps_4q_growth_year": null,
            "roe": null,
            "roe_4q": 0,
            "gross_profit": null,
            "gross_margin": null,
            "gross_margin_4q_avg": 0,
            "net_income": null,
            "revenue": null,
            "common_shares": null,
            "book_valuer_per_share": null,
            "book_valuer_per_share_4q_avg": 0,
            "equity": null,
            "current_ratio": null,
            "debt_ratio": null,
            "inventory_turnover_ratio": null,
            "account_receivable_turnover_ratio": null,
            "reinvestment_rate": null,
            "research_to_sale_ratio": null,
            "price_fair": 0,
            "eps_avg_yearly": 0,
            "eps_latest_yearly": 0,
            "eps_growth_yearly": 0
        },
        "20013": {
            "year_quarter": 20013,
            "year": 2001,
            "quarter": 3,
            "eps": null,
            "eps_growth_year": null,
            "eps_4q": null,
            "eps_4q_growth_year": null,
            "roe": null,
            "roe_4q": 0,
            "gross_profit": null,
            "gross_margin": null,
            "gross_margin_4q_avg": 0,
            "net_income": null,
            "revenue": null,
            "common_shares": null,
            "book_valuer_per_share": null,
            "book_valuer_per_share_4q_avg": 0,
            "equity": null,
            "current_ratio": null,
            "debt_ratio": null,
            "inventory_turnover_ratio": null,
            "account_receivable_turnover_ratio": null,
            "reinvestment_rate": null,
            "research_to_sale_ratio": null,
            "price_fair": 0,
            "eps_avg_yearly": 0,
            "eps_latest_yearly": 0,
            "eps_growth_yearly": 0
        },
        "20014": {
            "year_quarter": 20014,
            "year": 2001,
            "quarter": 4,
            "eps": null,
            "eps_growth_year": null,
            "eps_4q": null,
            "eps_4q_growth_year": null,
            "roe": null,
            "roe_4q": 0,
            "gross_profit": null,
            "gross_margin": null,
            "gross_margin_4q_avg": 0,
            "net_income": null,
            "revenue": null,
            "common_shares": null,
            "book_valuer_per_share": null,
            "book_valuer_per_share_4q_avg": 0,
            "equity": null,
            "current_ratio": null,
            "debt_ratio": null,
            "inventory_turnover_ratio": null,
            "account_receivable_turnover_ratio": null,
            "reinvestment_rate": null,
            "research_to_sale_ratio": null,
            "price_fair": 0,
            "eps_avg_yearly": 0,
            "eps_latest_yearly": 0,
            "eps_growth_yearly": 0
        },
        "20021": {
            "year_quarter": 20021,
            "year": 2002,
            "quarter": 1,
            "eps": null,
            "eps_growth_year": null,
            "eps_4q": null,
            "eps_4q_growth_year": null,
            "roe": null,
            "roe_4q": 0,
            "gross_profit": null,
            "gross_margin": null,
            "gross_margin_4q_avg": 0,
            "net_income": null,
            "revenue": null,
            "common_shares": null,
            "book_valuer_per_share": null,
            "book_valuer_per_share_4q_avg": 0,
            "equity": null,
            "current_ratio": null,
            "debt_ratio": null,
            "inventory_turnover_ratio": null,
            "account_receivable_turnover_ratio": null,
            "reinvestment_rate": null,
            "research_to_sale_ratio": null,
            "price_fair": 0,
            "eps_avg_yearly": 0,
            "eps_latest_yearly": 0,
            "eps_growth_yearly": 0
        },
        "20022": {
            "year_quarter": 20022,
            "year": 2002,
            "quarter": 2,
            "eps": null,
            "eps_growth_year": null,
            "eps_4q": null,
            "eps_4q_growth_year": null,
            "roe": null,
            "roe_4q": 0,
            "gross_profit": null,
            "gross_margin": null,
            "gross_margin_4q_avg": 0,
            "net_income": null,
            "revenue": null,
            "common_shares": null,
            "book_valuer_per_share": null,
            "book_valuer_per_share_4q_avg": 0,
            "equity": null,
            "current_ratio": null,
            "debt_ratio": null,
            "inventory_turnover_ratio": null,
            "account_receivable_turnover_ratio": null,
            "reinvestment_rate": null,
            "research_to_sale_ratio": null,
            "price_fair": 0,
            "eps_avg_yearly": 0,
            "eps_latest_yearly": 0,
            "eps_growth_yearly": 0
        },
        "20023": {
            "year_quarter": 20023,
            "year": 2002,
            "quarter": 3,
            "eps": null,
            "eps_growth_year": null,
            "eps_4q": null,
            "eps_4q_growth_year": null,
            "roe": null,
            "roe_4q": 0,
            "gross_profit": null,
            "gross_margin": null,
            "gross_margin_4q_avg": 0,
            "net_income": null,
            "revenue": null,
            "common_shares": null,
            "book_valuer_per_share": null,
            "book_valuer_per_share_4q_avg": 0,
            "equity": null,
            "current_ratio": null,
            "debt_ratio": null,
            "inventory_turnover_ratio": null,
            "account_receivable_turnover_ratio": null,
            "reinvestment_rate": null,
            "research_to_sale_ratio": null,
            "price_fair": 0,
            "eps_avg_yearly": 0,
            "eps_latest_yearly": 0,
            "eps_growth_yearly": 0
        },
        "20024": {
            "year_quarter": 20024,
            "year": 2002,
            "quarter": 4,
            "eps": null,
            "eps_growth_year": null,
            "eps_4q": null,
            "eps_4q_growth_year": null,
            "roe": null,
            "roe_4q": 0,
            "gross_profit": null,
            "gross_margin": null,
            "gross_margin_4q_avg": 0,
            "net_income": null,
            "revenue": null,
            "common_shares": null,
            "book_valuer_per_share": null,
            "book_valuer_per_share_4q_avg": 0,
            "equity": null,
            "current_ratio": null,
            "debt_ratio": null,
            "inventory_turnover_ratio": null,
            "account_receivable_turnover_ratio": null,
            "reinvestment_rate": null,
            "research_to_sale_ratio": null,
            "price_fair": 0,
            "eps_avg_yearly": 0,
            "eps_latest_yearly": 0,
            "eps_growth_yearly": 0
        },
        "20031": {
            "year_quarter": 20031,
            "year": 2003,
            "quarter": 1,
            "eps": null,
            "eps_growth_year": null,
            "eps_4q": null,
            "eps_4q_growth_year": null,
            "roe": null,
            "roe_4q": 0,
            "gross_profit": null,
            "gross_margin": null,
            "gross_margin_4q_avg": 0,
            "net_income": null,
            "revenue": null,
            "common_shares": null,
            "book_valuer_per_share": null,
            "book_valuer_per_share_4q_avg": 0,
            "equity": null,
            "current_ratio": null,
            "debt_ratio": null,
            "inventory_turnover_ratio": null,
            "account_receivable_turnover_ratio": null,
            "reinvestment_rate": null,
            "research_to_sale_ratio": null,
            "price_fair": 0,
            "eps_avg_yearly": 0,
            "eps_latest_yearly": 0,
            "eps_growth_yearly": 0
        },
        "20032": {
            "year_quarter": 20032,
            "year": 2003,
            "quarter": 2,
            "eps": null,
            "eps_growth_year": null,
            "eps_4q": null,
            "eps_4q_growth_year": null,
            "roe": null,
            "roe_4q": 0,
            "gross_profit": null,
            "gross_margin": null,
            "gross_margin_4q_avg": 0,
            "net_income": null,
            "revenue": null,
            "common_shares": null,
            "book_valuer_per_share": null,
            "book_valuer_per_share_4q_avg": 0,
            "equity": null,
            "current_ratio": null,
            "debt_ratio": null,
            "inventory_turnover_ratio": null,
            "account_receivable_turnover_ratio": null,
            "reinvestment_rate": null,
            "research_to_sale_ratio": null,
            "price_fair": 0,
            "eps_avg_yearly": 0,
            "eps_latest_yearly": 0,
            "eps_growth_yearly": 0
        },
        "20033": {
            "year_quarter": 20033,
            "year": 2003,
            "quarter": 3,
            "eps": null,
            "eps_growth_year": null,
            "eps_4q": null,
            "eps_4q_growth_year": null,
            "roe": null,
            "roe_4q": 0,
            "gross_profit": null,
            "gross_margin": null,
            "gross_margin_4q_avg": 0,
            "net_income": null,
            "revenue": null,
            "common_shares": null,
            "book_valuer_per_share": null,
            "book_valuer_per_share_4q_avg": 0,
            "equity": null,
            "current_ratio": null,
            "debt_ratio": null,
            "inventory_turnover_ratio": null,
            "account_receivable_turnover_ratio": null,
            "reinvestment_rate": null,
            "research_to_sale_ratio": null,
            "price_fair": 0,
            "eps_avg_yearly": 0,
            "eps_latest_yearly": 0,
            "eps_growth_yearly": 0
        },
        "20034": {
            "year_quarter": 20034,
            "year": 2003,
            "quarter": 4,
            "eps": null,
            "eps_growth_year": null,
            "eps_4q": null,
            "eps_4q_growth_year": null,
            "roe": null,
            "roe_4q": 0,
            "gross_profit": null,
            "gross_margin": null,
            "gross_margin_4q_avg": 0,
            "net_income": null,
            "revenue": null,
            "common_shares": null,
            "book_valuer_per_share": null,
            "book_valuer_per_share_4q_avg": 0,
            "equity": null,
            "current_ratio": null,
            "debt_ratio": null,
            "inventory_turnover_ratio": null,
            "account_receivable_turnover_ratio": null,
            "reinvestment_rate": null,
            "research_to_sale_ratio": null,
            "price_fair": 0,
            "eps_avg_yearly": 0,
            "eps_latest_yearly": 0,
            "eps_growth_yearly": 0
        },
        "20041": {
            "year_quarter": 20041,
            "year": 2004,
            "quarter": 1,
            "eps": null,
            "eps_growth_year": null,
            "eps_4q": null,
            "eps_4q_growth_year": null,
            "roe": null,
            "roe_4q": 0,
            "gross_profit": null,
            "gross_margin": null,
            "gross_margin_4q_avg": 0,
            "net_income": null,
            "revenue": null,
            "common_shares": null,
            "book_valuer_per_share": null,
            "book_valuer_per_share_4q_avg": 0,
            "equity": null,
            "current_ratio": null,
            "debt_ratio": null,
            "inventory_turnover_ratio": null,
            "account_receivable_turnover_ratio": null,
            "reinvestment_rate": null,
            "research_to_sale_ratio": null,
            "price_fair": 0,
            "eps_avg_yearly": 0,
            "eps_latest_yearly": 0,
            "eps_growth_yearly": 0
        },
        "20042": {
            "year_quarter": 20042,
            "year": 2004,
            "quarter": 2,
            "eps": null,
            "eps_growth_year": null,
            "eps_4q": null,
            "eps_4q_growth_year": null,
            "roe": null,
            "roe_4q": 0,
            "gross_profit": null,
            "gross_margin": null,
            "gross_margin_4q_avg": 0,
            "net_income": null,
            "revenue": null,
            "common_shares": null,
            "book_valuer_per_share": null,
            "book_valuer_per_share_4q_avg": 0,
            "equity": null,
            "current_ratio": null,
            "debt_ratio": null,
            "inventory_turnover_ratio": null,
            "account_receivable_turnover_ratio": null,
            "reinvestment_rate": null,
            "research_to_sale_ratio": null,
            "price_fair": 0,
            "eps_avg_yearly": 0,
            "eps_latest_yearly": 0,
            "eps_growth_yearly": 0
        },
        "20043": {
            "year_quarter": 20043,
            "year": 2004,
            "quarter": 3,
            "eps": null,
            "eps_growth_year": null,
            "eps_4q": null,
            "eps_4q_growth_year": null,
            "roe": null,
            "roe_4q": 0,
            "gross_profit": null,
            "gross_margin": null,
            "gross_margin_4q_avg": 0,
            "net_income": null,
            "revenue": null,
            "common_shares": null,
            "book_valuer_per_share": null,
            "book_valuer_per_share_4q_avg": 0,
            "equity": null,
            "current_ratio": null,
            "debt_ratio": null,
            "inventory_turnover_ratio": null,
            "account_receivable_turnover_ratio": null,
            "reinvestment_rate": null,
            "research_to_sale_ratio": null,
            "price_fair": 0,
            "eps_avg_yearly": 0,
            "eps_latest_yearly": 0,
            "eps_growth_yearly": 0
        },
        "20044": {
            "year_quarter": 20044,
            "year": 2004,
            "quarter": 4,
            "eps": null,
            "eps_growth_year": null,
            "eps_4q": null,
            "eps_4q_growth_year": null,
            "roe": null,
            "roe_4q": 0,
            "gross_profit": null,
            "gross_margin": null,
            "gross_margin_4q_avg": 0,
            "net_income": null,
            "revenue": null,
            "common_shares": null,
            "book_valuer_per_share": null,
            "book_valuer_per_share_4q_avg": 0,
            "equity": null,
            "current_ratio": null,
            "debt_ratio": null,
            "inventory_turnover_ratio": null,
            "account_receivable_turnover_ratio": null,
            "reinvestment_rate": null,
            "research_to_sale_ratio": null,
            "price_fair": 0,
            "eps_avg_yearly": 0,
            "eps_latest_yearly": 0,
            "eps_growth_yearly": 0
        },
        "20051": {
            "year_quarter": 20051,
            "year": 2005,
            "quarter": 1,
            "eps": null,
            "eps_growth_year": null,
            "eps_4q": null,
            "eps_4q_growth_year": null,
            "roe": null,
            "roe_4q": 0,
            "gross_profit": null,
            "gross_margin": null,
            "gross_margin_4q_avg": 0,
            "net_income": null,
            "revenue": null,
            "common_shares": null,
            "book_valuer_per_share": null,
            "book_valuer_per_share_4q_avg": 0,
            "equity": null,
            "current_ratio": null,
            "debt_ratio": null,
            "inventory_turnover_ratio": null,
            "account_receivable_turnover_ratio": null,
            "reinvestment_rate": null,
            "research_to_sale_ratio": null,
            "price_fair": 0,
            "eps_avg_yearly": 0,
            "eps_latest_yearly": 0,
            "eps_growth_yearly": 0
        },
        "20052": {
            "year_quarter": 20052,
            "year": 2005,
            "quarter": 2,
            "eps": null,
            "eps_growth_year": null,
            "eps_4q": null,
            "eps_4q_growth_year": null,
            "roe": null,
            "roe_4q": 0,
            "gross_profit": null,
            "gross_margin": null,
            "gross_margin_4q_avg": 0,
            "net_income": null,
            "revenue": null,
            "common_shares": null,
            "book_valuer_per_share": null,
            "book_valuer_per_share_4q_avg": 0,
            "equity": null,
            "current_ratio": null,
            "debt_ratio": null,
            "inventory_turnover_ratio": null,
            "account_receivable_turnover_ratio": null,
            "reinvestment_rate": null,
            "research_to_sale_ratio": null,
            "price_fair": 0,
            "eps_avg_yearly": 0,
            "eps_latest_yearly": 0,
            "eps_growth_yearly": 0
        },
        "20053": {
            "year_quarter": 20053,
            "year": 2005,
            "quarter": 3,
            "eps": null,
            "eps_growth_year": null,
            "eps_4q": null,
            "eps_4q_growth_year": null,
            "roe": null,
            "roe_4q": 0,
            "gross_profit": null,
            "gross_margin": null,
            "gross_margin_4q_avg": 0,
            "net_income": null,
            "revenue": null,
            "common_shares": null,
            "book_valuer_per_share": null,
            "book_valuer_per_share_4q_avg": 0,
            "equity": null,
            "current_ratio": null,
            "debt_ratio": null,
            "inventory_turnover_ratio": null,
            "account_receivable_turnover_ratio": null,
            "reinvestment_rate": null,
            "research_to_sale_ratio": null,
            "price_fair": 0,
            "eps_avg_yearly": 0,
            "eps_latest_yearly": 0,
            "eps_growth_yearly": 0
        },
        "20054": {
            "year_quarter": 20054,
            "year": 2005,
            "quarter": 4,
            "eps": null,
            "eps_growth_year": null,
            "eps_4q": null,
            "eps_4q_growth_year": null,
            "roe": null,
            "roe_4q": 0,
            "gross_profit": null,
            "gross_margin": null,
            "gross_margin_4q_avg": 0,
            "net_income": null,
            "revenue": null,
            "common_shares": null,
            "book_valuer_per_share": null,
            "book_valuer_per_share_4q_avg": 0,
            "equity": null,
            "current_ratio": null,
            "debt_ratio": null,
            "inventory_turnover_ratio": null,
            "account_receivable_turnover_ratio": null,
            "reinvestment_rate": null,
            "research_to_sale_ratio": null,
            "price_fair": 0,
            "eps_avg_yearly": 0,
            "eps_latest_yearly": 0,
            "eps_growth_yearly": 0
        },
        "20061": {
            "year_quarter": 20061,
            "year": 2006,
            "quarter": 1,
            "eps": null,
            "eps_growth_year": null,
            "eps_4q": null,
            "eps_4q_growth_year": null,
            "roe": null,
            "roe_4q": 0,
            "gross_profit": null,
            "gross_margin": null,
            "gross_margin_4q_avg": 0,
            "net_income": null,
            "revenue": null,
            "common_shares": null,
            "book_valuer_per_share": null,
            "book_valuer_per_share_4q_avg": 0,
            "equity": null,
            "current_ratio": null,
            "debt_ratio": null,
            "inventory_turnover_ratio": null,
            "account_receivable_turnover_ratio": null,
            "reinvestment_rate": null,
            "research_to_sale_ratio": null,
            "price_fair": 0,
            "eps_avg_yearly": 0,
            "eps_latest_yearly": 0,
            "eps_growth_yearly": 0
        },
        "20062": {
            "year_quarter": 20062,
            "year": 2006,
            "quarter": 2,
            "eps": null,
            "eps_growth_year": null,
            "eps_4q": null,
            "eps_4q_growth_year": null,
            "roe": null,
            "roe_4q": 0,
            "gross_profit": null,
            "gross_margin": null,
            "gross_margin_4q_avg": 0,
            "net_income": null,
            "revenue": null,
            "common_shares": null,
            "book_valuer_per_share": null,
            "book_valuer_per_share_4q_avg": 0,
            "equity": null,
            "current_ratio": null,
            "debt_ratio": null,
            "inventory_turnover_ratio": null,
            "account_receivable_turnover_ratio": null,
            "reinvestment_rate": null,
            "research_to_sale_ratio": null,
            "price_fair": 0,
            "eps_avg_yearly": 0,
            "eps_latest_yearly": 0,
            "eps_growth_yearly": 0
        },
        "20063": {
            "year_quarter": 20063,
            "year": 2006,
            "quarter": 3,
            "eps": null,
            "eps_growth_year": null,
            "eps_4q": null,
            "eps_4q_growth_year": null,
            "roe": null,
            "roe_4q": 0,
            "gross_profit": null,
            "gross_margin": null,
            "gross_margin_4q_avg": 0,
            "net_income": null,
            "revenue": null,
            "common_shares": null,
            "book_valuer_per_share": null,
            "book_valuer_per_share_4q_avg": 0,
            "equity": null,
            "current_ratio": null,
            "debt_ratio": null,
            "inventory_turnover_ratio": null,
            "account_receivable_turnover_ratio": null,
            "reinvestment_rate": null,
            "research_to_sale_ratio": null,
            "price_fair": 0,
            "eps_avg_yearly": 0,
            "eps_latest_yearly": 0,
            "eps_growth_yearly": 0
        },
        "20064": {
            "year_quarter": 20064,
            "year": 2006,
            "quarter": 4,
            "eps": null,
            "eps_growth_year": null,
            "eps_4q": null,
            "eps_4q_growth_year": null,
            "roe": null,
            "roe_4q": 0,
            "gross_profit": null,
            "gross_margin": null,
            "gross_margin_4q_avg": 0,
            "net_income": null,
            "revenue": null,
            "common_shares": null,
            "book_valuer_per_share": null,
            "book_valuer_per_share_4q_avg": 0,
            "equity": null,
            "current_ratio": null,
            "debt_ratio": null,
            "inventory_turnover_ratio": null,
            "account_receivable_turnover_ratio": null,
            "reinvestment_rate": null,
            "research_to_sale_ratio": null,
            "price_fair": 0,
            "eps_avg_yearly": 0,
            "eps_latest_yearly": 0,
            "eps_growth_yearly": 0
        },
        "20071": {
            "year_quarter": 20071,
            "year": 2007,
            "quarter": 1,
            "eps": null,
            "eps_growth_year": null,
            "eps_4q": null,
            "eps_4q_growth_year": null,
            "roe": null,
            "roe_4q": 0,
            "gross_profit": null,
            "gross_margin": null,
            "gross_margin_4q_avg": 0,
            "net_income": null,
            "revenue": null,
            "common_shares": null,
            "book_valuer_per_share": null,
            "book_valuer_per_share_4q_avg": 0,
            "equity": null,
            "current_ratio": null,
            "debt_ratio": null,
            "inventory_turnover_ratio": null,
            "account_receivable_turnover_ratio": null,
            "reinvestment_rate": null,
            "research_to_sale_ratio": null,
            "price_fair": 0,
            "eps_avg_yearly": 0,
            "eps_latest_yearly": 0,
            "eps_growth_yearly": 0
        },
        "20072": {
            "year_quarter": 20072,
            "year": 2007,
            "quarter": 2,
            "eps": null,
            "eps_growth_year": null,
            "eps_4q": null,
            "eps_4q_growth_year": null,
            "roe": null,
            "roe_4q": 0,
            "gross_profit": null,
            "gross_margin": null,
            "gross_margin_4q_avg": 0,
            "net_income": null,
            "revenue": null,
            "common_shares": null,
            "book_valuer_per_share": null,
            "book_valuer_per_share_4q_avg": 0,
            "equity": null,
            "current_ratio": null,
            "debt_ratio": null,
            "inventory_turnover_ratio": null,
            "account_receivable_turnover_ratio": null,
            "reinvestment_rate": null,
            "research_to_sale_ratio": null,
            "price_fair": 0,
            "eps_avg_yearly": 0,
            "eps_latest_yearly": 0,
            "eps_growth_yearly": 0
        },
        "20073": {
            "year_quarter": 20073,
            "year": 2007,
            "quarter": 3,
            "eps": null,
            "eps_growth_year": null,
            "eps_4q": null,
            "eps_4q_growth_year": null,
            "roe": null,
            "roe_4q": 0,
            "gross_profit": null,
            "gross_margin": null,
            "gross_margin_4q_avg": 0,
            "net_income": null,
            "revenue": null,
            "common_shares": null,
            "book_valuer_per_share": null,
            "book_valuer_per_share_4q_avg": 0,
            "equity": null,
            "current_ratio": null,
            "debt_ratio": null,
            "inventory_turnover_ratio": null,
            "account_receivable_turnover_ratio": null,
            "reinvestment_rate": null,
            "research_to_sale_ratio": null,
            "price_fair": 0,
            "eps_avg_yearly": 0,
            "eps_latest_yearly": 0,
            "eps_growth_yearly": 0
        },
        "20074": {
            "year_quarter": 20074,
            "year": 2007,
            "quarter": 4,
            "eps": null,
            "eps_growth_year": null,
            "eps_4q": null,
            "eps_4q_growth_year": null,
            "roe": null,
            "roe_4q": 0,
            "gross_profit": null,
            "gross_margin": null,
            "gross_margin_4q_avg": 0,
            "net_income": null,
            "revenue": null,
            "common_shares": null,
            "book_valuer_per_share": null,
            "book_valuer_per_share_4q_avg": 0,
            "equity": null,
            "current_ratio": null,
            "debt_ratio": null,
            "inventory_turnover_ratio": null,
            "account_receivable_turnover_ratio": null,
            "reinvestment_rate": null,
            "research_to_sale_ratio": null,
            "price_fair": 0,
            "eps_avg_yearly": 0,
            "eps_latest_yearly": 0,
            "eps_growth_yearly": 0
        },
        "20081": {
            "year_quarter": 20081,
            "year": 2008,
            "quarter": 1,
            "eps": null,
            "eps_growth_year": null,
            "eps_4q": null,
            "eps_4q_growth_year": null,
            "roe": null,
            "roe_4q": 0,
            "gross_profit": null,
            "gross_margin": null,
            "gross_margin_4q_avg": 0,
            "net_income": null,
            "revenue": null,
            "common_shares": null,
            "book_valuer_per_share": null,
            "book_valuer_per_share_4q_avg": 0,
            "equity": null,
            "current_ratio": null,
            "debt_ratio": null,
            "inventory_turnover_ratio": null,
            "account_receivable_turnover_ratio": null,
            "reinvestment_rate": null,
            "research_to_sale_ratio": null,
            "price_fair": 0,
            "eps_avg_yearly": 0,
            "eps_latest_yearly": 0,
            "eps_growth_yearly": 0
        },
        "20082": {
            "year_quarter": 20082,
            "year": 2008,
            "quarter": 2,
            "eps": null,
            "eps_growth_year": null,
            "eps_4q": null,
            "eps_4q_growth_year": null,
            "roe": null,
            "roe_4q": 0,
            "gross_profit": null,
            "gross_margin": null,
            "gross_margin_4q_avg": 0,
            "net_income": null,
            "revenue": null,
            "common_shares": null,
            "book_valuer_per_share": null,
            "book_valuer_per_share_4q_avg": 0,
            "equity": null,
            "current_ratio": null,
            "debt_ratio": null,
            "inventory_turnover_ratio": null,
            "account_receivable_turnover_ratio": null,
            "reinvestment_rate": null,
            "research_to_sale_ratio": null,
            "price_fair": 0,
            "eps_avg_yearly": 0,
            "eps_latest_yearly": 0,
            "eps_growth_yearly": 0
        },
        "20083": {
            "year_quarter": 20083,
            "year": 2008,
            "quarter": 3,
            "eps": null,
            "eps_growth_year": null,
            "eps_4q": null,
            "eps_4q_growth_year": null,
            "roe": null,
            "roe_4q": 0,
            "gross_profit": null,
            "gross_margin": null,
            "gross_margin_4q_avg": 0,
            "net_income": null,
            "revenue": null,
            "common_shares": null,
            "book_valuer_per_share": null,
            "book_valuer_per_share_4q_avg": 0,
            "equity": null,
            "current_ratio": null,
            "debt_ratio": null,
            "inventory_turnover_ratio": null,
            "account_receivable_turnover_ratio": null,
            "reinvestment_rate": null,
            "research_to_sale_ratio": null,
            "price_fair": 0,
            "eps_avg_yearly": 0,
            "eps_latest_yearly": 0,
            "eps_growth_yearly": 0
        },
        "20084": {
            "year_quarter": 20084,
            "year": 2008,
            "quarter": 4,
            "eps": null,
            "eps_growth_year": null,
            "eps_4q": null,
            "eps_4q_growth_year": null,
            "roe": null,
            "roe_4q": 0,
            "gross_profit": null,
            "gross_margin": null,
            "gross_margin_4q_avg": 0,
            "net_income": null,
            "revenue": null,
            "common_shares": 16267870,
            "book_valuer_per_share": null,
            "book_valuer_per_share_4q_avg": 0,
            "equity": 17353560,
            "current_ratio": null,
            "debt_ratio": null,
            "inventory_turnover_ratio": null,
            "account_receivable_turnover_ratio": null,
            "reinvestment_rate": null,
            "research_to_sale_ratio": null,
            "price_fair": 0,
            "eps_avg_yearly": 0,
            "eps_latest_yearly": 0,
            "eps_growth_yearly": 0
        },
        "20091": {
            "year_quarter": 20091,
            "year": 2009,
            "quarter": 1,
            "eps": null,
            "eps_growth_year": null,
            "eps_4q": null,
            "eps_4q_growth_year": null,
            "roe": null,
            "roe_4q": 0,
            "gross_profit": null,
            "gross_margin": null,
            "gross_margin_4q_avg": 0,
            "net_income": 511011,
            "revenue": 1690282,
            "common_shares": 16107860,
            "book_valuer_per_share": null,
            "book_valuer_per_share_4q_avg": 0,
            "equity": 17912175,
            "current_ratio": null,
            "debt_ratio": null,
            "inventory_turnover_ratio": null,
            "account_receivable_turnover_ratio": null,
            "reinvestment_rate": null,
            "research_to_sale_ratio": null,
            "price_fair": 0,
            "eps_avg_yearly": 0,
            "eps_latest_yearly": 0,
            "eps_growth_yearly": 0
        },
        "20092": {
            "year_quarter": 20092,
            "year": 2009,
            "quarter": 2,
            "eps": null,
            "eps_growth_year": null,
            "eps_4q": null,
            "eps_4q_growth_year": null,
            "roe": null,
            "roe_4q": 0,
            "gross_profit": null,
            "gross_margin": null,
            "gross_margin_4q_avg": 0,
            "net_income": 611984,
            "revenue": 2353719,
            "common_shares": 16107860,
            "book_valuer_per_share": null,
            "book_valuer_per_share_4q_avg": 0,
            "equity": 18660043,
            "current_ratio": null,
            "debt_ratio": null,
            "inventory_turnover_ratio": null,
            "account_receivable_turnover_ratio": null,
            "reinvestment_rate": null,
            "research_to_sale_ratio": null,
            "price_fair": 0,
            "eps_avg_yearly": 0,
            "eps_latest_yearly": 0,
            "eps_growth_yearly": 0
        },
        "20093": {
            "year_quarter": 20093,
            "year": 2009,
            "quarter": 3,
            "eps": null,
            "eps_growth_year": null,
            "eps_4q": null,
            "eps_4q_growth_year": null,
            "roe": null,
            "roe_4q": 0,
            "gross_profit": null,
            "gross_margin": null,
            "gross_margin_4q_avg": 0,
            "net_income": 812983,
            "revenue": 2337239,
            "common_shares": 16107860,
            "book_valuer_per_share": null,
            "book_valuer_per_share_4q_avg": 0,
            "equity": 19415461,
            "current_ratio": null,
            "debt_ratio": null,
            "inventory_turnover_ratio": null,
            "account_receivable_turnover_ratio": null,
            "reinvestment_rate": null,
            "research_to_sale_ratio": null,
            "price_fair": 0,
            "eps_avg_yearly": 0,
            "eps_latest_yearly": 0,
            "eps_growth_yearly": 0
        },
        "20094": {
            "year_quarter": 20094,
            "year": 2009,
            "quarter": 4,
            "eps": null,
            "eps_growth_year": null,
            "eps_4q": null,
            "eps_4q_growth_year": null,
            "roe": null,
            "roe_4q": 0,
            "gross_profit": null,
            "gross_margin": null,
            "gross_margin_4q_avg": 0,
            "net_income": 678863,
            "revenue": 2311934,
            "common_shares": 16107860,
            "book_valuer_per_share": 12.12,
            "book_valuer_per_share_4q_avg": 3.03,
            "equity": 20084085,
            "current_ratio": 139.04,
            "debt_ratio": 64.72,
            "inventory_turnover_ratio": null,
            "account_receivable_turnover_ratio": null,
            "reinvestment_rate": null,
            "research_to_sale_ratio": null,
            "price_fair": 0,
            "eps_avg_yearly": 0,
            "eps_latest_yearly": 0,
            "eps_growth_yearly": 0
        },
        "20101": {
            "year_quarter": 20101,
            "year": 2010,
            "quarter": 1,
            "eps": 0.25,
            "eps_growth_year": null,
            "eps_4q": 0.23,
            "eps_4q_growth_year": null,
            "roe": 2.01,
            "roe_4q": 2.01,
            "gross_profit": null,
            "gross_margin": null,
            "gross_margin_4q_avg": 0,
            "net_income": 440633,
            "revenue": 1899163,
            "common_shares": 18796582,
            "book_valuer_per_share": 12.31,
            "book_valuer_per_share_4q_avg": 6.11,
            "equity": 23708927,
            "current_ratio": 167.81,
            "debt_ratio": 55.29,
            "inventory_turnover_ratio": null,
            "account_receivable_turnover_ratio": 2.12,
            "reinvestment_rate": null,
            "research_to_sale_ratio": null,
            "price_fair": 0,
            "eps_avg_yearly": 0,
            "eps_latest_yearly": 0,
            "eps_growth_yearly": 0
        },
        "20102": {
            "year_quarter": 20102,
            "year": 2010,
            "quarter": 2,
            "eps": 0.04,
            "eps_growth_year": null,
            "eps_4q": 0.25,
            "eps_4q_growth_year": null,
            "roe": 0.44,
            "roe_4q": 2.4499999999999997,
            "gross_profit": null,
            "gross_margin": null,
            "gross_margin_4q_avg": 0,
            "net_income": 105280,
            "revenue": 1925072,
            "common_shares": 18796582,
            "book_valuer_per_share": 12.27,
            "book_valuer_per_share_4q_avg": 9.18,
            "equity": 23637000,
            "current_ratio": 178.37,
            "debt_ratio": 52.67,
            "inventory_turnover_ratio": null,
            "account_receivable_turnover_ratio": 2.07,
            "reinvestment_rate": null,
            "research_to_sale_ratio": null,
            "price_fair": 0.48,
            "eps_avg_yearly": 0.16,
            "eps_latest_yearly": 0.16,
            "eps_growth_yearly": -336
        },
        "20103": {
            "year_quarter": 20103,
            "year": 2010,
            "quarter": 3,
            "eps": 0.26,
            "eps_growth_year": null,
            "eps_4q": 0.52,
            "eps_4q_growth_year": null,
            "roe": 2.33,
            "roe_4q": 4.779999999999999,
            "gross_profit": null,
            "gross_margin": null,
            "gross_margin_4q_avg": 0,
            "net_income": 556503,
            "revenue": 1759019,
            "common_shares": 20375495,
            "book_valuer_per_share": 11.56,
            "book_valuer_per_share_4q_avg": 12.07,
            "equity": 24155537,
            "current_ratio": 159.49,
            "debt_ratio": 56.05,
            "inventory_turnover_ratio": null,
            "account_receivable_turnover_ratio": 1.66,
            "reinvestment_rate": null,
            "research_to_sale_ratio": null,
            "price_fair": 21,
            "eps_avg_yearly": 0.6,
            "eps_latest_yearly": 1.04,
            "eps_growth_yearly": 932
        },
        "20104": {
            "year_quarter": 20104,
            "year": 2010,
            "quarter": 4,
            "eps": 0.26,
            "eps_growth_year": null,
            "eps_4q": 0.71,
            "eps_4q_growth_year": null,
            "roe": 2.27,
            "roe_4q": 7.05,
            "gross_profit": null,
            "gross_margin": null,
            "gross_margin_4q_avg": 0,
            "net_income": 610002,
            "revenue": 2647403,
            "common_shares": 23057225,
            "book_valuer_per_share": 12.15,
            "book_valuer_per_share_4q_avg": 12.07,
            "equity": 29661789,
            "current_ratio": 146.25,
            "debt_ratio": 63.51,
            "inventory_turnover_ratio": null,
            "account_receivable_turnover_ratio": 2.81,
            "reinvestment_rate": null,
            "research_to_sale_ratio": null,
            "price_fair": 26.13,
            "eps_avg_yearly": 0.75,
            "eps_latest_yearly": 1.04,
            "eps_growth_yearly": 621.33
        },
        "20111": {
            "year_quarter": 20111,
            "year": 2011,
            "quarter": 1,
            "eps": 0.17,
            "eps_growth_year": -32,
            "eps_4q": 0.7,
            "eps_4q_growth_year": 209.79,
            "roe": 1.36,
            "roe_4q": 6.4,
            "gross_profit": null,
            "gross_margin": null,
            "gross_margin_4q_avg": 0,
            "net_income": 410721,
            "revenue": 2528830,
            "common_shares": 23057225,
            "book_valuer_per_share": 12.5,
            "book_valuer_per_share_4q_avg": 12.12,
            "equity": 30529895,
            "current_ratio": 150.65,
            "debt_ratio": 61.33,
            "inventory_turnover_ratio": null,
            "account_receivable_turnover_ratio": 2.67,
            "reinvestment_rate": null,
            "research_to_sale_ratio": null,
            "price_fair": 25.55,
            "eps_avg_yearly": 0.73,
            "eps_latest_yearly": 0.68,
            "eps_growth_yearly": 431.38
        },
        "20112": {
            "year_quarter": 20112,
            "year": 2011,
            "quarter": 2,
            "eps": 0.1,
            "eps_growth_year": 130.39,
            "eps_4q": 0.75,
            "eps_4q_growth_year": 194.9,
            "roe": 0.85,
            "roe_4q": 6.8100000000000005,
            "gross_profit": null,
            "gross_margin": null,
            "gross_margin_4q_avg": 0,
            "net_income": 255206,
            "revenue": 2250231,
            "common_shares": 23340621,
            "book_valuer_per_share": 12.25,
            "book_valuer_per_share_4q_avg": 12.12,
            "equity": 29289804,
            "current_ratio": 150.98,
            "debt_ratio": 60.69,
            "inventory_turnover_ratio": null,
            "account_receivable_turnover_ratio": 1.87,
            "reinvestment_rate": null,
            "research_to_sale_ratio": null,
            "price_fair": 23.24,
            "eps_avg_yearly": 0.66,
            "eps_latest_yearly": 0.4,
            "eps_growth_yearly": 312.17
        },
        "20113": {
            "year_quarter": 20113,
            "year": 2011,
            "quarter": 3,
            "eps": -0.03,
            "eps_growth_year": -109.78,
            "eps_4q": 0.49,
            "eps_4q_growth_year": -4.8,
            "roe": -0.13,
            "roe_4q": 4.35,
            "gross_profit": null,
            "gross_margin": null,
            "gross_margin_4q_avg": 0,
            "net_income": -37687,
            "revenue": 2481017,
            "common_shares": 23690730,
            "book_valuer_per_share": 12.08,
            "book_valuer_per_share_4q_avg": 12.25,
            "equity": 29329999,
            "current_ratio": 147.07,
            "debt_ratio": 58.41,
            "inventory_turnover_ratio": null,
            "account_receivable_turnover_ratio": 2.3,
            "reinvestment_rate": null,
            "research_to_sale_ratio": null,
            "price_fair": 23.24,
            "eps_avg_yearly": 0.66,
            "eps_latest_yearly": 0.4,
            "eps_growth_yearly": 312.17
        },
        "20114": {
            "year_quarter": 20114,
            "year": 2011,
            "quarter": 4,
            "eps": 0.1,
            "eps_growth_year": -60.45,
            "eps_4q": 0.34,
            "eps_4q_growth_year": -51.83,
            "roe": 0.89,
            "roe_4q": 2.9699999999999998,
            "gross_profit": null,
            "gross_margin": null,
            "gross_margin_4q_avg": 0,
            "net_income": 262747,
            "revenue": 2356157,
            "common_shares": 23690730,
            "book_valuer_per_share": 12.16,
            "book_valuer_per_share_4q_avg": 12.25,
            "equity": 29549733,
            "current_ratio": 146.79,
            "debt_ratio": 56.43,
            "inventory_turnover_ratio": null,
            "account_receivable_turnover_ratio": 2.17,
            "reinvestment_rate": null,
            "research_to_sale_ratio": null,
            "price_fair": 23.24,
            "eps_avg_yearly": 0.66,
            "eps_latest_yearly": 0.4,
            "eps_growth_yearly": 312.17
        },
        "20121": {
            "year_quarter": 20121,
            "year": 2012,
            "quarter": 1,
            "eps": 0.19,
            "eps_growth_year": 11.76,
            "eps_4q": 0.37,
            "eps_4q_growth_year": -47.86,
            "roe": 1.56,
            "roe_4q": 3.1700000000000004,
            "gross_profit": null,
            "gross_margin": null,
            "gross_margin_4q_avg": 0,
            "net_income": 465606,
            "revenue": 2118943,
            "common_shares": 23690730,
            "book_valuer_per_share": 12.34,
            "book_valuer_per_share_4q_avg": 12.21,
            "equity": 29984716,
            "current_ratio": 150.54,
            "debt_ratio": 53.48,
            "inventory_turnover_ratio": null,
            "account_receivable_turnover_ratio": 2.01,
            "reinvestment_rate": null,
            "research_to_sale_ratio": null,
            "price_fair": 23.8,
            "eps_avg_yearly": 0.68,
            "eps_latest_yearly": 0.76,
            "eps_growth_yearly": 320.14
        },
        "20122": {
            "year_quarter": 20122,
            "year": 2012,
            "quarter": 2,
            "eps": 0.02,
            "eps_growth_year": -77.59,
            "eps_4q": 0.29,
            "eps_4q_growth_year": -61.62,
            "roe": 0.26,
            "roe_4q": 2.58,
            "gross_profit": null,
            "gross_margin": null,
            "gross_margin_4q_avg": 0,
            "net_income": 75740,
            "revenue": 1592335,
            "common_shares": 23690730,
            "book_valuer_per_share": 12.09,
            "book_valuer_per_share_4q_avg": 12.17,
            "equity": 29324210,
            "current_ratio": 146.16,
            "debt_ratio": 55.26,
            "inventory_turnover_ratio": null,
            "account_receivable_turnover_ratio": 2.02,
            "reinvestment_rate": null,
            "research_to_sale_ratio": null,
            "price_fair": 20.8,
            "eps_avg_yearly": 0.59,
            "eps_latest_yearly": 0.08,
            "eps_growth_yearly": 223.28
        },
        "20123": {
            "year_quarter": 20123,
            "year": 2012,
            "quarter": 3,
            "eps": 0.15,
            "eps_growth_year": null,
            "eps_4q": 0.46,
            "eps_4q_growth_year": -5.72,
            "roe": 1.29,
            "roe_4q": 4,
            "gross_profit": null,
            "gross_margin": null,
            "gross_margin_4q_avg": 0,
            "net_income": 380430,
            "revenue": 1759721,
            "common_shares": 23690730,
            "book_valuer_per_share": 12.23,
            "book_valuer_per_share_4q_avg": 12.21,
            "equity": 29697038,
            "current_ratio": 149.89,
            "debt_ratio": 53.24,
            "inventory_turnover_ratio": null,
            "account_receivable_turnover_ratio": 1.9,
            "reinvestment_rate": null,
            "research_to_sale_ratio": null,
            "price_fair": 20.83,
            "eps_avg_yearly": 0.6,
            "eps_latest_yearly": 0.6,
            "eps_growth_yearly": 520.37
        },
        "20124": {
            "year_quarter": 20124,
            "year": 2012,
            "quarter": 4,
            "eps": 0.08,
            "eps_growth_year": -18.71,
            "eps_4q": 0.45,
            "eps_4q_growth_year": 29.45,
            "roe": 0.75,
            "roe_4q": 3.86,
            "gross_profit": null,
            "gross_margin": null,
            "gross_margin_4q_avg": 0,
            "net_income": 224011,
            "revenue": 1568689,
            "common_shares": 23690730,
            "book_valuer_per_share": 12.29,
            "book_valuer_per_share_4q_avg": 12.24,
            "equity": 29866687,
            "current_ratio": 152.06,
            "debt_ratio": 54.16,
            "inventory_turnover_ratio": null,
            "account_receivable_turnover_ratio": 1.84,
            "reinvestment_rate": 33.05,
            "research_to_sale_ratio": null,
            "price_fair": 19.76,
            "eps_avg_yearly": 0.56,
            "eps_latest_yearly": 0.32,
            "eps_growth_yearly": 441.81
        },
        "20131": {
            "year_quarter": 20131,
            "year": 2013,
            "quarter": 1,
            "eps": 0.12,
            "eps_growth_year": -36.84,
            "eps_4q": 0.38,
            "eps_4q_growth_year": 3.92,
            "roe": 1.02,
            "roe_4q": 3.3200000000000003,
            "gross_profit": null,
            "gross_margin": null,
            "gross_margin_4q_avg": 0,
            "net_income": 305745,
            "revenue": 1365784,
            "common_shares": 23690730,
            "book_valuer_per_share": 12.32,
            "book_valuer_per_share_4q_avg": 12.23,
            "equity": 29958814,
            "current_ratio": 149.36,
            "debt_ratio": 56.42,
            "inventory_turnover_ratio": null,
            "account_receivable_turnover_ratio": 0.34,
            "reinvestment_rate": 53.79,
            "research_to_sale_ratio": null,
            "price_fair": 19.46,
            "eps_avg_yearly": 0.56,
            "eps_latest_yearly": 0.48,
            "eps_growth_yearly": 417.63
        },
        "20132": {
            "year_quarter": 20132,
            "year": 2013,
            "quarter": 2,
            "eps": 0.11,
            "eps_growth_year": 381.67,
            "eps_4q": 0.47,
            "eps_4q_growth_year": 64.05,
            "roe": 0.99,
            "roe_4q": 4.05,
            "gross_profit": null,
            "gross_margin": null,
            "gross_margin_4q_avg": 0,
            "net_income": 296257,
            "revenue": 1478448,
            "common_shares": 23690730,
            "book_valuer_per_share": 12.3,
            "book_valuer_per_share_4q_avg": 12.29,
            "equity": 29896670,
            "current_ratio": 146.63,
            "debt_ratio": 57.01,
            "inventory_turnover_ratio": null,
            "account_receivable_turnover_ratio": 0.22,
            "reinvestment_rate": 50.88,
            "research_to_sale_ratio": null,
            "price_fair": 19.09,
            "eps_avg_yearly": 0.55,
            "eps_latest_yearly": 0.44,
            "eps_growth_yearly": 376.63
        },
        "20133": {
            "year_quarter": 20133,
            "year": 2013,
            "quarter": 3,
            "eps": 0.19,
            "eps_growth_year": 24.86,
            "eps_4q": 0.5,
            "eps_4q_growth_year": 7.81,
            "roe": 1.53,
            "roe_4q": 4.29,
            "gross_profit": null,
            "gross_margin": null,
            "gross_margin_4q_avg": 0,
            "net_income": 461481,
            "revenue": 1508390,
            "common_shares": 23690730,
            "book_valuer_per_share": 12.47,
            "book_valuer_per_share_4q_avg": 12.35,
            "equity": 30333734,
            "current_ratio": 137.95,
            "debt_ratio": 62.2,
            "inventory_turnover_ratio": null,
            "account_receivable_turnover_ratio": 0.21,
            "reinvestment_rate": 55.37,
            "research_to_sale_ratio": null,
            "price_fair": 19.72,
            "eps_avg_yearly": 0.56,
            "eps_latest_yearly": 0.76,
            "eps_growth_yearly": 369.49
        },
        "20134": {
            "year_quarter": 20134,
            "year": 2013,
            "quarter": 4,
            "eps": 0.2,
            "eps_growth_year": 146.49,
            "eps_4q": 0.62,
            "eps_4q_growth_year": 39.6,
            "roe": 1.67,
            "roe_4q": 5.210000000000001,
            "gross_profit": null,
            "gross_margin": null,
            "gross_margin_4q_avg": 0,
            "net_income": 509926,
            "revenue": 1621472,
            "common_shares": 23690730,
            "book_valuer_per_share": 12.68,
            "book_valuer_per_share_4q_avg": 12.44,
            "equity": 30867193,
            "current_ratio": 142.08,
            "debt_ratio": 60.39,
            "inventory_turnover_ratio": null,
            "account_receivable_turnover_ratio": 0.2,
            "reinvestment_rate": 57.1,
            "research_to_sale_ratio": null,
            "price_fair": 20.35,
            "eps_avg_yearly": 0.58,
            "eps_latest_yearly": 0.8,
            "eps_growth_yearly": 342.68
        },
        "20141": {
            "year_quarter": 20141,
            "year": 2014,
            "quarter": 1,
            "eps": 0.2,
            "eps_growth_year": 66.67,
            "eps_4q": 0.7,
            "eps_4q_growth_year": 84.94,
            "roe": 1.59,
            "roe_4q": 5.78,
            "gross_profit": null,
            "gross_margin": null,
            "gross_margin_4q_avg": 0,
            "net_income": 494907,
            "revenue": 1657404,
            "common_shares": 23690730,
            "book_valuer_per_share": 12.9,
            "book_valuer_per_share_4q_avg": 12.59,
            "equity": 31393679,
            "current_ratio": 140.58,
            "debt_ratio": 61.52,
            "inventory_turnover_ratio": null,
            "account_receivable_turnover_ratio": 0.21,
            "reinvestment_rate": 45.52,
            "research_to_sale_ratio": null,
            "price_fair": 20.9,
            "eps_avg_yearly": 0.6,
            "eps_latest_yearly": 0.8,
            "eps_growth_yearly": 318.21
        },
        "20142": {
            "year_quarter": 20142,
            "year": 2014,
            "quarter": 2,
            "eps": 0.26,
            "eps_growth_year": 136.36,
            "eps_4q": 0.85,
            "eps_4q_growth_year": 80.34,
            "roe": 1.98,
            "roe_4q": 6.7700000000000005,
            "gross_profit": null,
            "gross_margin": null,
            "gross_margin_4q_avg": 0,
            "net_income": 619876,
            "revenue": 1841577,
            "common_shares": 23690730,
            "book_valuer_per_share": 12.69,
            "book_valuer_per_share_4q_avg": 12.69,
            "equity": 31092266,
            "current_ratio": 137.6,
            "debt_ratio": 62.37,
            "inventory_turnover_ratio": null,
            "account_receivable_turnover_ratio": 0.23,
            "reinvestment_rate": 40.56,
            "research_to_sale_ratio": null,
            "price_fair": 23.1,
            "eps_avg_yearly": 0.66,
            "eps_latest_yearly": 1.04,
            "eps_growth_yearly": 350.78
        },
        "20143": {
            "year_quarter": 20143,
            "year": 2014,
            "quarter": 3,
            "eps": 0.19,
            "eps_growth_year": 0,
            "eps_4q": 0.86,
            "eps_4q_growth_year": 71.47,
            "roe": 1.63,
            "roe_4q": 6.87,
            "gross_profit": null,
            "gross_margin": null,
            "gross_margin_4q_avg": 0,
            "net_income": 512155,
            "revenue": 1751438,
            "common_shares": 23690730,
            "book_valuer_per_share": 12.9,
            "book_valuer_per_share_4q_avg": 12.79,
            "equity": 31644742,
            "current_ratio": 136.52,
            "debt_ratio": 63.31,
            "inventory_turnover_ratio": null,
            "account_receivable_turnover_ratio": 0.24,
            "reinvestment_rate": 33.16,
            "research_to_sale_ratio": null,
            "price_fair": 22.4,
            "eps_avg_yearly": 0.64,
            "eps_latest_yearly": 0.76,
            "eps_growth_yearly": 185.94
        },
        "20144": {
            "year_quarter": 20144,
            "year": 2014,
            "quarter": 4,
            "eps": 0.2,
            "eps_growth_year": -1.42,
            "eps_4q": 0.85,
            "eps_4q_growth_year": 37.61,
            "roe": 1.62,
            "roe_4q": 6.82,
            "gross_profit": null,
            "gross_margin": null,
            "gross_margin_4q_avg": 0,
            "net_income": 516725,
            "revenue": 1618457,
            "common_shares": 23690730,
            "book_valuer_per_share": 13.13,
            "book_valuer_per_share_4q_avg": 12.91,
            "equity": 32202120,
            "current_ratio": 139.07,
            "debt_ratio": 61.52,
            "inventory_turnover_ratio": null,
            "account_receivable_turnover_ratio": 0.25,
            "reinvestment_rate": -11.28,
            "research_to_sale_ratio": null,
            "price_fair": 21.8,
            "eps_avg_yearly": 0.62,
            "eps_latest_yearly": 0.8,
            "eps_growth_yearly": 187.45
        },
        "20151": {
            "year_quarter": 20151,
            "year": 2015,
            "quarter": 1,
            "eps": 0.24,
            "eps_growth_year": 20,
            "eps_4q": 0.89,
            "eps_4q_growth_year": 27.18,
            "roe": 1.82,
            "roe_4q": 7.050000000000001,
            "gross_profit": null,
            "gross_margin": null,
            "gross_margin_4q_avg": 0,
            "net_income": 590506,
            "revenue": 1644903,
            "common_shares": 23690730,
            "book_valuer_per_share": 13.36,
            "book_valuer_per_share_4q_avg": 13.02,
            "equity": 32778731,
            "current_ratio": 136.49,
            "debt_ratio": 65.49,
            "inventory_turnover_ratio": null,
            "account_receivable_turnover_ratio": 0.24,
            "reinvestment_rate": -11.62,
            "research_to_sale_ratio": null,
            "price_fair": 22.5,
            "eps_avg_yearly": 0.64,
            "eps_latest_yearly": 0.96,
            "eps_growth_yearly": 203.05
        },
        "20152": {
            "year_quarter": 20152,
            "year": 2015,
            "quarter": 2,
            "eps": 0.15,
            "eps_growth_year": -42.31,
            "eps_4q": 0.79,
            "eps_4q_growth_year": -7.09,
            "roe": 1.24,
            "roe_4q": 6.31,
            "gross_profit": null,
            "gross_margin": null,
            "gross_margin_4q_avg": 0,
            "net_income": 399903,
            "revenue": 1701073,
            "common_shares": 23690730,
            "book_valuer_per_share": 12.9,
            "book_valuer_per_share_4q_avg": 13.07,
            "equity": 31677175,
            "current_ratio": 131.77,
            "debt_ratio": 66.42,
            "inventory_turnover_ratio": null,
            "account_receivable_turnover_ratio": 0.22,
            "reinvestment_rate": -12.7,
            "research_to_sale_ratio": null,
            "price_fair": 23,
            "eps_avg_yearly": 0.66,
            "eps_latest_yearly": 0.6,
            "eps_growth_yearly": 204.1
        },
        "20153": {
            "year_quarter": 20153,
            "year": 2015,
            "quarter": 3,
            "eps": -0.01,
            "eps_growth_year": -105.26,
            "eps_4q": 0.58,
            "eps_4q_growth_year": -31.84,
            "roe": 0.18,
            "roe_4q": 4.86,
            "gross_profit": null,
            "gross_margin": null,
            "gross_margin_4q_avg": 0,
            "net_income": 55717,
            "revenue": 1314823,
            "common_shares": 23690730,
            "book_valuer_per_share": 12.95,
            "book_valuer_per_share_4q_avg": 13.09,
            "equity": 31827037,
            "current_ratio": 131.83,
            "debt_ratio": 66.28,
            "inventory_turnover_ratio": null,
            "account_receivable_turnover_ratio": 0.19,
            "reinvestment_rate": -13.39,
            "research_to_sale_ratio": null,
            "price_fair": 23,
            "eps_avg_yearly": 0.66,
            "eps_latest_yearly": 0.6,
            "eps_growth_yearly": 204.1
        },
        "20154": {
            "year_quarter": 20154,
            "year": 2015,
            "quarter": 4,
            "eps": 0.28,
            "eps_growth_year": 40.89,
            "eps_4q": 0.68,
            "eps_4q_growth_year": -20.22,
            "roe": 2.15,
            "roe_4q": 5.390000000000001,
            "gross_profit": null,
            "gross_margin": null,
            "gross_margin_4q_avg": 0,
            "net_income": 682232,
            "revenue": 1903358,
            "common_shares": 23190730,
            "book_valuer_per_share": 13.33,
            "book_valuer_per_share_4q_avg": 13.14,
            "equity": 31527667,
            "current_ratio": 132.69,
            "debt_ratio": 66.21,
            "inventory_turnover_ratio": null,
            "account_receivable_turnover_ratio": 0.34,
            "reinvestment_rate": -10.14,
            "research_to_sale_ratio": null,
            "price_fair": 23,
            "eps_avg_yearly": 0.66,
            "eps_latest_yearly": 0.6,
            "eps_growth_yearly": 204.1
        },
        "20161": {
            "year_quarter": 20161,
            "year": 2016,
            "quarter": 1,
            "eps": 0.07,
            "eps_growth_year": -70.83,
            "eps_4q": 0.5,
            "eps_4q_growth_year": -43.51,
            "roe": 0.7,
            "roe_4q": 4.27,
            "gross_profit": null,
            "gross_margin": null,
            "gross_margin_4q_avg": 0,
            "net_income": 220921,
            "revenue": 1398854,
            "common_shares": 22690730,
            "book_valuer_per_share": 13.46,
            "book_valuer_per_share_4q_avg": 13.16,
            "equity": 31835557,
            "current_ratio": 131.25,
            "debt_ratio": 67.4,
            "inventory_turnover_ratio": null,
            "account_receivable_turnover_ratio": 0.23,
            "reinvestment_rate": -5.63,
            "research_to_sale_ratio": null,
            "price_fair": 21.8,
            "eps_avg_yearly": 0.62,
            "eps_latest_yearly": 0.28,
            "eps_growth_yearly": 156.96
        },
        "20162": {
            "year_quarter": 20162,
            "year": 2016,
            "quarter": 2,
            "eps": 0.18,
            "eps_growth_year": 20,
            "eps_4q": 0.52,
            "eps_4q_growth_year": -33.45,
            "roe": 1.44,
            "roe_4q": 4.469999999999999,
            "gross_profit": null,
            "gross_margin": null,
            "gross_margin_4q_avg": 0,
            "net_income": 452409,
            "revenue": 1692077,
            "common_shares": 22690730,
            "book_valuer_per_share": 13.19,
            "book_valuer_per_share_4q_avg": 13.23,
            "equity": 31143776,
            "current_ratio": 128.54,
            "debt_ratio": 69.18,
            "inventory_turnover_ratio": null,
            "account_receivable_turnover_ratio": 0.27,
            "reinvestment_rate": -5.9,
            "research_to_sale_ratio": null,
            "price_fair": 23.4,
            "eps_avg_yearly": 0.67,
            "eps_latest_yearly": 0.72,
            "eps_growth_yearly": 227.42
        },
        "20163": {
            "year_quarter": 20163,
            "year": 2016,
            "quarter": 3,
            "eps": 0.2,
            "eps_growth_year": null,
            "eps_4q": 0.74,
            "eps_4q_growth_year": 25.81,
            "roe": 1.64,
            "roe_4q": 5.93,
            "gross_profit": null,
            "gross_margin": null,
            "gross_margin_4q_avg": 0,
            "net_income": 514717,
            "revenue": 1797495,
            "common_shares": 22690730,
            "book_valuer_per_share": 13.4,
            "book_valuer_per_share_4q_avg": 13.35,
            "equity": 31673664,
            "current_ratio": 127.35,
            "debt_ratio": 70.23,
            "inventory_turnover_ratio": null,
            "account_receivable_turnover_ratio": 0.33,
            "reinvestment_rate": -7.79,
            "research_to_sale_ratio": null,
            "price_fair": 23.9,
            "eps_avg_yearly": 0.68,
            "eps_latest_yearly": 0.8,
            "eps_growth_yearly": 44.88
        },
        "20164": {
            "year_quarter": 20164,
            "year": 2016,
            "quarter": 4,
            "eps": 0.08,
            "eps_growth_year": -72.39,
            "eps_4q": 0.55,
            "eps_4q_growth_year": -19.47,
            "roe": 0.7,
            "roe_4q": 4.4799999999999995,
            "gross_profit": null,
            "gross_margin": null,
            "gross_margin_4q_avg": 0,
            "net_income": 218450,
            "revenue": 1458585,
            "common_shares": 22690730,
            "book_valuer_per_share": 13.55,
            "book_valuer_per_share_4q_avg": 13.4,
            "equity": 30844278,
            "current_ratio": 125.34,
            "debt_ratio": 71.45,
            "inventory_turnover_ratio": null,
            "account_receivable_turnover_ratio": 0.31,
            "reinvestment_rate": -7.16,
            "research_to_sale_ratio": null,
            "price_fair": 23.9,
            "eps_avg_yearly": 0.68,
            "eps_latest_yearly": 0.32,
            "eps_growth_yearly": 41.07
        },
        "20171": {
            "year_quarter": 20171,
            "year": 2017,
            "quarter": 1,
            "eps": 0.24,
            "eps_growth_year": 242.86,
            "eps_4q": 0.71,
            "eps_4q_growth_year": 41.61,
            "roe": 1.77,
            "roe_4q": 5.549999999999999,
            "gross_profit": null,
            "gross_margin": null,
            "gross_margin_4q_avg": 0,
            "net_income": 554664,
            "revenue": 1838358,
            "common_shares": 21690730,
            "book_valuer_per_share": 13.82,
            "book_valuer_per_share_4q_avg": 13.49,
            "equity": 31938632,
            "current_ratio": 121.99,
            "debt_ratio": 74.42,
            "inventory_turnover_ratio": null,
            "account_receivable_turnover_ratio": 0.39,
            "reinvestment_rate": -17.87,
            "research_to_sale_ratio": null,
            "price_fair": 25.1,
            "eps_avg_yearly": 0.72,
            "eps_latest_yearly": 0.96,
            "eps_growth_yearly": 83.93
        },
        "20172": {
            "year_quarter": 20172,
            "year": 2017,
            "quarter": 2,
            "eps": 0.25,
            "eps_growth_year": 38.89,
            "eps_4q": 0.78,
            "eps_4q_growth_year": 49.73,
            "roe": 2.03,
            "roe_4q": 6.14,
            "gross_profit": null,
            "gross_margin": null,
            "gross_margin_4q_avg": 0,
            "net_income": 645748,
            "revenue": 2125421,
            "common_shares": 21690730,
            "book_valuer_per_share": 13.72,
            "book_valuer_per_share_4q_avg": 13.62,
            "equity": 31637632,
            "current_ratio": 119.99,
            "debt_ratio": 76.1,
            "inventory_turnover_ratio": null,
            "account_receivable_turnover_ratio": 0.33,
            "reinvestment_rate": -16.62,
            "research_to_sale_ratio": null,
            "price_fair": 26.5,
            "eps_avg_yearly": 0.76,
            "eps_latest_yearly": 1,
            "eps_growth_yearly": 87.5
        },
        "20173": {
            "year_quarter": 20173,
            "year": 2017,
            "quarter": 3,
            "eps": 0.41,
            "eps_growth_year": 105,
            "eps_4q": 0.98,
            "eps_4q_growth_year": 33.62,
            "roe": 3.15,
            "roe_4q": 7.6499999999999995,
            "gross_profit": null,
            "gross_margin": null,
            "gross_margin_4q_avg": 0,
            "net_income": 1012351,
            "revenue": 2662894,
            "common_shares": 21690730,
            "book_valuer_per_share": 14.14,
            "book_valuer_per_share_4q_avg": 13.81,
            "equity": 32654790,
            "current_ratio": 119.96,
            "debt_ratio": 76.47,
            "inventory_turnover_ratio": null,
            "account_receivable_turnover_ratio": 0.34,
            "reinvestment_rate": -17.09,
            "research_to_sale_ratio": null,
            "price_fair": 28.7,
            "eps_avg_yearly": 0.82,
            "eps_latest_yearly": 1.64,
            "eps_growth_yearly": 85.01
        },
        "20174": {
            "year_quarter": 20174,
            "year": 2017,
            "quarter": 4,
            "eps": 0.43,
            "eps_growth_year": 450.33,
            "eps_4q": 1.33,
            "eps_4q_growth_year": 142.88,
            "roe": 3.03,
            "roe_4q": 9.979999999999999,
            "gross_profit": null,
            "gross_margin": null,
            "gross_margin_4q_avg": 0,
            "net_income": 1002632,
            "revenue": 2618224,
            "common_shares": 21690730,
            "book_valuer_per_share": 14.49,
            "book_valuer_per_share_4q_avg": 14.04,
            "equity": 33478000,
            "current_ratio": 120.44,
            "debt_ratio": 76.34,
            "inventory_turnover_ratio": null,
            "account_receivable_turnover_ratio": 0.35,
            "reinvestment_rate": -15.01,
            "research_to_sale_ratio": null,
            "price_fair": 31,
            "eps_avg_yearly": 0.89,
            "eps_latest_yearly": 1.72,
            "eps_growth_yearly": 84.9
        },
        "20181": {
            "year_quarter": 20181,
            "year": 2018,
            "quarter": 1,
            "eps": 0.37,
            "eps_growth_year": 54.17,
            "eps_4q": 1.46,
            "eps_4q_growth_year": 105.03,
            "roe": 2.84,
            "roe_4q": 11.049999999999999,
            "gross_profit": null,
            "gross_margin": null,
            "gross_margin_4q_avg": 0,
            "net_income": 976523,
            "revenue": 2823229,
            "common_shares": 21690730,
            "book_valuer_per_share": 15.19,
            "book_valuer_per_share_4q_avg": 14.39,
            "equity": 35176797,
            "current_ratio": 120.19,
            "debt_ratio": 75.1,
            "inventory_turnover_ratio": null,
            "account_receivable_turnover_ratio": 0.38,
            "reinvestment_rate": -0.59,
            "research_to_sale_ratio": null,
            "price_fair": 32.7,
            "eps_avg_yearly": 0.93,
            "eps_latest_yearly": 1.48,
            "eps_growth_yearly": 80.91
        },
        "20182": {
            "year_quarter": 20182,
            "year": 2018,
            "quarter": 2,
            "eps": 0.27,
            "eps_growth_year": 8,
            "eps_4q": 1.38,
            "eps_4q_growth_year": 76.52,
            "roe": 1.89,
            "roe_4q": 10.91,
            "gross_profit": null,
            "gross_margin": null,
            "gross_margin_4q_avg": 0,
            "net_income": 664950,
            "revenue": 2204357,
            "common_shares": 21690730,
            "book_valuer_per_share": 15.23,
            "book_valuer_per_share_4q_avg": 14.76,
            "equity": 35161389,
            "current_ratio": 124.55,
            "debt_ratio": 73.74,
            "inventory_turnover_ratio": null,
            "account_receivable_turnover_ratio": 0.26,
            "reinvestment_rate": -0.78,
            "research_to_sale_ratio": null,
            "price_fair": 32.8,
            "eps_avg_yearly": 0.94,
            "eps_latest_yearly": 1.08,
            "eps_growth_yearly": 64.62
        },
        "20183": {
            "year_quarter": 20183,
            "year": 2018,
            "quarter": 3,
            "eps": 0.1,
            "eps_growth_year": -75.61,
            "eps_4q": 1.1,
            "eps_4q_growth_year": 11.65,
            "roe": 0.86,
            "roe_4q": 8.62,
            "gross_profit": null,
            "gross_margin": null,
            "gross_margin_4q_avg": 0,
            "net_income": 304892,
            "revenue": 1652082,
            "common_shares": 23209081,
            "book_valuer_per_share": 14.3,
            "book_valuer_per_share_4q_avg": 14.8,
            "equity": 35378150,
            "current_ratio": 124.1,
            "debt_ratio": 72.26,
            "inventory_turnover_ratio": null,
            "account_receivable_turnover_ratio": 0.21,
            "reinvestment_rate": 9.77,
            "research_to_sale_ratio": null,
            "price_fair": 31.9,
            "eps_avg_yearly": 0.91,
            "eps_latest_yearly": 0.4,
            "eps_growth_yearly": 54.32
        },
        "20184": {
            "year_quarter": 20184,
            "year": 2018,
            "quarter": 4,
            "eps": -0.09,
            "eps_growth_year": -120.67,
            "eps_4q": 0.61,
            "eps_4q_growth_year": -54.5,
            "roe": -0.48,
            "roe_4q": 5.109999999999999,
            "gross_profit": null,
            "gross_margin": null,
            "gross_margin_4q_avg": 0,
            "net_income": -168855,
            "revenue": 955939,
            "common_shares": 23209081,
            "book_valuer_per_share": 14.21,
            "book_valuer_per_share_4q_avg": 14.73,
            "equity": 35204736,
            "current_ratio": 126.3,
            "debt_ratio": 70.01,
            "inventory_turnover_ratio": null,
            "account_receivable_turnover_ratio": 0.17,
            "reinvestment_rate": 12.14,
            "research_to_sale_ratio": null,
            "price_fair": 32.2,
            "eps_avg_yearly": 0.92,
            "eps_latest_yearly": 0.4,
            "eps_growth_yearly": 56.88
        },
        "20191": {
            "year_quarter": 20191,
            "year": 2019,
            "quarter": 1,
            "eps": 0.26,
            "eps_growth_year": -29.73,
            "eps_4q": 0.52,
            "eps_4q_growth_year": -64.14,
            "roe": 1.88,
            "roe_4q": 4.1499999999999995,
            "gross_profit": null,
            "gross_margin": null,
            "gross_margin_4q_avg": 0,
            "net_income": 674214,
            "revenue": 1802720,
            "common_shares": 23209081,
            "book_valuer_per_share": 14.68,
            "book_valuer_per_share_4q_avg": 14.61,
            "equity": 36372586,
            "current_ratio": 124.38,
            "debt_ratio": 71.75,
            "inventory_turnover_ratio": null,
            "account_receivable_turnover_ratio": 0.26,
            "reinvestment_rate": 8.51,
            "research_to_sale_ratio": null,
            "price_fair": 32.08,
            "eps_avg_yearly": 0.92,
            "eps_latest_yearly": 0.4,
            "eps_growth_yearly": 54.95
        },
        "20192": {
            "year_quarter": 20192,
            "year": 2019,
            "quarter": 2,
            "eps": 0.15,
            "eps_growth_year": -44.44,
            "eps_4q": 0.43,
            "eps_4q_growth_year": -69.14,
            "roe": 1.17,
            "roe_4q": 3.4299999999999997,
            "gross_profit": null,
            "gross_margin": null,
            "gross_margin_4q_avg": 0,
            "net_income": 423971,
            "revenue": 1629113,
            "common_shares": 23209081,
            "book_valuer_per_share": 14.59,
            "book_valuer_per_share_4q_avg": 14.45,
            "equity": 35968384,
            "current_ratio": 124.03,
            "debt_ratio": 71.74,
            "inventory_turnover_ratio": null,
            "account_receivable_turnover_ratio": 0.2,
            "reinvestment_rate": -20.54,
            "research_to_sale_ratio": null,
            "price_fair": 32.08,
            "eps_avg_yearly": 0.92,
            "eps_latest_yearly": 0.6,
            "eps_growth_yearly": 53.35
        },
        "20193": {
            "year_quarter": 20193,
            "year": 2019,
            "quarter": 3,
            "eps": 0.34,
            "eps_growth_year": 240,
            "eps_4q": 0.67,
            "eps_4q_growth_year": -38.9,
            "roe": 2.37,
            "roe_4q": 4.9399999999999995,
            "gross_profit": null,
            "gross_margin": null,
            "gross_margin_4q_avg": 0,
            "net_income": 862393,
            "revenue": 2094427,
            "common_shares": 23209081,
            "book_valuer_per_share": 14.97,
            "book_valuer_per_share_4q_avg": 14.61,
            "equity": 36923057,
            "current_ratio": 123.91,
            "debt_ratio": 71.93,
            "inventory_turnover_ratio": null,
            "account_receivable_turnover_ratio": 0.3,
            "reinvestment_rate": -15.3,
            "research_to_sale_ratio": null,
            "price_fair": 33.28,
            "eps_avg_yearly": 0.95,
            "eps_latest_yearly": 1.36,
            "eps_growth_yearly": 88.22
        },
        "20194": {
            "year_quarter": 20194,
            "year": 2019,
            "quarter": 4,
            "eps": 0.37,
            "eps_growth_year": null,
            "eps_4q": 1.18,
            "eps_4q_growth_year": 94.53,
            "roe": 2.38,
            "roe_4q": 7.8,
            "gross_profit": null,
            "gross_margin": null,
            "gross_margin_4q_avg": 0,
            "net_income": 868656,
            "revenue": 2270691,
            "common_shares": 23209081,
            "book_valuer_per_share": 15.64,
            "book_valuer_per_share_4q_avg": 14.97,
            "equity": 36216129,
            "current_ratio": 122.51,
            "debt_ratio": 72.8,
            "inventory_turnover_ratio": null,
            "account_receivable_turnover_ratio": 0.34,
            "reinvestment_rate": -15.61,
            "research_to_sale_ratio": null,
            "price_fair": 34.6,
            "eps_avg_yearly": 0.99,
            "eps_latest_yearly": 1.48,
            "eps_growth_yearly": 84.44
        },
        "20201": {
            "year_quarter": 20201,
            "year": 2020,
            "quarter": 1,
            "eps": -0.39,
            "eps_growth_year": -250,
            "eps_4q": 0.51,
            "eps_4q_growth_year": -2.23,
            "roe": -2.18,
            "roe_4q": 3.7399999999999998,
            "gross_profit": null,
            "gross_margin": null,
            "gross_margin_4q_avg": 0,
            "net_income": -777492,
            "revenue": 542135,
            "common_shares": 21709081,
            "book_valuer_per_share": 14.89,
            "book_valuer_per_share_4q_avg": 15.02,
            "equity": 35119363,
            "current_ratio": 119.58,
            "debt_ratio": 75.55,
            "inventory_turnover_ratio": null,
            "account_receivable_turnover_ratio": 0.07,
            "reinvestment_rate": -19.69,
            "research_to_sale_ratio": null,
            "price_fair": 36.51,
            "eps_avg_yearly": 1.04,
            "eps_latest_yearly": 1.48,
            "eps_growth_yearly": 114.01
        },
        "20202": {
            "year_quarter": 20202,
            "year": 2020,
            "quarter": 2,
            "eps": 0.69,
            "eps_growth_year": 360,
            "eps_4q": 1.04,
            "eps_4q_growth_year": 144.3,
            "roe": 4.44,
            "roe_4q": 7.010000000000001,
            "gross_profit": null,
            "gross_margin": null,
            "gross_margin_4q_avg": 0,
            "net_income": 1571914,
            "revenue": 2915612,
            "common_shares": 21709081,
            "book_valuer_per_share": 15.23,
            "book_valuer_per_share_4q_avg": 15.18,
            "equity": 35727847,
            "current_ratio": 118.24,
            "debt_ratio": 76.92,
            "inventory_turnover_ratio": null,
            "account_receivable_turnover_ratio": 0.31,
            "reinvestment_rate": -15.22,
            "research_to_sale_ratio": null,
            "price_fair": 37.45,
            "eps_avg_yearly": 1.07,
            "eps_latest_yearly": 1.48,
            "eps_growth_yearly": 71.13
        },
        "20203": {
            "year_quarter": 20203,
            "year": 2020,
            "quarter": 3,
            "eps": 0.7,
            "eps_growth_year": 105.88,
            "eps_4q": 1.38,
            "eps_4q_growth_year": 105.29,
            "roe": 4.38,
            "roe_4q": 9.02,
            "gross_profit": null,
            "gross_margin": null,
            "gross_margin_4q_avg": 0,
            "net_income": 1599595,
            "revenue": 3230842,
            "common_shares": 21709081,
            "book_valuer_per_share": 15.93,
            "book_valuer_per_share_4q_avg": 15.42,
            "equity": 37328209,
            "current_ratio": 118.75,
            "debt_ratio": 77.07,
            "inventory_turnover_ratio": null,
            "account_receivable_turnover_ratio": 0.37,
            "reinvestment_rate": -13,
            "research_to_sale_ratio": null,
            "price_fair": 43.28,
            "eps_avg_yearly": 1.24,
            "eps_latest_yearly": 2.8,
            "eps_growth_yearly": 67.91
        },
        "20204": {
            "year_quarter": 20204,
            "year": 2020,
            "quarter": 4,
            "eps": 0.64,
            "eps_growth_year": 72.5,
            "eps_4q": 1.64,
            "eps_4q_growth_year": 39.24,
            "roe": 3.81,
            "roe_4q": 10.45,
            "gross_profit": null,
            "gross_margin": null,
            "gross_margin_4q_avg": 0,
            "net_income": 1446662,
            "revenue": 3035506,
            "common_shares": 21709081,
            "book_valuer_per_share": 16.53,
            "book_valuer_per_share_4q_avg": 15.65,
            "equity": 38674730,
            "current_ratio": 120.02,
            "debt_ratio": 76.28,
            "inventory_turnover_ratio": null,
            "account_receivable_turnover_ratio": 0.34,
            "reinvestment_rate": -11.39,
            "research_to_sale_ratio": null,
            "price_fair": 49.82,
            "eps_avg_yearly": 1.42,
            "eps_latest_yearly": 2.56,
            "eps_growth_yearly": 85.05
        },
        "20211": {
            "year_quarter": 20211,
            "year": 2021,
            "quarter": 1,
            "eps": 0.6,
            "eps_growth_year": null,
            "eps_4q": 2.63,
            "eps_4q_growth_year": 412.8,
            "roe": 3.45,
            "roe_4q": 16.080000000000002,
            "gross_profit": null,
            "gross_margin": null,
            "gross_margin_4q_avg": 0,
            "net_income": 1360809,
            "revenue": 3175945,
            "common_shares": 21709081,
            "book_valuer_per_share": 17.2,
            "book_valuer_per_share_4q_avg": 16.22,
            "equity": 40212194,
            "current_ratio": 118.94,
            "debt_ratio": 77.11,
            "inventory_turnover_ratio": null,
            "account_receivable_turnover_ratio": 0.25,
            "reinvestment_rate": -8.52,
            "research_to_sale_ratio": null,
            "price_fair": 40.6,
            "eps_avg_yearly": 1.54,
            "eps_latest_yearly": 2.4,
            "eps_growth_yearly": 16.3
        },
        "20212": {
            "year_quarter": 20212,
            "year": 2021,
            "quarter": 2,
            "eps": 0.58,
            "eps_growth_year": -15.94,
            "eps_4q": 2.52,
            "eps_4q_growth_year": 141.46,
            "roe": 3.32,
            "roe_4q": 14.96,
            "gross_profit": null,
            "gross_margin": null,
            "gross_margin_4q_avg": 0,
            "net_income": 1315896,
            "revenue": 3460917,
            "common_shares": 21709081,
            "book_valuer_per_share": 16.76,
            "book_valuer_per_share_4q_avg": 16.61,
            "equity": 39052331,
            "current_ratio": 115.67,
            "debt_ratio": 79.76,
            "inventory_turnover_ratio": null,
            "account_receivable_turnover_ratio": 0.22,
            "reinvestment_rate": -8.97,
            "research_to_sale_ratio": null,
            "price_fair": 39.36,
            "eps_avg_yearly": 1.65,
            "eps_latest_yearly": 2.32,
            "eps_growth_yearly": 13.8
        },
        "20213": {
            "year_quarter": 20213,
            "year": 2021,
            "quarter": 3,
            "eps": 0.6,
            "eps_growth_year": -14.29,
            "eps_4q": 2.41,
            "eps_4q_growth_year": 75.23,
            "roe": 3.39,
            "roe_4q": 13.97,
            "gross_profit": null,
            "gross_margin": null,
            "gross_margin_4q_avg": 0,
            "net_income": 1343762,
            "revenue": 3339418,
            "common_shares": 21709081,
            "book_valuer_per_share": 17.32,
            "book_valuer_per_share_4q_avg": 16.95,
            "equity": 40309388,
            "current_ratio": 116.93,
            "debt_ratio": 78.93,
            "inventory_turnover_ratio": null,
            "account_receivable_turnover_ratio": 0.22,
            "reinvestment_rate": -11.98,
            "research_to_sale_ratio": null,
            "price_fair": 5.15,
            "eps_avg_yearly": 1.72,
            "eps_latest_yearly": 2.4,
            "eps_growth_yearly": -6.38
        },
        "20214": {
            "year_quarter": 20214,
            "year": 2021,
            "quarter": 4,
            "eps": 0.64,
            "eps_growth_year": 0.99,
            "eps_4q": 2.42,
            "eps_4q_growth_year": 47.07,
            "roe": 3.52,
            "roe_4q": 13.68,
            "gross_profit": null,
            "gross_margin": null,
            "gross_margin_4q_avg": 0,
            "net_income": 1441182,
            "revenue": 3305473,
            "common_shares": 21709081,
            "book_valuer_per_share": 17.84,
            "book_valuer_per_share_4q_avg": 17.28,
            "equity": 41473584,
            "current_ratio": 116.61,
            "debt_ratio": 79.64,
            "inventory_turnover_ratio": null,
            "account_receivable_turnover_ratio": 0.27,
            "reinvestment_rate": -10.7,
            "research_to_sale_ratio": null,
            "price_fair": 5.36,
            "eps_avg_yearly": 1.79,
            "eps_latest_yearly": 2.56,
            "eps_growth_yearly": -5.78
        },
        "20221": {
            "year_quarter": 20221,
            "year": 2022,
            "quarter": 1,
            "eps": 0.13,
            "eps_growth_year": -78.33,
            "eps_4q": 1.95,
            "eps_4q_growth_year": -25.75,
            "roe": 0.84,
            "roe_4q": 11.07,
            "gross_profit": null,
            "gross_margin": null,
            "gross_margin_4q_avg": 0,
            "net_income": 350282,
            "revenue": 2054009,
            "common_shares": 21709081,
            "book_valuer_per_share": 18.01,
            "book_valuer_per_share_4q_avg": 17.48,
            "equity": 41899064,
            "current_ratio": 117.34,
            "debt_ratio": 78.82,
            "inventory_turnover_ratio": null,
            "account_receivable_turnover_ratio": 0.18,
            "reinvestment_rate": -16.45,
            "research_to_sale_ratio": null,
            "price_fair": 5.12,
            "eps_avg_yearly": 1.71,
            "eps_latest_yearly": 0.52,
            "eps_growth_yearly": -27.7
        },
        "20222": {
            "year_quarter": 20222,
            "year": 2022,
            "quarter": 2,
            "eps": -0.12,
            "eps_growth_year": -120.69,
            "eps_4q": 1.25,
            "eps_4q_growth_year": -50.27,
            "roe": -0.49,
            "roe_4q": 7.26,
            "gross_profit": null,
            "gross_margin": null,
            "gross_margin_4q_avg": 0,
            "net_income": -193645,
            "revenue": 1456460,
            "common_shares": 21709081,
            "book_valuer_per_share": 15.98,
            "book_valuer_per_share_4q_avg": 17.29,
            "equity": 37415660,
            "current_ratio": 114.82,
            "debt_ratio": 80.85,
            "inventory_turnover_ratio": null,
            "account_receivable_turnover_ratio": 0.12,
            "reinvestment_rate": -18.57,
            "research_to_sale_ratio": null,
            "price_fair": 5.29,
            "eps_avg_yearly": 1.76,
            "eps_latest_yearly": 0.52,
            "eps_growth_yearly": -20.38
        },
        "20223": {
            "year_quarter": 20223,
            "year": 2022,
            "quarter": 3,
            "eps": 0.11,
            "eps_growth_year": -81.67,
            "eps_4q": 0.77,
            "eps_4q_growth_year": -68.24,
            "roe": 0.91,
            "roe_4q": 4.78,
            "gross_profit": null,
            "gross_margin": null,
            "gross_margin_4q_avg": 0,
            "net_income": 340942,
            "revenue": 2296285,
            "common_shares": 21709081,
            "book_valuer_per_share": 15.96,
            "book_valuer_per_share_4q_avg": 16.95,
            "equity": 37495336,
            "current_ratio": 114.37,
            "debt_ratio": 81.09,
            "inventory_turnover_ratio": null,
            "account_receivable_turnover_ratio": 0.21,
            "reinvestment_rate": -21.63,
            "research_to_sale_ratio": null,
            "price_fair": 24.25,
            "eps_avg_yearly": 1.9,
            "eps_latest_yearly": 0.52,
            "eps_growth_yearly": 2.76
        },
        "20224": {
            "year_quarter": 20224,
            "year": 2022,
            "quarter": 4,
            "eps": 0.27,
            "eps_growth_year": -58.79,
            "eps_4q": 0.39,
            "eps_4q_growth_year": -84,
            "roe": 1.79,
            "roe_4q": 3.05,
            "gross_profit": null,
            "gross_margin": null,
            "gross_margin_4q_avg": 0,
            "net_income": 681437,
            "revenue": 2412303,
            "common_shares": 21709081,
            "book_valuer_per_share": 16.47,
            "book_valuer_per_share_4q_avg": 16.61,
            "equity": 38691113,
            "current_ratio": 113.59,
            "debt_ratio": 79.81,
            "inventory_turnover_ratio": null,
            "account_receivable_turnover_ratio": 0.33,
            "reinvestment_rate": -20.61,
            "research_to_sale_ratio": null,
            "price_fair": 63.89,
            "eps_avg_yearly": 1.83,
            "eps_latest_yearly": 1.08,
            "eps_growth_yearly": 55.4
        },
        "20231": {
            "year_quarter": 20231,
            "year": 2023,
            "quarter": 1,
            "eps": 0.51,
            "eps_growth_year": 292.31,
            "eps_4q": 0.77,
            "eps_4q_growth_year": -60.71,
            "roe": 3.08,
            "roe_4q": 5.29,
            "gross_profit": null,
            "gross_margin": null,
            "gross_margin_4q_avg": 0,
            "net_income": 1214591,
            "revenue": 2830885,
            "common_shares": 21709081,
            "book_valuer_per_share": 17.16,
            "book_valuer_per_share_4q_avg": 16.39,
            "equity": 40298683,
            "current_ratio": 112.34,
            "debt_ratio": 80.39,
            "inventory_turnover_ratio": null,
            "account_receivable_turnover_ratio": 0.34,
            "reinvestment_rate": -17.13,
            "research_to_sale_ratio": null,
            "price_fair": 64.52,
            "eps_avg_yearly": 1.84,
            "eps_latest_yearly": 2.04,
            "eps_growth_yearly": 80.42
        }
    },
    "months": {
        "2001-06": {
            "month": "2001-06",
            "price": "12.14",
            "revenue": 278988
        },
        "2001-07": {
            "month": "2001-07",
            "price": "11.91",
            "revenue": 309912
        },
        "2001-08": {
            "month": "2001-08",
            "price": "11.49",
            "revenue": 179867
        },
        "2001-09": {
            "month": "2001-09",
            "price": "9.73",
            "revenue": 282109
        },
        "2001-10": {
            "month": "2001-10",
            "price": "11.16",
            "revenue": 147243
        },
        "2001-11": {
            "month": "2001-11",
            "price": "13.20",
            "revenue": 305684
        },
        "2001-12": {
            "month": "2001-12",
            "price": "15.17",
            "revenue": 674717
        },
        "2002-01": {
            "month": "2002-01",
            "price": "15.39",
            "revenue": 712657
        },
        "2002-02": {
            "month": "2002-02",
            "price": "14.55",
            "revenue": 326091
        },
        "2002-03": {
            "month": "2002-03",
            "price": "15.14",
            "revenue": 583352
        },
        "2002-04": {
            "month": "2002-04",
            "price": "15.29",
            "revenue": 462312
        },
        "2002-05": {
            "month": "2002-05",
            "price": "13.67",
            "revenue": 389429
        },
        "2002-06": {
            "month": "2002-06",
            "price": "13.02",
            "revenue": 285925
        },
        "2002-07": {
            "month": "2002-07",
            "price": "11.08",
            "revenue": 333714
        },
        "2002-08": {
            "month": "2002-08",
            "price": "11.06",
            "revenue": 396331
        },
        "2002-09": {
            "month": "2002-09",
            "price": "10.75",
            "revenue": 377990
        },
        "2002-10": {
            "month": "2002-10",
            "price": "10.50",
            "revenue": 195454
        },
        "2002-11": {
            "month": "2002-11",
            "price": "10.57",
            "revenue": 684002
        },
        "2002-12": {
            "month": "2002-12",
            "price": "10.12",
            "revenue": 338491
        },
        "2003-01": {
            "month": "2003-01",
            "price": "11.48",
            "revenue": 406056
        },
        "2003-02": {
            "month": "2003-02",
            "price": "10.77",
            "revenue": 280038
        },
        "2003-03": {
            "month": "2003-03",
            "price": "10.65",
            "revenue": 224143
        },
        "2003-04": {
            "month": "2003-04",
            "price": "10.02",
            "revenue": 376378
        },
        "2003-05": {
            "month": "2003-05",
            "price": "9.14",
            "revenue": 296285
        },
        "2003-06": {
            "month": "2003-06",
            "price": "11.00",
            "revenue": 435400
        },
        "2003-07": {
            "month": "2003-07",
            "price": "11.26",
            "revenue": 670460
        },
        "2003-08": {
            "month": "2003-08",
            "price": "10.27",
            "revenue": 439120
        },
        "2003-09": {
            "month": "2003-09",
            "price": "10.19",
            "revenue": 847293
        },
        "2003-10": {
            "month": "2003-10",
            "price": "10.53",
            "revenue": 475439
        },
        "2003-11": {
            "month": "2003-11",
            "price": "10.25",
            "revenue": 868199
        },
        "2003-12": {
            "month": "2003-12",
            "price": "10.52",
            "revenue": 616699
        },
        "2004-01": {
            "month": "2004-01",
            "price": "12.53",
            "revenue": 1062582
        },
        "2004-02": {
            "month": "2004-02",
            "price": "14.74",
            "revenue": 2134669
        },
        "2004-03": {
            "month": "2004-03",
            "price": "15.33",
            "revenue": 1428001
        },
        "2004-04": {
            "month": "2004-04",
            "price": "13.76",
            "revenue": 1385313
        },
        "2004-05": {
            "month": "2004-05",
            "price": "11.31",
            "revenue": 588875
        },
        "2004-06": {
            "month": "2004-06",
            "price": "11.25",
            "revenue": 597327
        },
        "2004-07": {
            "month": "2004-07",
            "price": "11.00",
            "revenue": 571728
        },
        "2004-08": {
            "month": "2004-08",
            "price": "10.79",
            "revenue": 421909
        },
        "2004-09": {
            "month": "2004-09",
            "price": "11.81",
            "revenue": 553090
        },
        "2004-10": {
            "month": "2004-10",
            "price": "12.29",
            "revenue": 486081
        },
        "2004-11": {
            "month": "2004-11",
            "price": "12.76",
            "revenue": 599218
        },
        "2004-12": {
            "month": "2004-12",
            "price": "13.02",
            "revenue": 708017
        },
        "2005-01": {
            "month": "2005-01",
            "price": "12.81",
            "revenue": 1340921
        },
        "2005-02": {
            "month": "2005-02",
            "price": "13.05",
            "revenue": 550267
        },
        "2005-03": {
            "month": "2005-03",
            "price": "13.28",
            "revenue": 638263
        },
        "2005-04": {
            "month": "2005-04",
            "price": "13.13",
            "revenue": 448683
        },
        "2005-05": {
            "month": "2005-05",
            "price": "13.18",
            "revenue": 331268
        },
        "2005-06": {
            "month": "2005-06",
            "price": "13.81",
            "revenue": 692582
        },
        "2005-07": {
            "month": "2005-07",
            "price": "14.10",
            "revenue": 823022
        },
        "2005-08": {
            "month": "2005-08",
            "price": "13.50",
            "revenue": 1199530
        },
        "2005-09": {
            "month": "2005-09",
            "price": "12.75",
            "revenue": 501263
        },
        "2005-10": {
            "month": "2005-10",
            "price": "11.66",
            "revenue": 391507
        },
        "2005-11": {
            "month": "2005-11",
            "price": "11.99",
            "revenue": 378680
        },
        "2005-12": {
            "month": "2005-12",
            "price": "12.40",
            "revenue": 1008939
        },
        "2006-01": {
            "month": "2006-01",
            "price": "13.29",
            "revenue": 2200628
        },
        "2006-02": {
            "month": "2006-02",
            "price": "12.54",
            "revenue": 436125
        },
        "2006-03": {
            "month": "2006-03",
            "price": "11.82",
            "revenue": 519747
        },
        "2006-04": {
            "month": "2006-04",
            "price": "12.61",
            "revenue": 823157
        },
        "2006-05": {
            "month": "2006-05",
            "price": "13.92",
            "revenue": -229
        },
        "2006-06": {
            "month": "2006-06",
            "price": "12.32",
            "revenue": 329743
        },
        "2006-07": {
            "month": "2006-07",
            "price": "12.03",
            "revenue": 303367
        },
        "2006-08": {
            "month": "2006-08",
            "price": "12.22",
            "revenue": 441998
        },
        "2006-09": {
            "month": "2006-09",
            "price": "12.39",
            "revenue": 398942
        },
        "2006-10": {
            "month": "2006-10",
            "price": "12.94",
            "revenue": 445003
        },
        "2006-11": {
            "month": "2006-11",
            "price": "12.98",
            "revenue": 826768
        },
        "2006-12": {
            "month": "2006-12",
            "price": "13.87",
            "revenue": 1290698
        },
        "2007-01": {
            "month": "2007-01",
            "price": "15.29",
            "revenue": 478785
        },
        "2007-02": {
            "month": "2007-02",
            "price": "15.39",
            "revenue": 440083
        },
        "2007-03": {
            "month": "2007-03",
            "price": "15.42",
            "revenue": 571368
        },
        "2007-04": {
            "month": "2007-04",
            "price": "15.88",
            "revenue": 343924
        },
        "2007-05": {
            "month": "2007-05",
            "price": "14.68",
            "revenue": 676235
        },
        "2007-06": {
            "month": "2007-06",
            "price": "15.98",
            "revenue": 1269476
        },
        "2007-07": {
            "month": "2007-07",
            "price": "20.72",
            "revenue": 1214478
        },
        "2007-08": {
            "month": "2007-08",
            "price": "19.44",
            "revenue": 334110
        },
        "2007-09": {
            "month": "2007-09",
            "price": "18.85",
            "revenue": 671181
        },
        "2007-10": {
            "month": "2007-10",
            "price": "20.38",
            "revenue": 468254
        },
        "2007-11": {
            "month": "2007-11",
            "price": "17.79",
            "revenue": 132881
        },
        "2007-12": {
            "month": "2007-12",
            "price": "15.85",
            "revenue": 733413
        },
        "2008-01": {
            "month": "2008-01",
            "price": "17.54",
            "revenue": 138063
        },
        "2008-02": {
            "month": "2008-02",
            "price": "20.17",
            "revenue": 733730
        },
        "2008-03": {
            "month": "2008-03",
            "price": "22.50",
            "revenue": 750822
        },
        "2008-04": {
            "month": "2008-04",
            "price": "24.65",
            "revenue": 865195
        },
        "2008-05": {
            "month": "2008-05",
            "price": "22.92",
            "revenue": 401223
        },
        "2008-06": {
            "month": "2008-06",
            "price": "19.70",
            "revenue": -246086
        },
        "2008-07": {
            "month": "2008-07",
            "price": "17.14",
            "revenue": 36256
        },
        "2008-08": {
            "month": "2008-08",
            "price": "15.74",
            "revenue": 258194
        },
        "2008-09": {
            "month": "2008-09",
            "price": "12.70",
            "revenue": -1556843
        },
        "2008-10": {
            "month": "2008-10",
            "price": "7.33",
            "revenue": 2597
        },
        "2008-11": {
            "month": "2008-11",
            "price": "6.81",
            "revenue": 133067
        },
        "2008-12": {
            "month": "2008-12",
            "price": "7.89",
            "revenue": -1394365
        },
        "2009-01": {
            "month": "2009-01",
            "price": "7.20",
            "revenue": 190417
        },
        "2009-02": {
            "month": "2009-02",
            "price": "7.30",
            "revenue": 333731
        },
        "2009-03": {
            "month": "2009-03",
            "price": "8.94",
            "revenue": 743493
        },
        "2009-04": {
            "month": "2009-04",
            "price": "11.31",
            "revenue": 664145
        },
        "2009-05": {
            "month": "2009-05",
            "price": "14.59",
            "revenue": 731484
        },
        "2009-06": {
            "month": "2009-06",
            "price": "14.90",
            "revenue": 368690
        },
        "2009-07": {
            "month": "2009-07",
            "price": "16.15",
            "revenue": 840319
        },
        "2009-08": {
            "month": "2009-08",
            "price": "14.67",
            "revenue": 320517
        },
        "2009-09": {
            "month": "2009-09",
            "price": "16.06",
            "revenue": 693538
        },
        "2009-10": {
            "month": "2009-10",
            "price": "16.72",
            "revenue": 596047
        },
        "2009-11": {
            "month": "2009-11",
            "price": "16.42",
            "revenue": 540236
        },
        "2009-12": {
            "month": "2009-12",
            "price": "16.91",
            "revenue": 725185
        },
        "2010-01": {
            "month": "2010-01",
            "price": "18.60",
            "revenue": 315399
        },
        "2010-02": {
            "month": "2010-02",
            "price": "15.57",
            "revenue": 187281
        },
        "2010-03": {
            "month": "2010-03",
            "price": "16.43",
            "revenue": 757317
        },
        "2010-04": {
            "month": "2010-04",
            "price": "16.41",
            "revenue": 706989
        },
        "2010-05": {
            "month": "2010-05",
            "price": "14.43",
            "revenue": 207369
        },
        "2010-06": {
            "month": "2010-06",
            "price": "13.76",
            "revenue": 273645
        },
        "2010-07": {
            "month": "2010-07",
            "price": "14.60",
            "revenue": 545989
        },
        "2010-08": {
            "month": "2010-08",
            "price": "14.47",
            "revenue": 414960
        },
        "2010-09": {
            "month": "2010-09",
            "price": "14.35",
            "revenue": 644513
        },
        "2010-10": {
            "month": "2010-10",
            "price": "14.10",
            "revenue": 527513
        },
        "2010-11": {
            "month": "2010-11",
            "price": "13.84",
            "revenue": 451371
        },
        "2010-12": {
            "month": "2010-12",
            "price": "14.58",
            "revenue": 779134
        },
        "2011-01": {
            "month": "2011-01",
            "price": "15.58",
            "revenue": 573511
        },
        "2011-02": {
            "month": "2011-02",
            "price": "14.12",
            "revenue": 306268
        },
        "2011-03": {
            "month": "2011-03",
            "price": "13.19",
            "revenue": 464276
        },
        "2011-04": {
            "month": "2011-04",
            "price": "13.64",
            "revenue": 427705
        },
        "2011-05": {
            "month": "2011-05",
            "price": "14.00",
            "revenue": 543823
        },
        "2011-06": {
            "month": "2011-06",
            "price": "13.85",
            "revenue": 432613
        },
        "2011-07": {
            "month": "2011-07",
            "price": "14.22",
            "revenue": 613039
        },
        "2011-08": {
            "month": "2011-08",
            "price": "12.88",
            "revenue": 267797
        },
        "2011-09": {
            "month": "2011-09",
            "price": "11.14",
            "revenue": 324120
        },
        "2011-10": {
            "month": "2011-10",
            "price": "10.71",
            "revenue": 580763
        },
        "2011-11": {
            "month": "2011-11",
            "price": "10.86",
            "revenue": 427506
        },
        "2011-12": {
            "month": "2011-12",
            "price": "10.44",
            "revenue": 454304
        },
        "2012-01": {
            "month": "2012-01",
            "price": "10.82",
            "revenue": 397731
        },
        "2012-02": {
            "month": "2012-02",
            "price": "12.45",
            "revenue": 612723
        },
        "2012-03": {
            "month": "2012-03",
            "price": "12.31",
            "revenue": 526776
        },
        "2012-04": {
            "month": "2012-04",
            "price": "10.68",
            "revenue": 300340
        },
        "2012-05": {
            "month": "2012-05",
            "price": "9.70",
            "revenue": 421393
        },
        "2012-06": {
            "month": "2012-06",
            "price": "9.76",
            "revenue": 326595
        },
        "2012-07": {
            "month": "2012-07",
            "price": "9.93",
            "revenue": 428826
        },
        "2012-08": {
            "month": "2012-08",
            "price": "10.49",
            "revenue": 433962
        },
        "2012-09": {
            "month": "2012-09",
            "price": "10.84",
            "revenue": 412742
        },
        "2012-10": {
            "month": "2012-10",
            "price": "10.43",
            "revenue": 332294
        },
        "2012-11": {
            "month": "2012-11",
            "price": "9.84",
            "revenue": 350089
        },
        "2012-12": {
            "month": "2012-12",
            "price": "10.96",
            "revenue": 377066
        },
        "2013-01": {
            "month": "2013-01",
            "price": "11.10",
            "revenue": 527065
        },
        "2013-02": {
            "month": "2013-02",
            "price": "11.53",
            "revenue": 352508
        },
        "2013-03": {
            "month": "2013-03",
            "price": "11.10",
            "revenue": 489548
        },
        "2013-04": {
            "month": "2013-04",
            "price": "10.18",
            "revenue": 457553
        },
        "2013-05": {
            "month": "2013-05",
            "price": "10.68",
            "revenue": 553083
        },
        "2013-06": {
            "month": "2013-06",
            "price": "10.22",
            "revenue": 412137
        },
        "2013-07": {
            "month": "2013-07",
            "price": "10.11",
            "revenue": 508463
        },
        "2013-08": {
            "month": "2013-08",
            "price": "9.70",
            "revenue": 537229
        },
        "2013-09": {
            "month": "2013-09",
            "price": "10.12",
            "revenue": 512489
        },
        "2013-10": {
            "month": "2013-10",
            "price": "10.16",
            "revenue": 560604
        },
        "2013-11": {
            "month": "2013-11",
            "price": "10.05",
            "revenue": 446016
        },
        "2013-12": {
            "month": "2013-12",
            "price": "10.33",
            "revenue": 614164
        },
        "2014-01": {
            "month": "2014-01",
            "price": "11.74",
            "revenue": 491768
        },
        "2014-02": {
            "month": "2014-02",
            "price": "11.49",
            "revenue": 527509
        },
        "2014-03": {
            "month": "2014-03",
            "price": "11.30",
            "revenue": 628140
        },
        "2014-04": {
            "month": "2014-04",
            "price": "11.01",
            "revenue": 446422
        },
        "2014-05": {
            "month": "2014-05",
            "price": "10.60",
            "revenue": 760427
        },
        "2014-06": {
            "month": "2014-06",
            "price": "11.12",
            "revenue": 650149
        },
        "2014-07": {
            "month": "2014-07",
            "price": "11.49",
            "revenue": 610810
        },
        "2014-08": {
            "month": "2014-08",
            "price": "10.56",
            "revenue": 519278
        },
        "2014-09": {
            "month": "2014-09",
            "price": "10.27",
            "revenue": 616712
        },
        "2014-10": {
            "month": "2014-10",
            "price": "9.87",
            "revenue": 419877
        },
        "2014-11": {
            "month": "2014-11",
            "price": "9.91",
            "revenue": 515640
        },
        "2014-12": {
            "month": "2014-12",
            "price": "10.22",
            "revenue": 672801
        },
        "2015-01": {
            "month": "2015-01",
            "price": "10.31",
            "revenue": 547816
        },
        "2015-02": {
            "month": "2015-02",
            "price": "10.30",
            "revenue": 418922
        },
        "2015-03": {
            "month": "2015-03",
            "price": "10.23",
            "revenue": 683755
        },
        "2015-04": {
            "month": "2015-04",
            "price": "10.68",
            "revenue": 693596
        },
        "2015-05": {
            "month": "2015-05",
            "price": "10.96",
            "revenue": 586050
        },
        "2015-06": {
            "month": "2015-06",
            "price": "10.16",
            "revenue": 425453
        },
        "2015-07": {
            "month": "2015-07",
            "price": "9.88",
            "revenue": 285721
        },
        "2015-08": {
            "month": "2015-08",
            "price": "8.82",
            "revenue": 447697
        },
        "2015-09": {
            "month": "2015-09",
            "price": "8.53",
            "revenue": 567086
        },
        "2015-10": {
            "month": "2015-10",
            "price": "9.42",
            "revenue": 637240
        },
        "2015-11": {
            "month": "2015-11",
            "price": "9.71",
            "revenue": 619344
        },
        "2015-12": {
            "month": "2015-12",
            "price": "9.61",
            "revenue": 647467
        },
        "2016-01": {
            "month": "2016-01",
            "price": "8.76",
            "revenue": 354030
        },
        "2016-02": {
            "month": "2016-02",
            "price": "8.62",
            "revenue": 443935
        },
        "2016-03": {
            "month": "2016-03",
            "price": "8.92",
            "revenue": 597286
        },
        "2016-04": {
            "month": "2016-04",
            "price": "8.67",
            "revenue": 569597
        },
        "2016-05": {
            "month": "2016-05",
            "price": "8.23",
            "revenue": 564748
        },
        "2016-06": {
            "month": "2016-06",
            "price": "8.28",
            "revenue": 560770
        },
        "2016-07": {
            "month": "2016-07",
            "price": "8.56",
            "revenue": 649713
        },
        "2016-08": {
            "month": "2016-08",
            "price": "8.40",
            "revenue": 591140
        },
        "2016-09": {
            "month": "2016-09",
            "price": "8.19",
            "revenue": 551464
        },
        "2016-10": {
            "month": "2016-10",
            "price": "8.00",
            "revenue": 448354
        },
        "2016-11": {
            "month": "2016-11",
            "price": "8.30",
            "revenue": 489237
        },
        "2016-12": {
            "month": "2016-12",
            "price": "9.33",
            "revenue": 504264
        },
        "2017-01": {
            "month": "2017-01",
            "price": "9.12",
            "revenue": 446520
        },
        "2017-02": {
            "month": "2017-02",
            "price": "9.81",
            "revenue": 658358
        },
        "2017-03": {
            "month": "2017-03",
            "price": "10.06",
            "revenue": 742608
        },
        "2017-04": {
            "month": "2017-04",
            "price": "9.91",
            "revenue": 625656
        },
        "2017-05": {
            "month": "2017-05",
            "price": "9.96",
            "revenue": 677890
        },
        "2017-06": {
            "month": "2017-06",
            "price": "9.93",
            "revenue": 819463
        },
        "2017-07": {
            "month": "2017-07",
            "price": "9.98",
            "revenue": 888952
        },
        "2017-08": {
            "month": "2017-08",
            "price": "9.82",
            "revenue": 933918
        },
        "2017-09": {
            "month": "2017-09",
            "price": "10.15",
            "revenue": 846429
        },
        "2017-10": {
            "month": "2017-10",
            "price": "10.44",
            "revenue": 940583
        },
        "2017-11": {
            "month": "2017-11",
            "price": "10.70",
            "revenue": 814486
        },
        "2017-12": {
            "month": "2017-12",
            "price": "11.57",
            "revenue": 858903
        },
        "2018-01": {
            "month": "2018-01",
            "price": "11.71",
            "revenue": 1141454
        },
        "2018-02": {
            "month": "2018-02",
            "price": "11.39",
            "revenue": 788645
        },
        "2018-03": {
            "month": "2018-03",
            "price": "11.24",
            "revenue": 901021
        },
        "2018-04": {
            "month": "2018-04",
            "price": "11.19",
            "revenue": 595385
        },
        "2018-05": {
            "month": "2018-05",
            "price": "11.28",
            "revenue": 889585
        },
        "2018-06": {
            "month": "2018-06",
            "price": "11.41",
            "revenue": 717219
        },
        "2018-07": {
            "month": "2018-07",
            "price": "10.99",
            "revenue": 539869
        },
        "2018-08": {
            "month": "2018-08",
            "price": "11.03",
            "revenue": 662681
        },
        "2018-09": {
            "month": "2018-09",
            "price": "10.31",
            "revenue": 448577
        },
        "2018-10": {
            "month": "2018-10",
            "price": "9.53",
            "revenue": 41568
        },
        "2018-11": {
            "month": "2018-11",
            "price": "9.24",
            "revenue": 476974
        },
        "2018-12": {
            "month": "2018-12",
            "price": "9.06",
            "revenue": 437119
        },
        "2019-01": {
            "month": "2019-01",
            "price": "9.06",
            "revenue": 641356
        },
        "2019-02": {
            "month": "2019-02",
            "price": "9.19",
            "revenue": 581954
        },
        "2019-03": {
            "month": "2019-03",
            "price": "9.56",
            "revenue": 580606
        },
        "2019-04": {
            "month": "2019-04",
            "price": "9.39",
            "revenue": 507649
        },
        "2019-05": {
            "month": "2019-05",
            "price": "9.26",
            "revenue": 512517
        },
        "2019-06": {
            "month": "2019-06",
            "price": "9.34",
            "revenue": 606609
        },
        "2019-07": {
            "month": "2019-07",
            "price": "9.51",
            "revenue": 758186
        },
        "2019-08": {
            "month": "2019-08",
            "price": "8.99",
            "revenue": 730321
        },
        "2019-09": {
            "month": "2019-09",
            "price": "8.94",
            "revenue": 605356
        },
        "2019-10": {
            "month": "2019-10",
            "price": "9.08",
            "revenue": 750836
        },
        "2019-11": {
            "month": "2019-11",
            "price": "9.95",
            "revenue": 718767
        },
        "2019-12": {
            "month": "2019-12",
            "price": "10.66",
            "revenue": 805647
        },
        "2020-01": {
            "month": "2020-01",
            "price": "10.49",
            "revenue": 376297
        },
        "2020-02": {
            "month": "2020-02",
            "price": "10.05",
            "revenue": 524865
        },
        "2020-03": {
            "month": "2020-03",
            "price": "9.04",
            "revenue": -360668
        },
        "2020-04": {
            "month": "2020-04",
            "price": "9.41",
            "revenue": 936066
        },
        "2020-05": {
            "month": "2020-05",
            "price": "9.89",
            "revenue": 881204
        },
        "2020-06": {
            "month": "2020-06",
            "price": "10.25",
            "revenue": 1100348
        },
        "2020-07": {
            "month": "2020-07",
            "price": "11.37",
            "revenue": 1269198
        },
        "2020-08": {
            "month": "2020-08",
            "price": "11.16",
            "revenue": 1044257
        },
        "2020-09": {
            "month": "2020-09",
            "price": "10.99",
            "revenue": 917820
        },
        "2020-10": {
            "month": "2020-10",
            "price": "10.91",
            "revenue": 762280
        },
        "2020-11": {
            "month": "2020-11",
            "price": "11.45",
            "revenue": 1246052
        },
        "2020-12": {
            "month": "2020-12",
            "price": "12.88",
            "revenue": 1026533
        },
        "2021-01": {
            "month": "2021-01",
            "price": "14.10",
            "revenue": 1096657
        },
        "2021-02": {
            "month": "2021-02",
            "price": "13.97",
            "revenue": 940508
        },
        "2021-03": {
            "month": "2021-03",
            "price": "14.63",
            "revenue": 1137870
        },
        "2021-04": {
            "month": "2021-04",
            "price": "17.44",
            "revenue": 1130686
        },
        "2021-05": {
            "month": "2021-05",
            "price": "17.17",
            "revenue": 898584
        },
        "2021-06": {
            "month": "2021-06",
            "price": "16.87",
            "revenue": 1433766
        },
        "2021-07": {
            "month": "2021-07",
            "price": "17.28",
            "revenue": 1464586
        },
        "2021-08": {
            "month": "2021-08",
            "price": "15.54",
            "revenue": 1054617
        },
        "2021-09": {
            "month": "2021-09",
            "price": "15.38",
            "revenue": 820492
        },
        "2021-10": {
            "month": "2021-10",
            "price": "15.11",
            "revenue": 829446
        },
        "2021-11": {
            "month": "2021-11",
            "price": "16.01",
            "revenue": 1318263
        },
        "2021-12": {
            "month": "2021-12",
            "price": "16.53",
            "revenue": 1156425
        },
        "2022-01": {
            "month": "2022-01",
            "price": "16.78",
            "revenue": 475591
        },
        "2022-02": {
            "month": "2022-02",
            "price": "16.33",
            "revenue": 782597
        },
        "2022-03": {
            "month": "2022-03",
            "price": "16.00",
            "revenue": 789926
        },
        "2022-04": {
            "month": "2022-04",
            "price": "16.12",
            "revenue": 365162
        },
        "2022-05": {
            "month": "2022-05",
            "price": "14.67",
            "revenue": 821352
        },
        "2022-06": {
            "month": "2022-06",
            "price": "14.40",
            "revenue": 269876
        },
        "2022-07": {
            "month": "2022-07",
            "price": "12.12",
            "revenue": 927194
        },
        "2022-08": {
            "month": "2022-08",
            "price": "11.86",
            "revenue": 959265
        },
        "2022-09": {
            "month": "2022-09",
            "price": "11.19",
            "revenue": 407609
        },
        "2022-10": {
            "month": "2022-10",
            "price": "10.17",
            "revenue": 500932
        },
        "2022-11": {
            "month": "2022-11",
            "price": "10.92",
            "revenue": 1084063
        },
        "2022-12": {
            "month": "2022-12",
            "price": "11.31",
            "revenue": 831599
        },
        "2023-01": {
            "month": "2023-01",
            "price": "11.20",
            "revenue": 846609
        },
        "2023-02": {
            "month": "2023-02",
            "price": "11.92",
            "revenue": 912218
        },
        "2023-03": {
            "month": "2023-03",
            "price": "11.99",
            "revenue": 1071892
        },
        "2023-04": {
            "month": "2023-04",
            "price": "13.12",
            "revenue": 764488
        }
    }
}
