{
    "summary": {
        "stock_name": "宏遠證",
        "stock_id": "6015",
        "category": "金融",
        "main_business": "證券經紀、自營、承銷業務<br>期貨經紀、期貨顧問、期貨自營業務",
        "website_url": "http://www.honsec.com.tw",
        "ceo": "林禎民",
        "pe_ratio": 0,
        "report_year_from": 2001,
        "report_year_to": 2023,
        "age": 23,
        "eps_negative_percentage": 36,
        "eps_growth_avg": {
            "last_all": -39.61,
            "last_2y": 0,
            "last_4y": 33.33,
            "last_8y": -20,
            "last_12y": -39.61,
            "last_16y": null,
            "last_20y": null,
            "at_2006_last_3y": null,
            "at_2007_last_3y": null,
            "at_2008_last_3y": null,
            "at_2009_last_3y": null,
            "at_2010_last_3y": null,
            "at_2011_last_3y": null,
            "at_2012_last_3y": null,
            "at_2013_last_3y": null,
            "at_2014_last_3y": -72.29,
            "at_2015_last_3y": -72.29,
            "at_2016_last_3y": -72.29,
            "at_2017_last_3y": -66.1,
            "at_2018_last_3y": -100,
            "at_2019_last_3y": -100,
            "at_2020_last_3y": 0,
            "at_2021_last_3y": 33.33,
            "at_2022_last_3y": 33.33,
            "at_2023_last_3y": 33.33,
            "at_2024_last_3y": 33.33,
            "at_2006_last_all": null,
            "at_2007_last_all": null,
            "at_2008_last_all": null,
            "at_2009_last_all": null,
            "at_2010_last_all": null,
            "at_2011_last_all": null,
            "at_2012_last_all": -100,
            "at_2013_last_all": -92.34,
            "at_2014_last_all": -72.29,
            "at_2015_last_all": -79.22,
            "at_2016_last_all": -79.22,
            "at_2017_last_all": -79.22,
            "at_2018_last_all": -83.38,
            "at_2019_last_all": -83.38,
            "at_2020_last_all": -52.81,
            "at_2021_last_all": -30.98,
            "at_2022_last_all": -39.61,
            "at_2023_last_all": -39.61,
            "at_2024_last_all": -39.61
        },
        "latest_eps": 0,
        "latest_price": 11.95,
        "latest_roe": 0,
        "latest_gross_margin": null,
        "latest_equity": null,
        "latest_revenue": null,
        "latest_gross_profit": null,
        "latest_net_income": null,
        "latest_debt_ratio": null,
        "latest_current_ratio": null,
        "latest_account_receivable_turnover_ratio": null,
        "latest_inventory_turnover_ratio": null,
        "latest_reinvestment_rate": null,
        "latest_research_to_sale_ratio": null
    },
    "eps_dividends": {
        "1994": {
            "cash": 0,
            "stock": 1.2,
            "eps": 0
        },
        "1995": {
            "cash": 0,
            "stock": 1.8,
            "eps": 0
        },
        "1997": {
            "cash": 0,
            "stock": 1.62,
            "eps": 0
        },
        "1998": {
            "cash": 0,
            "stock": 2,
            "eps": 0
        },
        "2001": {
            "cash": 0,
            "stock": 0,
            "eps": 0
        },
        "2002": {
            "cash": 0,
            "stock": 0,
            "eps": 0
        },
        "2003": {
            "cash": 0,
            "stock": 0,
            "eps": 0
        },
        "2004": {
            "cash": 0,
            "stock": 0,
            "eps": 0
        },
        "2005": {
            "cash": 0,
            "stock": 0,
            "eps": 0
        },
        "2006": {
            "cash": 0,
            "stock": 0,
            "eps": 0
        },
        "2007": {
            "cash": 0,
            "stock": 0,
            "eps": 0
        },
        "2008": {
            "cash": 0,
            "stock": 0,
            "eps": 0
        },
        "2009": {
            "cash": 0,
            "stock": 0,
            "eps": 0
        },
        "2010": {
            "cash": 0,
            "stock": 0,
            "eps": 0.03
        },
        "2011": {
            "cash": 0,
            "stock": 0,
            "eps": -1.1
        },
        "2012": {
            "cash": 0,
            "stock": 0,
            "eps": 3.85
        },
        "2013": {
            "cash": 1.23,
            "stock": 0,
            "eps": 0.59
        },
        "2014": {
            "cash": 0.3,
            "stock": 0,
            "eps": 0.4
        },
        "2015": {
            "cash": 0.3,
            "stock": 0,
            "eps": -0.6
        },
        "2016": {
            "cash": 0,
            "stock": 0,
            "eps": -0.4
        },
        "2017": {
            "cash": 0,
            "stock": 0,
            "eps": 0.58
        },
        "2018": {
            "cash": 0.36,
            "stock": 0,
            "eps": -1.21
        },
        "2019": {
            "cash": 0,
            "stock": 0,
            "eps": 0.4
        },
        "2020": {
            "cash": 0.15,
            "stock": 0,
            "eps": 1.27
        },
        "2021": {
            "cash": 0.5,
            "stock": 0,
            "eps": 3.76
        },
        "2022": {
            "cash": 1.8,
            "stock": 0.6,
            "eps": -0.65
        },
        "2023": {
            "cash": 0,
            "stock": 0,
            "eps": 0.39
        },
        "2024": {
            "cash": 0.25,
            "stock": 0,
            "eps": 0
        }
    },
    "dividends": {
        "1994-06-08": {
            "cash": 0,
            "stock": 1.2
        },
        "1995-05-17": {
            "cash": 0,
            "stock": 1.8
        },
        "1997-04-18": {
            "cash": 0,
            "stock": 1.62
        },
        "1998-05-07": {
            "cash": 0,
            "stock": 2
        },
        "2013-05-22": {
            "cash": 1.23,
            "stock": 0
        },
        "2014-05-30": {
            "cash": 0.3,
            "stock": 0
        },
        "2015-08-06": {
            "cash": 0.3,
            "stock": 0
        },
        "2018-07-31": {
            "cash": 0.36,
            "stock": 0
        },
        "2020-09-16": {
            "cash": 0.15,
            "stock": 0
        },
        "2021-07-08": {
            "cash": 0.5,
            "stock": 0
        },
        "2022-08-31": {
            "cash": 1.8,
            "stock": 0.6
        },
        "2024-04-24": {
            "cash": 0.25,
            "stock": 0
        }
    },
    "prices": {
        "200101": "4.02",
        "200102": "5.09",
        "200103": "4.65",
        "200104": "4.78",
        "200105": "4.18",
        "200106": "3.63",
        "200107": "3.08",
        "200108": "3.01",
        "200109": "2.69",
        "200110": "2.56",
        "200111": "2.53",
        "200112": "3.89",
        "200201": "4.08",
        "200202": "3.60",
        "200203": "4.89",
        "200204": "5.85",
        "200205": "4.52",
        "200206": "4.14",
        "200207": "3.82",
        "200208": "3.79",
        "200209": "3.35",
        "200210": "3.06",
        "200211": "3.11",
        "200212": "2.83",
        "200301": "3.48",
        "200302": "3.35",
        "200303": "3.05",
        "200304": "2.90",
        "200305": "2.46",
        "200306": "3.25",
        "200307": "3.67",
        "200308": "3.32",
        "200309": "3.34",
        "200310": "3.47",
        "200311": "3.59",
        "200312": "3.70",
        "200401": "4.67",
        "200402": "8.63",
        "200403": "12.05",
        "200404": "10.36",
        "200405": "6.87",
        "200406": "6.31",
        "200407": "5.29",
        "200408": "4.59",
        "200409": "5.08",
        "200410": "4.82",
        "200411": "4.87",
        "200412": "5.04",
        "200501": "5.22",
        "200502": "5.25",
        "200503": "5.10",
        "200504": "4.73",
        "200505": "4.66",
        "200506": "5.11",
        "200507": "5.46",
        "200508": "5.47",
        "200509": "5.18",
        "200510": "6.28",
        "200511": "5.57",
        "200512": "6.40",
        "200601": "7.37",
        "200602": "6.76",
        "200603": "5.92",
        "200604": "6.37",
        "200605": "7.29",
        "200606": "6.04",
        "200607": "5.80",
        "200608": "5.78",
        "200609": "5.73",
        "200610": "5.99",
        "200611": "6.02",
        "200612": "6.85",
        "200701": "7.63",
        "200702": "7.26",
        "200703": "6.92",
        "200704": "7.16",
        "200705": "6.86",
        "200706": "8.00",
        "200707": "13.94",
        "200708": "14.09",
        "200709": "14.90",
        "200710": "17.60",
        "200711": "15.11",
        "200712": "11.89",
        "200801": "12.82",
        "200802": "13.48",
        "200803": "15.70",
        "200804": "17.68",
        "200805": "15.79",
        "200806": "12.67",
        "200807": "10.36",
        "200808": "10.63",
        "200809": "8.12",
        "200810": "4.78",
        "200811": "5.34",
        "200812": "6.53",
        "200901": "5.85",
        "200902": "5.07",
        "200903": "6.18",
        "200904": "7.44",
        "200905": "8.76",
        "200906": "8.18",
        "200907": "8.02",
        "200908": "7.34",
        "200909": "8.08",
        "200910": "9.45",
        "200911": "8.81",
        "200912": "9.17",
        "201001": "10.96",
        "201002": "8.91",
        "201003": "8.96",
        "201004": "9.15",
        "201005": "7.93",
        "201006": "7.50",
        "201007": "8.06",
        "201008": "8.68",
        "201009": "8.42",
        "201010": "8.53",
        "201011": "8.26",
        "201012": "9.26",
        "201101": "9.73",
        "201102": "8.58",
        "201103": "7.83",
        "201104": "7.93",
        "201105": "8.04",
        "201106": "7.74",
        "201107": "7.49",
        "201108": "6.37",
        "201109": "5.71",
        "201110": "5.29",
        "201111": "5.06",
        "201112": "4.51",
        "201201": "4.52",
        "201202": "6.38",
        "201203": "6.19",
        "201204": "5.03",
        "201205": "4.81",
        "201206": "4.91",
        "201207": "5.28",
        "201208": "6.63",
        "201209": "7.28",
        "201210": "6.86",
        "201211": "6.73",
        "201212": "7.50",
        "201301": "8.25",
        "201302": "8.68",
        "201303": "9.07",
        "201304": "9.16",
        "201305": "10.42",
        "201306": "11.63",
        "201307": "11.19",
        "201308": "8.93",
        "201309": "9.19",
        "201310": "9.17",
        "201311": "8.95",
        "201312": "9.08",
        "201401": "10.55",
        "201402": "9.92",
        "201403": "10.17",
        "201404": "9.70",
        "201405": "9.07",
        "201406": "9.90",
        "201407": "10.53",
        "201408": "9.42",
        "201409": "9.01",
        "201410": "8.35",
        "201411": "8.08",
        "201412": "8.94",
        "201501": "9.09",
        "201502": "9.05",
        "201503": "8.91",
        "201504": "9.00",
        "201505": "8.67",
        "201506": "7.75",
        "201507": "6.56",
        "201508": "5.52",
        "201509": "5.98",
        "201510": "6.28",
        "201511": "6.70",
        "201512": "6.28",
        "201601": "6.14",
        "201602": "6.64",
        "201603": "6.61",
        "201604": "5.90",
        "201605": "5.65",
        "201606": "6.03",
        "201607": "6.17",
        "201608": "6.18",
        "201609": "6.12",
        "201610": "5.80",
        "201611": "5.93",
        "201612": "6.28",
        "201701": "6.42",
        "201702": "7.21",
        "201703": "7.10",
        "201704": "6.87",
        "201705": "6.96",
        "201706": "7.01",
        "201707": "6.71",
        "201708": "6.86",
        "201709": "7.68",
        "201710": "7.91",
        "201711": "7.87",
        "201712": "8.13",
        "201801": "8.22",
        "201802": "7.94",
        "201803": "7.76",
        "201804": "7.60",
        "201805": "7.40",
        "201806": "7.65",
        "201807": "6.97",
        "201808": "6.86",
        "201809": "6.43",
        "201810": "6.35",
        "201811": "6.24",
        "201812": "6.27",
        "201901": "6.29",
        "201902": "6.66",
        "201903": "6.66",
        "201904": "6.72",
        "201905": "6.40",
        "201906": "6.37",
        "201907": "6.33",
        "201908": "6.21",
        "201909": "6.25",
        "201910": "6.29",
        "201911": "6.79",
        "201912": "6.88",
        "202001": "6.81",
        "202002": "6.41",
        "202003": "5.90",
        "202004": "5.73",
        "202005": "6.08",
        "202006": "6.36",
        "202007": "7.90",
        "202008": "8.41",
        "202009": "7.96",
        "202010": "7.14",
        "202011": "7.31",
        "202012": "9.29",
        "202101": "13.39",
        "202102": "11.78",
        "202103": "12.21",
        "202104": "17.79",
        "202105": "21.52",
        "202106": "25.30",
        "202107": "24.13",
        "202108": "20.52",
        "202109": "18.78",
        "202110": "16.02",
        "202111": "16.53",
        "202112": "17.05",
        "202201": "17.54",
        "202202": "16.13",
        "202203": "15.74",
        "202204": "15.92",
        "202205": "15.47",
        "202206": "14.21",
        "202207": "12.98",
        "202208": "11.14",
        "202209": "10.48",
        "202210": "9.72",
        "202211": "10.15",
        "202212": "9.68",
        "202301": "8.79",
        "202302": "9.60",
        "202303": "9.88",
        "202304": "9.87",
        "202305": "9.86",
        "202306": "11.56",
        "202307": "12.05",
        "202308": "11.84",
        "202309": "10.86",
        "202310": "10.21",
        "202311": "10.38",
        "202312": "10.91"
    },
    "quarters": {
        "20011": {
            "year_quarter": 20011,
            "year": 2001,
            "quarter": 1,
            "eps": null,
            "eps_growth_year": null,
            "eps_4q": null,
            "eps_4q_growth_year": null,
            "roe": null,
            "roe_4q": 0,
            "gross_profit": null,
            "gross_margin": null,
            "gross_margin_4q_avg": 0,
            "net_income": null,
            "net_income_4q": null,
            "revenue": null,
            "revenue_4q": null,
            "common_shares": null,
            "book_valuer_per_share": null,
            "book_valuer_per_share_4q_avg": 0,
            "equity": null,
            "current_ratio": null,
            "debt_ratio": null,
            "inventory_turnover_ratio": null,
            "account_receivable_turnover_ratio": null,
            "reinvestment_rate": null,
            "research_to_sale_ratio": null,
            "price_fair": 0,
            "eps_avg_yearly": 0,
            "eps_latest_yearly": 0,
            "eps_growth_yearly": 0
        },
        "20012": {
            "year_quarter": 20012,
            "year": 2001,
            "quarter": 2,
            "eps": null,
            "eps_growth_year": null,
            "eps_4q": null,
            "eps_4q_growth_year": null,
            "roe": null,
            "roe_4q": 0,
            "gross_profit": null,
            "gross_margin": null,
            "gross_margin_4q_avg": 0,
            "net_income": null,
            "net_income_4q": null,
            "revenue": null,
            "revenue_4q": null,
            "common_shares": null,
            "book_valuer_per_share": null,
            "book_valuer_per_share_4q_avg": 0,
            "equity": null,
            "current_ratio": null,
            "debt_ratio": null,
            "inventory_turnover_ratio": null,
            "account_receivable_turnover_ratio": null,
            "reinvestment_rate": null,
            "research_to_sale_ratio": null,
            "price_fair": 0,
            "eps_avg_yearly": 0,
            "eps_latest_yearly": 0,
            "eps_growth_yearly": 0
        },
        "20013": {
            "year_quarter": 20013,
            "year": 2001,
            "quarter": 3,
            "eps": null,
            "eps_growth_year": null,
            "eps_4q": null,
            "eps_4q_growth_year": null,
            "roe": null,
            "roe_4q": 0,
            "gross_profit": null,
            "gross_margin": null,
            "gross_margin_4q_avg": 0,
            "net_income": null,
            "net_income_4q": null,
            "revenue": null,
            "revenue_4q": null,
            "common_shares": null,
            "book_valuer_per_share": null,
            "book_valuer_per_share_4q_avg": 0,
            "equity": null,
            "current_ratio": null,
            "debt_ratio": null,
            "inventory_turnover_ratio": null,
            "account_receivable_turnover_ratio": null,
            "reinvestment_rate": null,
            "research_to_sale_ratio": null,
            "price_fair": 0,
            "eps_avg_yearly": 0,
            "eps_latest_yearly": 0,
            "eps_growth_yearly": 0
        },
        "20014": {
            "year_quarter": 20014,
            "year": 2001,
            "quarter": 4,
            "eps": null,
            "eps_growth_year": null,
            "eps_4q": null,
            "eps_4q_growth_year": null,
            "roe": null,
            "roe_4q": 0,
            "gross_profit": null,
            "gross_margin": null,
            "gross_margin_4q_avg": 0,
            "net_income": null,
            "net_income_4q": null,
            "revenue": null,
            "revenue_4q": null,
            "common_shares": null,
            "book_valuer_per_share": null,
            "book_valuer_per_share_4q_avg": 0,
            "equity": null,
            "current_ratio": null,
            "debt_ratio": null,
            "inventory_turnover_ratio": null,
            "account_receivable_turnover_ratio": null,
            "reinvestment_rate": null,
            "research_to_sale_ratio": null,
            "price_fair": 0,
            "eps_avg_yearly": 0,
            "eps_latest_yearly": 0,
            "eps_growth_yearly": 0
        },
        "20021": {
            "year_quarter": 20021,
            "year": 2002,
            "quarter": 1,
            "eps": null,
            "eps_growth_year": null,
            "eps_4q": null,
            "eps_4q_growth_year": null,
            "roe": null,
            "roe_4q": 0,
            "gross_profit": null,
            "gross_margin": null,
            "gross_margin_4q_avg": 0,
            "net_income": null,
            "net_income_4q": null,
            "revenue": null,
            "revenue_4q": null,
            "common_shares": null,
            "book_valuer_per_share": null,
            "book_valuer_per_share_4q_avg": 0,
            "equity": null,
            "current_ratio": null,
            "debt_ratio": null,
            "inventory_turnover_ratio": null,
            "account_receivable_turnover_ratio": null,
            "reinvestment_rate": null,
            "research_to_sale_ratio": null,
            "price_fair": 0,
            "eps_avg_yearly": 0,
            "eps_latest_yearly": 0,
            "eps_growth_yearly": 0
        },
        "20022": {
            "year_quarter": 20022,
            "year": 2002,
            "quarter": 2,
            "eps": null,
            "eps_growth_year": null,
            "eps_4q": null,
            "eps_4q_growth_year": null,
            "roe": null,
            "roe_4q": 0,
            "gross_profit": null,
            "gross_margin": null,
            "gross_margin_4q_avg": 0,
            "net_income": null,
            "net_income_4q": null,
            "revenue": null,
            "revenue_4q": null,
            "common_shares": null,
            "book_valuer_per_share": null,
            "book_valuer_per_share_4q_avg": 0,
            "equity": null,
            "current_ratio": null,
            "debt_ratio": null,
            "inventory_turnover_ratio": null,
            "account_receivable_turnover_ratio": null,
            "reinvestment_rate": null,
            "research_to_sale_ratio": null,
            "price_fair": 0,
            "eps_avg_yearly": 0,
            "eps_latest_yearly": 0,
            "eps_growth_yearly": 0
        },
        "20023": {
            "year_quarter": 20023,
            "year": 2002,
            "quarter": 3,
            "eps": null,
            "eps_growth_year": null,
            "eps_4q": null,
            "eps_4q_growth_year": null,
            "roe": null,
            "roe_4q": 0,
            "gross_profit": null,
            "gross_margin": null,
            "gross_margin_4q_avg": 0,
            "net_income": null,
            "net_income_4q": null,
            "revenue": null,
            "revenue_4q": null,
            "common_shares": null,
            "book_valuer_per_share": null,
            "book_valuer_per_share_4q_avg": 0,
            "equity": null,
            "current_ratio": null,
            "debt_ratio": null,
            "inventory_turnover_ratio": null,
            "account_receivable_turnover_ratio": null,
            "reinvestment_rate": null,
            "research_to_sale_ratio": null,
            "price_fair": 0,
            "eps_avg_yearly": 0,
            "eps_latest_yearly": 0,
            "eps_growth_yearly": 0
        },
        "20024": {
            "year_quarter": 20024,
            "year": 2002,
            "quarter": 4,
            "eps": null,
            "eps_growth_year": null,
            "eps_4q": null,
            "eps_4q_growth_year": null,
            "roe": null,
            "roe_4q": 0,
            "gross_profit": null,
            "gross_margin": null,
            "gross_margin_4q_avg": 0,
            "net_income": null,
            "net_income_4q": null,
            "revenue": null,
            "revenue_4q": null,
            "common_shares": null,
            "book_valuer_per_share": null,
            "book_valuer_per_share_4q_avg": 0,
            "equity": null,
            "current_ratio": null,
            "debt_ratio": null,
            "inventory_turnover_ratio": null,
            "account_receivable_turnover_ratio": null,
            "reinvestment_rate": null,
            "research_to_sale_ratio": null,
            "price_fair": 0,
            "eps_avg_yearly": 0,
            "eps_latest_yearly": 0,
            "eps_growth_yearly": 0
        },
        "20031": {
            "year_quarter": 20031,
            "year": 2003,
            "quarter": 1,
            "eps": null,
            "eps_growth_year": null,
            "eps_4q": null,
            "eps_4q_growth_year": null,
            "roe": null,
            "roe_4q": 0,
            "gross_profit": null,
            "gross_margin": null,
            "gross_margin_4q_avg": 0,
            "net_income": null,
            "net_income_4q": null,
            "revenue": null,
            "revenue_4q": null,
            "common_shares": null,
            "book_valuer_per_share": null,
            "book_valuer_per_share_4q_avg": 0,
            "equity": null,
            "current_ratio": null,
            "debt_ratio": null,
            "inventory_turnover_ratio": null,
            "account_receivable_turnover_ratio": null,
            "reinvestment_rate": null,
            "research_to_sale_ratio": null,
            "price_fair": 0,
            "eps_avg_yearly": 0,
            "eps_latest_yearly": 0,
            "eps_growth_yearly": 0
        },
        "20032": {
            "year_quarter": 20032,
            "year": 2003,
            "quarter": 2,
            "eps": null,
            "eps_growth_year": null,
            "eps_4q": null,
            "eps_4q_growth_year": null,
            "roe": null,
            "roe_4q": 0,
            "gross_profit": null,
            "gross_margin": null,
            "gross_margin_4q_avg": 0,
            "net_income": null,
            "net_income_4q": null,
            "revenue": null,
            "revenue_4q": null,
            "common_shares": null,
            "book_valuer_per_share": null,
            "book_valuer_per_share_4q_avg": 0,
            "equity": null,
            "current_ratio": null,
            "debt_ratio": null,
            "inventory_turnover_ratio": null,
            "account_receivable_turnover_ratio": null,
            "reinvestment_rate": null,
            "research_to_sale_ratio": null,
            "price_fair": 0,
            "eps_avg_yearly": 0,
            "eps_latest_yearly": 0,
            "eps_growth_yearly": 0
        },
        "20033": {
            "year_quarter": 20033,
            "year": 2003,
            "quarter": 3,
            "eps": null,
            "eps_growth_year": null,
            "eps_4q": null,
            "eps_4q_growth_year": null,
            "roe": null,
            "roe_4q": 0,
            "gross_profit": null,
            "gross_margin": null,
            "gross_margin_4q_avg": 0,
            "net_income": null,
            "net_income_4q": null,
            "revenue": null,
            "revenue_4q": null,
            "common_shares": null,
            "book_valuer_per_share": null,
            "book_valuer_per_share_4q_avg": 0,
            "equity": null,
            "current_ratio": null,
            "debt_ratio": null,
            "inventory_turnover_ratio": null,
            "account_receivable_turnover_ratio": null,
            "reinvestment_rate": null,
            "research_to_sale_ratio": null,
            "price_fair": 0,
            "eps_avg_yearly": 0,
            "eps_latest_yearly": 0,
            "eps_growth_yearly": 0
        },
        "20034": {
            "year_quarter": 20034,
            "year": 2003,
            "quarter": 4,
            "eps": null,
            "eps_growth_year": null,
            "eps_4q": null,
            "eps_4q_growth_year": null,
            "roe": null,
            "roe_4q": 0,
            "gross_profit": null,
            "gross_margin": null,
            "gross_margin_4q_avg": 0,
            "net_income": null,
            "net_income_4q": null,
            "revenue": null,
            "revenue_4q": null,
            "common_shares": null,
            "book_valuer_per_share": null,
            "book_valuer_per_share_4q_avg": 0,
            "equity": null,
            "current_ratio": null,
            "debt_ratio": null,
            "inventory_turnover_ratio": null,
            "account_receivable_turnover_ratio": null,
            "reinvestment_rate": null,
            "research_to_sale_ratio": null,
            "price_fair": 0,
            "eps_avg_yearly": 0,
            "eps_latest_yearly": 0,
            "eps_growth_yearly": 0
        },
        "20041": {
            "year_quarter": 20041,
            "year": 2004,
            "quarter": 1,
            "eps": null,
            "eps_growth_year": null,
            "eps_4q": null,
            "eps_4q_growth_year": null,
            "roe": null,
            "roe_4q": 0,
            "gross_profit": null,
            "gross_margin": null,
            "gross_margin_4q_avg": 0,
            "net_income": null,
            "net_income_4q": null,
            "revenue": null,
            "revenue_4q": null,
            "common_shares": null,
            "book_valuer_per_share": null,
            "book_valuer_per_share_4q_avg": 0,
            "equity": null,
            "current_ratio": null,
            "debt_ratio": null,
            "inventory_turnover_ratio": null,
            "account_receivable_turnover_ratio": null,
            "reinvestment_rate": null,
            "research_to_sale_ratio": null,
            "price_fair": 0,
            "eps_avg_yearly": 0,
            "eps_latest_yearly": 0,
            "eps_growth_yearly": 0
        },
        "20042": {
            "year_quarter": 20042,
            "year": 2004,
            "quarter": 2,
            "eps": null,
            "eps_growth_year": null,
            "eps_4q": null,
            "eps_4q_growth_year": null,
            "roe": null,
            "roe_4q": 0,
            "gross_profit": null,
            "gross_margin": null,
            "gross_margin_4q_avg": 0,
            "net_income": null,
            "net_income_4q": null,
            "revenue": null,
            "revenue_4q": null,
            "common_shares": null,
            "book_valuer_per_share": null,
            "book_valuer_per_share_4q_avg": 0,
            "equity": null,
            "current_ratio": null,
            "debt_ratio": null,
            "inventory_turnover_ratio": null,
            "account_receivable_turnover_ratio": null,
            "reinvestment_rate": null,
            "research_to_sale_ratio": null,
            "price_fair": 0,
            "eps_avg_yearly": 0,
            "eps_latest_yearly": 0,
            "eps_growth_yearly": 0
        },
        "20043": {
            "year_quarter": 20043,
            "year": 2004,
            "quarter": 3,
            "eps": null,
            "eps_growth_year": null,
            "eps_4q": null,
            "eps_4q_growth_year": null,
            "roe": null,
            "roe_4q": 0,
            "gross_profit": null,
            "gross_margin": null,
            "gross_margin_4q_avg": 0,
            "net_income": null,
            "net_income_4q": null,
            "revenue": null,
            "revenue_4q": null,
            "common_shares": null,
            "book_valuer_per_share": null,
            "book_valuer_per_share_4q_avg": 0,
            "equity": null,
            "current_ratio": null,
            "debt_ratio": null,
            "inventory_turnover_ratio": null,
            "account_receivable_turnover_ratio": null,
            "reinvestment_rate": null,
            "research_to_sale_ratio": null,
            "price_fair": 0,
            "eps_avg_yearly": 0,
            "eps_latest_yearly": 0,
            "eps_growth_yearly": 0
        },
        "20044": {
            "year_quarter": 20044,
            "year": 2004,
            "quarter": 4,
            "eps": null,
            "eps_growth_year": null,
            "eps_4q": null,
            "eps_4q_growth_year": null,
            "roe": null,
            "roe_4q": 0,
            "gross_profit": null,
            "gross_margin": null,
            "gross_margin_4q_avg": 0,
            "net_income": null,
            "net_income_4q": null,
            "revenue": null,
            "revenue_4q": null,
            "common_shares": null,
            "book_valuer_per_share": null,
            "book_valuer_per_share_4q_avg": 0,
            "equity": null,
            "current_ratio": null,
            "debt_ratio": null,
            "inventory_turnover_ratio": null,
            "account_receivable_turnover_ratio": null,
            "reinvestment_rate": null,
            "research_to_sale_ratio": null,
            "price_fair": 0,
            "eps_avg_yearly": 0,
            "eps_latest_yearly": 0,
            "eps_growth_yearly": 0
        },
        "20051": {
            "year_quarter": 20051,
            "year": 2005,
            "quarter": 1,
            "eps": null,
            "eps_growth_year": null,
            "eps_4q": null,
            "eps_4q_growth_year": null,
            "roe": null,
            "roe_4q": 0,
            "gross_profit": null,
            "gross_margin": null,
            "gross_margin_4q_avg": 0,
            "net_income": null,
            "net_income_4q": null,
            "revenue": null,
            "revenue_4q": null,
            "common_shares": null,
            "book_valuer_per_share": null,
            "book_valuer_per_share_4q_avg": 0,
            "equity": null,
            "current_ratio": null,
            "debt_ratio": null,
            "inventory_turnover_ratio": null,
            "account_receivable_turnover_ratio": null,
            "reinvestment_rate": null,
            "research_to_sale_ratio": null,
            "price_fair": 0,
            "eps_avg_yearly": 0,
            "eps_latest_yearly": 0,
            "eps_growth_yearly": 0
        },
        "20052": {
            "year_quarter": 20052,
            "year": 2005,
            "quarter": 2,
            "eps": null,
            "eps_growth_year": null,
            "eps_4q": null,
            "eps_4q_growth_year": null,
            "roe": null,
            "roe_4q": 0,
            "gross_profit": null,
            "gross_margin": null,
            "gross_margin_4q_avg": 0,
            "net_income": null,
            "net_income_4q": null,
            "revenue": null,
            "revenue_4q": null,
            "common_shares": null,
            "book_valuer_per_share": null,
            "book_valuer_per_share_4q_avg": 0,
            "equity": null,
            "current_ratio": null,
            "debt_ratio": null,
            "inventory_turnover_ratio": null,
            "account_receivable_turnover_ratio": null,
            "reinvestment_rate": null,
            "research_to_sale_ratio": null,
            "price_fair": 0,
            "eps_avg_yearly": 0,
            "eps_latest_yearly": 0,
            "eps_growth_yearly": 0
        },
        "20053": {
            "year_quarter": 20053,
            "year": 2005,
            "quarter": 3,
            "eps": null,
            "eps_growth_year": null,
            "eps_4q": null,
            "eps_4q_growth_year": null,
            "roe": null,
            "roe_4q": 0,
            "gross_profit": null,
            "gross_margin": null,
            "gross_margin_4q_avg": 0,
            "net_income": null,
            "net_income_4q": null,
            "revenue": null,
            "revenue_4q": null,
            "common_shares": null,
            "book_valuer_per_share": null,
            "book_valuer_per_share_4q_avg": 0,
            "equity": null,
            "current_ratio": null,
            "debt_ratio": null,
            "inventory_turnover_ratio": null,
            "account_receivable_turnover_ratio": null,
            "reinvestment_rate": null,
            "research_to_sale_ratio": null,
            "price_fair": 0,
            "eps_avg_yearly": 0,
            "eps_latest_yearly": 0,
            "eps_growth_yearly": 0
        },
        "20054": {
            "year_quarter": 20054,
            "year": 2005,
            "quarter": 4,
            "eps": null,
            "eps_growth_year": null,
            "eps_4q": null,
            "eps_4q_growth_year": null,
            "roe": null,
            "roe_4q": 0,
            "gross_profit": null,
            "gross_margin": null,
            "gross_margin_4q_avg": 0,
            "net_income": null,
            "net_income_4q": null,
            "revenue": null,
            "revenue_4q": null,
            "common_shares": null,
            "book_valuer_per_share": null,
            "book_valuer_per_share_4q_avg": 0,
            "equity": null,
            "current_ratio": null,
            "debt_ratio": null,
            "inventory_turnover_ratio": null,
            "account_receivable_turnover_ratio": null,
            "reinvestment_rate": null,
            "research_to_sale_ratio": null,
            "price_fair": 0,
            "eps_avg_yearly": 0,
            "eps_latest_yearly": 0,
            "eps_growth_yearly": 0
        },
        "20061": {
            "year_quarter": 20061,
            "year": 2006,
            "quarter": 1,
            "eps": null,
            "eps_growth_year": null,
            "eps_4q": null,
            "eps_4q_growth_year": null,
            "roe": null,
            "roe_4q": 0,
            "gross_profit": null,
            "gross_margin": null,
            "gross_margin_4q_avg": 0,
            "net_income": null,
            "net_income_4q": null,
            "revenue": null,
            "revenue_4q": null,
            "common_shares": null,
            "book_valuer_per_share": null,
            "book_valuer_per_share_4q_avg": 0,
            "equity": null,
            "current_ratio": null,
            "debt_ratio": null,
            "inventory_turnover_ratio": null,
            "account_receivable_turnover_ratio": null,
            "reinvestment_rate": null,
            "research_to_sale_ratio": null,
            "price_fair": 0,
            "eps_avg_yearly": 0,
            "eps_latest_yearly": 0,
            "eps_growth_yearly": 0
        },
        "20062": {
            "year_quarter": 20062,
            "year": 2006,
            "quarter": 2,
            "eps": null,
            "eps_growth_year": null,
            "eps_4q": null,
            "eps_4q_growth_year": null,
            "roe": null,
            "roe_4q": 0,
            "gross_profit": null,
            "gross_margin": null,
            "gross_margin_4q_avg": 0,
            "net_income": null,
            "net_income_4q": null,
            "revenue": null,
            "revenue_4q": null,
            "common_shares": null,
            "book_valuer_per_share": null,
            "book_valuer_per_share_4q_avg": 0,
            "equity": null,
            "current_ratio": null,
            "debt_ratio": null,
            "inventory_turnover_ratio": null,
            "account_receivable_turnover_ratio": null,
            "reinvestment_rate": null,
            "research_to_sale_ratio": null,
            "price_fair": 0,
            "eps_avg_yearly": 0,
            "eps_latest_yearly": 0,
            "eps_growth_yearly": 0
        },
        "20063": {
            "year_quarter": 20063,
            "year": 2006,
            "quarter": 3,
            "eps": null,
            "eps_growth_year": null,
            "eps_4q": null,
            "eps_4q_growth_year": null,
            "roe": null,
            "roe_4q": 0,
            "gross_profit": null,
            "gross_margin": null,
            "gross_margin_4q_avg": 0,
            "net_income": null,
            "net_income_4q": null,
            "revenue": null,
            "revenue_4q": null,
            "common_shares": null,
            "book_valuer_per_share": null,
            "book_valuer_per_share_4q_avg": 0,
            "equity": null,
            "current_ratio": null,
            "debt_ratio": null,
            "inventory_turnover_ratio": null,
            "account_receivable_turnover_ratio": null,
            "reinvestment_rate": null,
            "research_to_sale_ratio": null,
            "price_fair": 0,
            "eps_avg_yearly": 0,
            "eps_latest_yearly": 0,
            "eps_growth_yearly": 0
        },
        "20064": {
            "year_quarter": 20064,
            "year": 2006,
            "quarter": 4,
            "eps": null,
            "eps_growth_year": null,
            "eps_4q": null,
            "eps_4q_growth_year": null,
            "roe": null,
            "roe_4q": 0,
            "gross_profit": null,
            "gross_margin": null,
            "gross_margin_4q_avg": 0,
            "net_income": null,
            "net_income_4q": null,
            "revenue": null,
            "revenue_4q": null,
            "common_shares": null,
            "book_valuer_per_share": null,
            "book_valuer_per_share_4q_avg": 0,
            "equity": null,
            "current_ratio": null,
            "debt_ratio": null,
            "inventory_turnover_ratio": null,
            "account_receivable_turnover_ratio": null,
            "reinvestment_rate": null,
            "research_to_sale_ratio": null,
            "price_fair": 0,
            "eps_avg_yearly": 0,
            "eps_latest_yearly": 0,
            "eps_growth_yearly": 0
        },
        "20071": {
            "year_quarter": 20071,
            "year": 2007,
            "quarter": 1,
            "eps": null,
            "eps_growth_year": null,
            "eps_4q": null,
            "eps_4q_growth_year": null,
            "roe": null,
            "roe_4q": 0,
            "gross_profit": null,
            "gross_margin": null,
            "gross_margin_4q_avg": 0,
            "net_income": null,
            "net_income_4q": null,
            "revenue": null,
            "revenue_4q": null,
            "common_shares": null,
            "book_valuer_per_share": null,
            "book_valuer_per_share_4q_avg": 0,
            "equity": null,
            "current_ratio": null,
            "debt_ratio": null,
            "inventory_turnover_ratio": null,
            "account_receivable_turnover_ratio": null,
            "reinvestment_rate": null,
            "research_to_sale_ratio": null,
            "price_fair": 0,
            "eps_avg_yearly": 0,
            "eps_latest_yearly": 0,
            "eps_growth_yearly": 0
        },
        "20072": {
            "year_quarter": 20072,
            "year": 2007,
            "quarter": 2,
            "eps": null,
            "eps_growth_year": null,
            "eps_4q": null,
            "eps_4q_growth_year": null,
            "roe": null,
            "roe_4q": 0,
            "gross_profit": null,
            "gross_margin": null,
            "gross_margin_4q_avg": 0,
            "net_income": null,
            "net_income_4q": null,
            "revenue": null,
            "revenue_4q": null,
            "common_shares": null,
            "book_valuer_per_share": null,
            "book_valuer_per_share_4q_avg": 0,
            "equity": null,
            "current_ratio": null,
            "debt_ratio": null,
            "inventory_turnover_ratio": null,
            "account_receivable_turnover_ratio": null,
            "reinvestment_rate": null,
            "research_to_sale_ratio": null,
            "price_fair": 0,
            "eps_avg_yearly": 0,
            "eps_latest_yearly": 0,
            "eps_growth_yearly": 0
        },
        "20073": {
            "year_quarter": 20073,
            "year": 2007,
            "quarter": 3,
            "eps": null,
            "eps_growth_year": null,
            "eps_4q": null,
            "eps_4q_growth_year": null,
            "roe": null,
            "roe_4q": 0,
            "gross_profit": null,
            "gross_margin": null,
            "gross_margin_4q_avg": 0,
            "net_income": null,
            "net_income_4q": null,
            "revenue": null,
            "revenue_4q": null,
            "common_shares": null,
            "book_valuer_per_share": null,
            "book_valuer_per_share_4q_avg": 0,
            "equity": null,
            "current_ratio": null,
            "debt_ratio": null,
            "inventory_turnover_ratio": null,
            "account_receivable_turnover_ratio": null,
            "reinvestment_rate": null,
            "research_to_sale_ratio": null,
            "price_fair": 0,
            "eps_avg_yearly": 0,
            "eps_latest_yearly": 0,
            "eps_growth_yearly": 0
        },
        "20074": {
            "year_quarter": 20074,
            "year": 2007,
            "quarter": 4,
            "eps": null,
            "eps_growth_year": null,
            "eps_4q": null,
            "eps_4q_growth_year": null,
            "roe": null,
            "roe_4q": 0,
            "gross_profit": null,
            "gross_margin": null,
            "gross_margin_4q_avg": 0,
            "net_income": null,
            "net_income_4q": null,
            "revenue": null,
            "revenue_4q": null,
            "common_shares": null,
            "book_valuer_per_share": null,
            "book_valuer_per_share_4q_avg": 0,
            "equity": null,
            "current_ratio": null,
            "debt_ratio": null,
            "inventory_turnover_ratio": null,
            "account_receivable_turnover_ratio": null,
            "reinvestment_rate": null,
            "research_to_sale_ratio": null,
            "price_fair": 0,
            "eps_avg_yearly": 0,
            "eps_latest_yearly": 0,
            "eps_growth_yearly": 0
        },
        "20081": {
            "year_quarter": 20081,
            "year": 2008,
            "quarter": 1,
            "eps": null,
            "eps_growth_year": null,
            "eps_4q": null,
            "eps_4q_growth_year": null,
            "roe": null,
            "roe_4q": 0,
            "gross_profit": null,
            "gross_margin": null,
            "gross_margin_4q_avg": 0,
            "net_income": null,
            "net_income_4q": null,
            "revenue": null,
            "revenue_4q": null,
            "common_shares": null,
            "book_valuer_per_share": null,
            "book_valuer_per_share_4q_avg": 0,
            "equity": null,
            "current_ratio": null,
            "debt_ratio": null,
            "inventory_turnover_ratio": null,
            "account_receivable_turnover_ratio": null,
            "reinvestment_rate": null,
            "research_to_sale_ratio": null,
            "price_fair": 0,
            "eps_avg_yearly": 0,
            "eps_latest_yearly": 0,
            "eps_growth_yearly": 0
        },
        "20082": {
            "year_quarter": 20082,
            "year": 2008,
            "quarter": 2,
            "eps": null,
            "eps_growth_year": null,
            "eps_4q": null,
            "eps_4q_growth_year": null,
            "roe": null,
            "roe_4q": 0,
            "gross_profit": null,
            "gross_margin": null,
            "gross_margin_4q_avg": 0,
            "net_income": null,
            "net_income_4q": null,
            "revenue": null,
            "revenue_4q": null,
            "common_shares": null,
            "book_valuer_per_share": null,
            "book_valuer_per_share_4q_avg": 0,
            "equity": null,
            "current_ratio": null,
            "debt_ratio": null,
            "inventory_turnover_ratio": null,
            "account_receivable_turnover_ratio": null,
            "reinvestment_rate": null,
            "research_to_sale_ratio": null,
            "price_fair": 0,
            "eps_avg_yearly": 0,
            "eps_latest_yearly": 0,
            "eps_growth_yearly": 0
        },
        "20083": {
            "year_quarter": 20083,
            "year": 2008,
            "quarter": 3,
            "eps": null,
            "eps_growth_year": null,
            "eps_4q": null,
            "eps_4q_growth_year": null,
            "roe": null,
            "roe_4q": 0,
            "gross_profit": null,
            "gross_margin": null,
            "gross_margin_4q_avg": 0,
            "net_income": null,
            "net_income_4q": null,
            "revenue": null,
            "revenue_4q": null,
            "common_shares": null,
            "book_valuer_per_share": null,
            "book_valuer_per_share_4q_avg": 0,
            "equity": null,
            "current_ratio": null,
            "debt_ratio": null,
            "inventory_turnover_ratio": null,
            "account_receivable_turnover_ratio": null,
            "reinvestment_rate": null,
            "research_to_sale_ratio": null,
            "price_fair": 0,
            "eps_avg_yearly": 0,
            "eps_latest_yearly": 0,
            "eps_growth_yearly": 0
        },
        "20084": {
            "year_quarter": 20084,
            "year": 2008,
            "quarter": 4,
            "eps": null,
            "eps_growth_year": null,
            "eps_4q": null,
            "eps_4q_growth_year": null,
            "roe": null,
            "roe_4q": 0,
            "gross_profit": null,
            "gross_margin": null,
            "gross_margin_4q_avg": 0,
            "net_income": null,
            "net_income_4q": null,
            "revenue": null,
            "revenue_4q": null,
            "common_shares": 4299000,
            "book_valuer_per_share": null,
            "book_valuer_per_share_4q_avg": 0,
            "equity": 3635188,
            "current_ratio": null,
            "debt_ratio": null,
            "inventory_turnover_ratio": null,
            "account_receivable_turnover_ratio": null,
            "reinvestment_rate": null,
            "research_to_sale_ratio": null,
            "price_fair": 0,
            "eps_avg_yearly": 0,
            "eps_latest_yearly": 0,
            "eps_growth_yearly": 0
        },
        "20091": {
            "year_quarter": 20091,
            "year": 2009,
            "quarter": 1,
            "eps": null,
            "eps_growth_year": null,
            "eps_4q": null,
            "eps_4q_growth_year": null,
            "roe": null,
            "roe_4q": 0,
            "gross_profit": null,
            "gross_margin": null,
            "gross_margin_4q_avg": 0,
            "net_income": -36512,
            "net_income_4q": null,
            "revenue": 422403,
            "revenue_4q": null,
            "common_shares": 4299000,
            "book_valuer_per_share": null,
            "book_valuer_per_share_4q_avg": 0,
            "equity": 3682447,
            "current_ratio": null,
            "debt_ratio": null,
            "inventory_turnover_ratio": null,
            "account_receivable_turnover_ratio": null,
            "reinvestment_rate": null,
            "research_to_sale_ratio": null,
            "price_fair": 0,
            "eps_avg_yearly": 0,
            "eps_latest_yearly": 0,
            "eps_growth_yearly": 0
        },
        "20092": {
            "year_quarter": 20092,
            "year": 2009,
            "quarter": 2,
            "eps": null,
            "eps_growth_year": null,
            "eps_4q": null,
            "eps_4q_growth_year": null,
            "roe": null,
            "roe_4q": 0,
            "gross_profit": null,
            "gross_margin": null,
            "gross_margin_4q_avg": 0,
            "net_income": -8121,
            "net_income_4q": null,
            "revenue": 509628,
            "revenue_4q": null,
            "common_shares": 4299000,
            "book_valuer_per_share": null,
            "book_valuer_per_share_4q_avg": 0,
            "equity": 3681991,
            "current_ratio": null,
            "debt_ratio": null,
            "inventory_turnover_ratio": null,
            "account_receivable_turnover_ratio": null,
            "reinvestment_rate": null,
            "research_to_sale_ratio": null,
            "price_fair": 0,
            "eps_avg_yearly": 0,
            "eps_latest_yearly": 0,
            "eps_growth_yearly": 0
        },
        "20093": {
            "year_quarter": 20093,
            "year": 2009,
            "quarter": 3,
            "eps": null,
            "eps_growth_year": null,
            "eps_4q": null,
            "eps_4q_growth_year": null,
            "roe": null,
            "roe_4q": 0,
            "gross_profit": null,
            "gross_margin": null,
            "gross_margin_4q_avg": 0,
            "net_income": 147723,
            "net_income_4q": null,
            "revenue": 381152,
            "revenue_4q": null,
            "common_shares": 4299000,
            "book_valuer_per_share": null,
            "book_valuer_per_share_4q_avg": 0,
            "equity": 3828838,
            "current_ratio": null,
            "debt_ratio": null,
            "inventory_turnover_ratio": null,
            "account_receivable_turnover_ratio": null,
            "reinvestment_rate": null,
            "research_to_sale_ratio": null,
            "price_fair": 0,
            "eps_avg_yearly": 0,
            "eps_latest_yearly": 0,
            "eps_growth_yearly": 0
        },
        "20094": {
            "year_quarter": 20094,
            "year": 2009,
            "quarter": 4,
            "eps": null,
            "eps_growth_year": null,
            "eps_4q": null,
            "eps_4q_growth_year": null,
            "roe": null,
            "roe_4q": 0,
            "gross_profit": null,
            "gross_margin": null,
            "gross_margin_4q_avg": 0,
            "net_income": 169685,
            "net_income_4q": null,
            "revenue": 515381,
            "revenue_4q": null,
            "common_shares": 4299000,
            "book_valuer_per_share": 9.29,
            "book_valuer_per_share_4q_avg": 2.32,
            "equity": 3993477,
            "current_ratio": 128.75,
            "debt_ratio": 59.89,
            "inventory_turnover_ratio": null,
            "account_receivable_turnover_ratio": null,
            "reinvestment_rate": null,
            "research_to_sale_ratio": null,
            "price_fair": 0,
            "eps_avg_yearly": 0,
            "eps_latest_yearly": 0,
            "eps_growth_yearly": 0
        },
        "20101": {
            "year_quarter": 20101,
            "year": 2010,
            "quarter": 1,
            "eps": -0.09,
            "eps_growth_year": null,
            "eps_4q": -0.09,
            "eps_4q_growth_year": null,
            "roe": -0.95,
            "roe_4q": -0.95,
            "gross_profit": null,
            "gross_margin": null,
            "gross_margin_4q_avg": 0,
            "net_income": -39140,
            "net_income_4q": null,
            "revenue": 303788,
            "revenue_4q": null,
            "common_shares": 4568388,
            "book_valuer_per_share": 9.25,
            "book_valuer_per_share_4q_avg": 4.64,
            "equity": 4227266,
            "current_ratio": 133.95,
            "debt_ratio": 57.2,
            "inventory_turnover_ratio": null,
            "account_receivable_turnover_ratio": 2.28,
            "reinvestment_rate": null,
            "research_to_sale_ratio": null,
            "price_fair": 0,
            "eps_avg_yearly": 0,
            "eps_latest_yearly": 0,
            "eps_growth_yearly": 0
        },
        "20102": {
            "year_quarter": 20102,
            "year": 2010,
            "quarter": 2,
            "eps": -0.2,
            "eps_growth_year": null,
            "eps_4q": -0.28,
            "eps_4q_growth_year": null,
            "roe": -2.16,
            "roe_4q": -3.1100000000000003,
            "gross_profit": null,
            "gross_margin": null,
            "gross_margin_4q_avg": 0,
            "net_income": -89311,
            "net_income_4q": null,
            "revenue": 256925,
            "revenue_4q": null,
            "common_shares": 4568388,
            "book_valuer_per_share": 8.85,
            "book_valuer_per_share_4q_avg": 6.85,
            "equity": 4042897,
            "current_ratio": 143.9,
            "debt_ratio": 50.54,
            "inventory_turnover_ratio": null,
            "account_receivable_turnover_ratio": 1.68,
            "reinvestment_rate": null,
            "research_to_sale_ratio": null,
            "price_fair": 0,
            "eps_avg_yearly": 0,
            "eps_latest_yearly": 0,
            "eps_growth_yearly": 0
        },
        "20103": {
            "year_quarter": 20103,
            "year": 2010,
            "quarter": 3,
            "eps": 0.25,
            "eps_growth_year": null,
            "eps_4q": -0.04,
            "eps_4q_growth_year": null,
            "roe": 2.72,
            "roe_4q": -0.3899999999999999,
            "gross_profit": null,
            "gross_margin": null,
            "gross_margin_4q_avg": 0,
            "net_income": 112126,
            "net_income_4q": null,
            "revenue": 306695,
            "revenue_4q": null,
            "common_shares": 4568388,
            "book_valuer_per_share": 9.21,
            "book_valuer_per_share_4q_avg": 9.15,
            "equity": 4205346,
            "current_ratio": 138.9,
            "debt_ratio": 54.75,
            "inventory_turnover_ratio": null,
            "account_receivable_turnover_ratio": 1.75,
            "reinvestment_rate": null,
            "research_to_sale_ratio": null,
            "price_fair": 0,
            "eps_avg_yearly": 0,
            "eps_latest_yearly": 0,
            "eps_growth_yearly": 0
        },
        "20104": {
            "year_quarter": 20104,
            "year": 2010,
            "quarter": 4,
            "eps": 0.07,
            "eps_growth_year": null,
            "eps_4q": 0.03,
            "eps_4q_growth_year": null,
            "roe": 0.73,
            "roe_4q": 0.3400000000000001,
            "gross_profit": null,
            "gross_margin": null,
            "gross_margin_4q_avg": 0,
            "net_income": 30716,
            "net_income_4q": null,
            "revenue": 338283,
            "revenue_4q": null,
            "common_shares": 4568388,
            "book_valuer_per_share": 9.21,
            "book_valuer_per_share_4q_avg": 9.13,
            "equity": 4207253,
            "current_ratio": 139.22,
            "debt_ratio": 54.63,
            "inventory_turnover_ratio": null,
            "account_receivable_turnover_ratio": 2,
            "reinvestment_rate": null,
            "research_to_sale_ratio": null,
            "price_fair": 0.84,
            "eps_avg_yearly": 0.28,
            "eps_latest_yearly": 0.28,
            "eps_growth_yearly": -288
        },
        "20111": {
            "year_quarter": 20111,
            "year": 2011,
            "quarter": 1,
            "eps": -0.03,
            "eps_growth_year": null,
            "eps_4q": 0.09,
            "eps_4q_growth_year": null,
            "roe": -0.3,
            "roe_4q": 0.9900000000000002,
            "gross_profit": null,
            "gross_margin": null,
            "gross_margin_4q_avg": 0,
            "net_income": -13000,
            "net_income_4q": null,
            "revenue": 296629,
            "revenue_4q": null,
            "common_shares": 4568388,
            "book_valuer_per_share": 9.6,
            "book_valuer_per_share_4q_avg": 9.22,
            "equity": 4384901,
            "current_ratio": 132.89,
            "debt_ratio": 57.28,
            "inventory_turnover_ratio": null,
            "account_receivable_turnover_ratio": 2.67,
            "reinvestment_rate": null,
            "research_to_sale_ratio": null,
            "price_fair": 0.84,
            "eps_avg_yearly": 0.28,
            "eps_latest_yearly": 0.28,
            "eps_growth_yearly": -288
        },
        "20112": {
            "year_quarter": 20112,
            "year": 2011,
            "quarter": 2,
            "eps": -0.4,
            "eps_growth_year": null,
            "eps_4q": -0.12,
            "eps_4q_growth_year": null,
            "roe": -4.28,
            "roe_4q": -1.13,
            "gross_profit": null,
            "gross_margin": null,
            "gross_margin_4q_avg": 0,
            "net_income": -183523,
            "net_income_4q": null,
            "revenue": 180668,
            "revenue_4q": null,
            "common_shares": 4568388,
            "book_valuer_per_share": 9.19,
            "book_valuer_per_share_4q_avg": 9.3,
            "equity": 4198300,
            "current_ratio": 126.64,
            "debt_ratio": 60.52,
            "inventory_turnover_ratio": null,
            "account_receivable_turnover_ratio": 2.19,
            "reinvestment_rate": null,
            "research_to_sale_ratio": null,
            "price_fair": 0.84,
            "eps_avg_yearly": 0.28,
            "eps_latest_yearly": 0.28,
            "eps_growth_yearly": -288
        },
        "20113": {
            "year_quarter": 20113,
            "year": 2011,
            "quarter": 3,
            "eps": -0.46,
            "eps_growth_year": -286.77,
            "eps_4q": -0.82,
            "eps_4q_growth_year": null,
            "roe": -5.16,
            "roe_4q": -9.010000000000002,
            "gross_profit": null,
            "gross_margin": null,
            "gross_margin_4q_avg": 0,
            "net_income": -209421,
            "net_income_4q": null,
            "revenue": 239607,
            "revenue_4q": null,
            "common_shares": 4568388,
            "book_valuer_per_share": 8.56,
            "book_valuer_per_share_4q_avg": 9.14,
            "equity": 3912252,
            "current_ratio": 124.6,
            "debt_ratio": 60.27,
            "inventory_turnover_ratio": null,
            "account_receivable_turnover_ratio": 3.11,
            "reinvestment_rate": null,
            "research_to_sale_ratio": null,
            "price_fair": 0.84,
            "eps_avg_yearly": 0.28,
            "eps_latest_yearly": 0.28,
            "eps_growth_yearly": -288
        },
        "20114": {
            "year_quarter": 20114,
            "year": 2011,
            "quarter": 4,
            "eps": -0.21,
            "eps_growth_year": -417.95,
            "eps_4q": -1.1,
            "eps_4q_growth_year": -3599.49,
            "roe": -2.53,
            "roe_4q": -12.27,
            "gross_profit": null,
            "gross_margin": null,
            "gross_margin_4q_avg": 0,
            "net_income": -97663,
            "net_income_4q": null,
            "revenue": 184222,
            "revenue_4q": null,
            "common_shares": 4568388,
            "book_valuer_per_share": 8.36,
            "book_valuer_per_share_4q_avg": 8.93,
            "equity": 3818821,
            "current_ratio": 121.08,
            "debt_ratio": 64.96,
            "inventory_turnover_ratio": null,
            "account_receivable_turnover_ratio": 2.17,
            "reinvestment_rate": null,
            "research_to_sale_ratio": null,
            "price_fair": 0.84,
            "eps_avg_yearly": 0.28,
            "eps_latest_yearly": 0.28,
            "eps_growth_yearly": -288
        },
        "20121": {
            "year_quarter": 20121,
            "year": 2012,
            "quarter": 1,
            "eps": 0.18,
            "eps_growth_year": null,
            "eps_4q": -0.89,
            "eps_4q_growth_year": -1106.29,
            "roe": 2.14,
            "roe_4q": -9.83,
            "gross_profit": null,
            "gross_margin": null,
            "gross_margin_4q_avg": 0,
            "net_income": 82747,
            "net_income_4q": null,
            "revenue": 326926,
            "revenue_4q": null,
            "common_shares": 4568388,
            "book_valuer_per_share": 8.55,
            "book_valuer_per_share_4q_avg": 8.67,
            "equity": 3904503,
            "current_ratio": 127.5,
            "debt_ratio": 59.98,
            "inventory_turnover_ratio": null,
            "account_receivable_turnover_ratio": 2.56,
            "reinvestment_rate": null,
            "research_to_sale_ratio": null,
            "price_fair": 0.84,
            "eps_avg_yearly": 0.28,
            "eps_latest_yearly": 0.28,
            "eps_growth_yearly": -288
        },
        "20122": {
            "year_quarter": 20122,
            "year": 2012,
            "quarter": 2,
            "eps": -0.25,
            "eps_growth_year": null,
            "eps_4q": -0.74,
            "eps_4q_growth_year": null,
            "roe": -2.99,
            "roe_4q": -8.54,
            "gross_profit": null,
            "gross_margin": null,
            "gross_margin_4q_avg": 0,
            "net_income": -114389,
            "net_income_4q": null,
            "revenue": 133997,
            "revenue_4q": null,
            "common_shares": 4568388,
            "book_valuer_per_share": 8.23,
            "book_valuer_per_share_4q_avg": 8.43,
            "equity": 3759190,
            "current_ratio": 126.23,
            "debt_ratio": 60.4,
            "inventory_turnover_ratio": null,
            "account_receivable_turnover_ratio": 0.93,
            "reinvestment_rate": null,
            "research_to_sale_ratio": null,
            "price_fair": 0.84,
            "eps_avg_yearly": 0.28,
            "eps_latest_yearly": 0.28,
            "eps_growth_yearly": -288
        },
        "20123": {
            "year_quarter": 20123,
            "year": 2012,
            "quarter": 3,
            "eps": 3.93,
            "eps_growth_year": null,
            "eps_4q": 3.65,
            "eps_4q_growth_year": null,
            "roe": 38.52,
            "roe_4q": 35.14,
            "gross_profit": null,
            "gross_margin": null,
            "gross_margin_4q_avg": 0,
            "net_income": 1795637,
            "net_income_4q": null,
            "revenue": 2216444,
            "revenue_4q": null,
            "common_shares": 4568388,
            "book_valuer_per_share": 12.18,
            "book_valuer_per_share_4q_avg": 9.33,
            "equity": 5563502,
            "current_ratio": 174.72,
            "debt_ratio": 53.53,
            "inventory_turnover_ratio": null,
            "account_receivable_turnover_ratio": 19.62,
            "reinvestment_rate": null,
            "research_to_sale_ratio": null,
            "price_fair": 0.84,
            "eps_avg_yearly": 0.28,
            "eps_latest_yearly": 0.28,
            "eps_growth_yearly": -288
        },
        "20124": {
            "year_quarter": 20124,
            "year": 2012,
            "quarter": 4,
            "eps": -0.01,
            "eps_growth_year": null,
            "eps_4q": 3.85,
            "eps_4q_growth_year": null,
            "roe": -0.08,
            "roe_4q": 37.59,
            "gross_profit": null,
            "gross_margin": null,
            "gross_margin_4q_avg": 0,
            "net_income": -4709,
            "net_income_4q": null,
            "revenue": 212991,
            "revenue_4q": null,
            "common_shares": 4568388,
            "book_valuer_per_share": 12.4,
            "book_valuer_per_share_4q_avg": 10.34,
            "equity": 5664946,
            "current_ratio": 178.26,
            "debt_ratio": 51.96,
            "inventory_turnover_ratio": null,
            "account_receivable_turnover_ratio": 2.28,
            "reinvestment_rate": -70.02,
            "research_to_sale_ratio": null,
            "price_fair": 0.84,
            "eps_avg_yearly": 0.28,
            "eps_latest_yearly": 0.28,
            "eps_growth_yearly": -288
        },
        "20131": {
            "year_quarter": 20131,
            "year": 2013,
            "quarter": 1,
            "eps": 0.19,
            "eps_growth_year": 5.56,
            "eps_4q": 3.86,
            "eps_4q_growth_year": null,
            "roe": 1.56,
            "roe_4q": 37.01,
            "gross_profit": null,
            "gross_margin": null,
            "gross_margin_4q_avg": 0,
            "net_income": 88548,
            "net_income_4q": null,
            "revenue": 269048,
            "revenue_4q": null,
            "common_shares": 4568388,
            "book_valuer_per_share": 12.4,
            "book_valuer_per_share_4q_avg": 11.3,
            "equity": 5664135,
            "current_ratio": 167.18,
            "debt_ratio": 55.95,
            "inventory_turnover_ratio": null,
            "account_receivable_turnover_ratio": 0.3,
            "reinvestment_rate": -46.52,
            "research_to_sale_ratio": null,
            "price_fair": 0.84,
            "eps_avg_yearly": 0.28,
            "eps_latest_yearly": 0.28,
            "eps_growth_yearly": -288
        },
        "20132": {
            "year_quarter": 20132,
            "year": 2013,
            "quarter": 2,
            "eps": 0.11,
            "eps_growth_year": null,
            "eps_4q": 4.34,
            "eps_4q_growth_year": null,
            "roe": 0.96,
            "roe_4q": 40.96,
            "gross_profit": null,
            "gross_margin": null,
            "gross_margin_4q_avg": 0,
            "net_income": 51079,
            "net_income_4q": null,
            "revenue": 232474,
            "revenue_4q": null,
            "common_shares": 4568388,
            "book_valuer_per_share": 11.24,
            "book_valuer_per_share_4q_avg": 12.06,
            "equity": 5001302,
            "current_ratio": 151.02,
            "debt_ratio": 62.64,
            "inventory_turnover_ratio": null,
            "account_receivable_turnover_ratio": 0.13,
            "reinvestment_rate": -58.22,
            "research_to_sale_ratio": null,
            "price_fair": 1.08,
            "eps_avg_yearly": 0.36,
            "eps_latest_yearly": 0.44,
            "eps_growth_yearly": -228.21
        },
        "20133": {
            "year_quarter": 20133,
            "year": 2013,
            "quarter": 3,
            "eps": 0.15,
            "eps_growth_year": -96.18,
            "eps_4q": 0.47,
            "eps_4q_growth_year": -87.21,
            "roe": 1.36,
            "roe_4q": 3.8000000000000003,
            "gross_profit": null,
            "gross_margin": null,
            "gross_margin_4q_avg": 0,
            "net_income": 67750,
            "net_income_4q": null,
            "revenue": 284823,
            "revenue_4q": null,
            "common_shares": 4448388,
            "book_valuer_per_share": 11.4,
            "book_valuer_per_share_4q_avg": 11.86,
            "equity": 4954785,
            "current_ratio": 165.32,
            "debt_ratio": 56.76,
            "inventory_turnover_ratio": null,
            "account_receivable_turnover_ratio": 0.17,
            "reinvestment_rate": -60.44,
            "research_to_sale_ratio": null,
            "price_fair": 1.32,
            "eps_avg_yearly": 0.44,
            "eps_latest_yearly": 0.6,
            "eps_growth_yearly": -103.66
        },
        "20134": {
            "year_quarter": 20134,
            "year": 2013,
            "quarter": 4,
            "eps": 0.14,
            "eps_growth_year": null,
            "eps_4q": 0.63,
            "eps_4q_growth_year": -83.66,
            "roe": 1.24,
            "roe_4q": 5.12,
            "gross_profit": null,
            "gross_margin": null,
            "gross_margin_4q_avg": 0,
            "net_income": 61271,
            "net_income_4q": null,
            "revenue": 280425,
            "revenue_4q": null,
            "common_shares": 4268388,
            "book_valuer_per_share": 11.61,
            "book_valuer_per_share_4q_avg": 11.66,
            "equity": 4955279,
            "current_ratio": 160.87,
            "debt_ratio": 58.59,
            "inventory_turnover_ratio": null,
            "account_receivable_turnover_ratio": 0.16,
            "reinvestment_rate": -64.91,
            "research_to_sale_ratio": null,
            "price_fair": 1.41,
            "eps_avg_yearly": 0.47,
            "eps_latest_yearly": 0.56,
            "eps_growth_yearly": -84.41
        },
        "20141": {
            "year_quarter": 20141,
            "year": 2014,
            "quarter": 1,
            "eps": 0.34,
            "eps_growth_year": 78.95,
            "eps_4q": 0.76,
            "eps_4q_growth_year": -80.32,
            "roe": 2.87,
            "roe_4q": 6.430000000000001,
            "gross_profit": null,
            "gross_margin": null,
            "gross_margin_4q_avg": 0,
            "net_income": 144387,
            "net_income_4q": null,
            "revenue": 382994,
            "revenue_4q": null,
            "common_shares": 4268388,
            "book_valuer_per_share": 11.95,
            "book_valuer_per_share_4q_avg": 11.55,
            "equity": 5101499,
            "current_ratio": 161.69,
            "debt_ratio": 58.43,
            "inventory_turnover_ratio": null,
            "account_receivable_turnover_ratio": 0.18,
            "reinvestment_rate": -59.55,
            "research_to_sale_ratio": null,
            "price_fair": 22.68,
            "eps_avg_yearly": 0.65,
            "eps_latest_yearly": 1.36,
            "eps_growth_yearly": 46.76
        },
        "20142": {
            "year_quarter": 20142,
            "year": 2014,
            "quarter": 2,
            "eps": 0.36,
            "eps_growth_year": 227.27,
            "eps_4q": 1,
            "eps_4q_growth_year": -76.9,
            "roe": 3.02,
            "roe_4q": 8.49,
            "gross_profit": null,
            "gross_margin": null,
            "gross_margin_4q_avg": 0,
            "net_income": 154550,
            "net_income_4q": null,
            "revenue": 408647,
            "revenue_4q": null,
            "common_shares": 4268388,
            "book_valuer_per_share": 12,
            "book_valuer_per_share_4q_avg": 11.74,
            "equity": 5120233,
            "current_ratio": 153.91,
            "debt_ratio": 61.54,
            "inventory_turnover_ratio": null,
            "account_receivable_turnover_ratio": 0.18,
            "reinvestment_rate": -50.51,
            "research_to_sale_ratio": null,
            "price_fair": 27.3,
            "eps_avg_yearly": 0.78,
            "eps_latest_yearly": 1.44,
            "eps_growth_yearly": 42.89
        },
        "20143": {
            "year_quarter": 20143,
            "year": 2014,
            "quarter": 3,
            "eps": -0.38,
            "eps_growth_year": -353.33,
            "eps_4q": 0.46,
            "eps_4q_growth_year": -0.75,
            "roe": -3.22,
            "roe_4q": 3.91,
            "gross_profit": null,
            "gross_margin": null,
            "gross_margin_4q_avg": 0,
            "net_income": -162573,
            "net_income_4q": null,
            "revenue": 57572,
            "revenue_4q": null,
            "common_shares": 4268388,
            "book_valuer_per_share": 11.66,
            "book_valuer_per_share_4q_avg": 11.81,
            "equity": 4975262,
            "current_ratio": 151.37,
            "debt_ratio": 62.53,
            "inventory_turnover_ratio": null,
            "account_receivable_turnover_ratio": 0.03,
            "reinvestment_rate": -58.07,
            "research_to_sale_ratio": null,
            "price_fair": 27.3,
            "eps_avg_yearly": 0.78,
            "eps_latest_yearly": 1.44,
            "eps_growth_yearly": 42.89
        },
        "20144": {
            "year_quarter": 20144,
            "year": 2014,
            "quarter": 4,
            "eps": 0.08,
            "eps_growth_year": -43.53,
            "eps_4q": 0.4,
            "eps_4q_growth_year": -36.36,
            "roe": 0.69,
            "roe_4q": 3.36,
            "gross_profit": null,
            "gross_margin": null,
            "gross_margin_4q_avg": 0,
            "net_income": 34598,
            "net_income_4q": null,
            "revenue": 228874,
            "revenue_4q": null,
            "common_shares": 4268388,
            "book_valuer_per_share": 11.74,
            "book_valuer_per_share_4q_avg": 11.84,
            "equity": 5012817,
            "current_ratio": 150.08,
            "debt_ratio": 63.12,
            "inventory_turnover_ratio": null,
            "account_receivable_turnover_ratio": 0.13,
            "reinvestment_rate": -62.17,
            "research_to_sale_ratio": null,
            "price_fair": 30.8,
            "eps_avg_yearly": 0.88,
            "eps_latest_yearly": 1.44,
            "eps_growth_yearly": 109.06
        },
        "20151": {
            "year_quarter": 20151,
            "year": 2015,
            "quarter": 1,
            "eps": -0.05,
            "eps_growth_year": -114.71,
            "eps_4q": 0.01,
            "eps_4q_growth_year": -98.83,
            "roe": -0.46,
            "roe_4q": 0.029999999999999805,
            "gross_profit": null,
            "gross_margin": null,
            "gross_margin_4q_avg": 0,
            "net_income": -22784,
            "net_income_4q": null,
            "revenue": 180169,
            "revenue_4q": null,
            "common_shares": 4268388,
            "book_valuer_per_share": 11.68,
            "book_valuer_per_share_4q_avg": 11.77,
            "equity": 4986849,
            "current_ratio": 146.58,
            "debt_ratio": 65.09,
            "inventory_turnover_ratio": null,
            "account_receivable_turnover_ratio": 0.09,
            "reinvestment_rate": -62.41,
            "research_to_sale_ratio": null,
            "price_fair": 30.8,
            "eps_avg_yearly": 0.88,
            "eps_latest_yearly": 1.44,
            "eps_growth_yearly": 109.06
        },
        "20152": {
            "year_quarter": 20152,
            "year": 2015,
            "quarter": 2,
            "eps": -0.25,
            "eps_growth_year": -169.44,
            "eps_4q": -0.6,
            "eps_4q_growth_year": -160.09,
            "roe": -2.18,
            "roe_4q": -5.17,
            "gross_profit": null,
            "gross_margin": null,
            "gross_margin_4q_avg": 0,
            "net_income": -106401,
            "net_income_4q": null,
            "revenue": 118131,
            "revenue_4q": null,
            "common_shares": 4268388,
            "book_valuer_per_share": 11.21,
            "book_valuer_per_share_4q_avg": 11.57,
            "equity": 4785897,
            "current_ratio": 146.95,
            "debt_ratio": 64.33,
            "inventory_turnover_ratio": null,
            "account_receivable_turnover_ratio": 0.05,
            "reinvestment_rate": -55.01,
            "research_to_sale_ratio": null,
            "price_fair": 30.8,
            "eps_avg_yearly": 0.88,
            "eps_latest_yearly": 1.44,
            "eps_growth_yearly": 109.06
        },
        "20153": {
            "year_quarter": 20153,
            "year": 2015,
            "quarter": 3,
            "eps": -0.44,
            "eps_growth_year": null,
            "eps_4q": -0.66,
            "eps_4q_growth_year": -242.25,
            "roe": -3.98,
            "roe_4q": -5.93,
            "gross_profit": null,
            "gross_margin": null,
            "gross_margin_4q_avg": 0,
            "net_income": -186547,
            "net_income_4q": null,
            "revenue": 7642,
            "revenue_4q": null,
            "common_shares": 4268388,
            "book_valuer_per_share": 10.75,
            "book_valuer_per_share_4q_avg": 11.35,
            "equity": 4589537,
            "current_ratio": 155.77,
            "debt_ratio": 60.67,
            "inventory_turnover_ratio": null,
            "account_receivable_turnover_ratio": 0,
            "reinvestment_rate": -59.21,
            "research_to_sale_ratio": null,
            "price_fair": 30.8,
            "eps_avg_yearly": 0.88,
            "eps_latest_yearly": 1.44,
            "eps_growth_yearly": 109.06
        },
        "20154": {
            "year_quarter": 20154,
            "year": 2015,
            "quarter": 4,
            "eps": 0.14,
            "eps_growth_year": 76.03,
            "eps_4q": -0.6,
            "eps_4q_growth_year": -249.06,
            "roe": 1.3,
            "roe_4q": -5.319999999999999,
            "gross_profit": null,
            "gross_margin": null,
            "gross_margin_4q_avg": 0,
            "net_income": 60903,
            "net_income_4q": null,
            "revenue": 141269,
            "revenue_4q": null,
            "common_shares": 4268388,
            "book_valuer_per_share": 11.22,
            "book_valuer_per_share_4q_avg": 11.22,
            "equity": 4790591,
            "current_ratio": 164,
            "debt_ratio": 57.38,
            "inventory_turnover_ratio": null,
            "account_receivable_turnover_ratio": 0.11,
            "reinvestment_rate": -54.11,
            "research_to_sale_ratio": null,
            "price_fair": 30.8,
            "eps_avg_yearly": 0.88,
            "eps_latest_yearly": 1.44,
            "eps_growth_yearly": 109.06
        },
        "20161": {
            "year_quarter": 20161,
            "year": 2016,
            "quarter": 1,
            "eps": -0.01,
            "eps_growth_year": null,
            "eps_4q": -0.57,
            "eps_4q_growth_year": -6545.32,
            "roe": -0.12,
            "roe_4q": -4.98,
            "gross_profit": null,
            "gross_margin": null,
            "gross_margin_4q_avg": 0,
            "net_income": -5463,
            "net_income_4q": null,
            "revenue": 181004,
            "revenue_4q": null,
            "common_shares": 4148808,
            "book_valuer_per_share": 11.32,
            "book_valuer_per_share_4q_avg": 11.13,
            "equity": 4697023,
            "current_ratio": 149.72,
            "debt_ratio": 63.3,
            "inventory_turnover_ratio": null,
            "account_receivable_turnover_ratio": 0.13,
            "reinvestment_rate": -56.54,
            "research_to_sale_ratio": null,
            "price_fair": 30.8,
            "eps_avg_yearly": 0.88,
            "eps_latest_yearly": 1.44,
            "eps_growth_yearly": 109.06
        },
        "20162": {
            "year_quarter": 20162,
            "year": 2016,
            "quarter": 2,
            "eps": -0.17,
            "eps_growth_year": null,
            "eps_4q": -0.5,
            "eps_4q_growth_year": null,
            "roe": -1.51,
            "roe_4q": -4.31,
            "gross_profit": null,
            "gross_margin": null,
            "gross_margin_4q_avg": 0,
            "net_income": -70200,
            "net_income_4q": null,
            "revenue": 106625,
            "revenue_4q": null,
            "common_shares": 4148808,
            "book_valuer_per_share": 11.32,
            "book_valuer_per_share_4q_avg": 11.15,
            "equity": 4598390,
            "current_ratio": 153.75,
            "debt_ratio": 61.1,
            "inventory_turnover_ratio": null,
            "account_receivable_turnover_ratio": 0.06,
            "reinvestment_rate": -54.5,
            "research_to_sale_ratio": null,
            "price_fair": 30.8,
            "eps_avg_yearly": 0.88,
            "eps_latest_yearly": 1.44,
            "eps_growth_yearly": 109.06
        },
        "20163": {
            "year_quarter": 20163,
            "year": 2016,
            "quarter": 3,
            "eps": -0.01,
            "eps_growth_year": null,
            "eps_4q": -0.05,
            "eps_4q_growth_year": null,
            "roe": -0.11,
            "roe_4q": -0.44000000000000017,
            "gross_profit": null,
            "gross_margin": null,
            "gross_margin_4q_avg": 0,
            "net_income": -4831,
            "net_income_4q": null,
            "revenue": 150459,
            "revenue_4q": null,
            "common_shares": 4050008,
            "book_valuer_per_share": 11.42,
            "book_valuer_per_share_4q_avg": 11.32,
            "equity": 4540658,
            "current_ratio": 158.81,
            "debt_ratio": 58.83,
            "inventory_turnover_ratio": null,
            "account_receivable_turnover_ratio": 0.1,
            "reinvestment_rate": 4.99,
            "research_to_sale_ratio": null,
            "price_fair": 30.8,
            "eps_avg_yearly": 0.88,
            "eps_latest_yearly": 1.44,
            "eps_growth_yearly": 109.06
        },
        "20164": {
            "year_quarter": 20164,
            "year": 2016,
            "quarter": 4,
            "eps": -0.21,
            "eps_growth_year": -250.66,
            "eps_4q": -0.42,
            "eps_4q_growth_year": null,
            "roe": -1.86,
            "roe_4q": -3.6000000000000005,
            "gross_profit": null,
            "gross_margin": null,
            "gross_margin_4q_avg": 0,
            "net_income": -83191,
            "net_income_4q": null,
            "revenue": 67435,
            "revenue_4q": null,
            "common_shares": 3870008,
            "book_valuer_per_share": 11.32,
            "book_valuer_per_share_4q_avg": 11.35,
            "equity": 4381918,
            "current_ratio": 169.33,
            "debt_ratio": 54.38,
            "inventory_turnover_ratio": null,
            "account_receivable_turnover_ratio": 0.06,
            "reinvestment_rate": 172.34,
            "research_to_sale_ratio": null,
            "price_fair": 30.8,
            "eps_avg_yearly": 0.88,
            "eps_latest_yearly": 1.44,
            "eps_growth_yearly": 109.06
        },
        "20171": {
            "year_quarter": 20171,
            "year": 2017,
            "quarter": 1,
            "eps": 0.06,
            "eps_growth_year": null,
            "eps_4q": -0.36,
            "eps_4q_growth_year": null,
            "roe": 0.53,
            "roe_4q": -2.95,
            "gross_profit": null,
            "gross_margin": null,
            "gross_margin_4q_avg": 0,
            "net_income": 23242,
            "net_income_4q": null,
            "revenue": 208451,
            "revenue_4q": null,
            "common_shares": 3800008,
            "book_valuer_per_share": 11.48,
            "book_valuer_per_share_4q_avg": 11.39,
            "equity": 4361056,
            "current_ratio": 162.91,
            "debt_ratio": 56.95,
            "inventory_turnover_ratio": null,
            "account_receivable_turnover_ratio": 0.16,
            "reinvestment_rate": null,
            "research_to_sale_ratio": null,
            "price_fair": 30.8,
            "eps_avg_yearly": 0.88,
            "eps_latest_yearly": 1.44,
            "eps_growth_yearly": 109.06
        },
        "20172": {
            "year_quarter": 20172,
            "year": 2017,
            "quarter": 2,
            "eps": 0.04,
            "eps_growth_year": null,
            "eps_4q": -0.14,
            "eps_4q_growth_year": null,
            "roe": 0.3,
            "roe_4q": -1.1400000000000001,
            "gross_profit": null,
            "gross_margin": null,
            "gross_margin_4q_avg": 0,
            "net_income": 13089,
            "net_income_4q": null,
            "revenue": 165425,
            "revenue_4q": null,
            "common_shares": 3800008,
            "book_valuer_per_share": 11.63,
            "book_valuer_per_share_4q_avg": 11.46,
            "equity": 4301301,
            "current_ratio": 159.65,
            "debt_ratio": 57.89,
            "inventory_turnover_ratio": null,
            "account_receivable_turnover_ratio": 0.11,
            "reinvestment_rate": null,
            "research_to_sale_ratio": null,
            "price_fair": 28.84,
            "eps_avg_yearly": 0.82,
            "eps_latest_yearly": 0.16,
            "eps_growth_yearly": 116.08
        },
        "20173": {
            "year_quarter": 20173,
            "year": 2017,
            "quarter": 3,
            "eps": 0.43,
            "eps_growth_year": null,
            "eps_4q": 0.3,
            "eps_4q_growth_year": null,
            "roe": 3.59,
            "roe_4q": 2.5599999999999996,
            "gross_profit": null,
            "gross_margin": null,
            "gross_margin_4q_avg": 0,
            "net_income": 156925,
            "net_income_4q": null,
            "revenue": 355109,
            "revenue_4q": null,
            "common_shares": 3700008,
            "book_valuer_per_share": 12.04,
            "book_valuer_per_share_4q_avg": 11.62,
            "equity": 4432666,
            "current_ratio": 159.13,
            "debt_ratio": 58.5,
            "inventory_turnover_ratio": null,
            "account_receivable_turnover_ratio": 0.23,
            "reinvestment_rate": -22.97,
            "research_to_sale_ratio": null,
            "price_fair": 36.68,
            "eps_avg_yearly": 1.05,
            "eps_latest_yearly": 1.72,
            "eps_growth_yearly": 866.99
        },
        "20174": {
            "year_quarter": 20174,
            "year": 2017,
            "quarter": 4,
            "eps": 0.05,
            "eps_growth_year": null,
            "eps_4q": 0.58,
            "eps_4q_growth_year": null,
            "roe": 0.43,
            "roe_4q": 4.85,
            "gross_profit": null,
            "gross_margin": null,
            "gross_margin_4q_avg": 0,
            "net_income": 19154,
            "net_income_4q": null,
            "revenue": 183359,
            "revenue_4q": null,
            "common_shares": 3682328,
            "book_valuer_per_share": 12,
            "book_valuer_per_share_4q_avg": 11.79,
            "equity": 4420004,
            "current_ratio": 151.64,
            "debt_ratio": 61.61,
            "inventory_turnover_ratio": null,
            "account_receivable_turnover_ratio": 0.11,
            "reinvestment_rate": null,
            "research_to_sale_ratio": null,
            "price_fair": 34.16,
            "eps_avg_yearly": 0.98,
            "eps_latest_yearly": 0.2,
            "eps_growth_yearly": 801.63
        },
        "20181": {
            "year_quarter": 20181,
            "year": 2018,
            "quarter": 1,
            "eps": -0.08,
            "eps_growth_year": -233.33,
            "eps_4q": 0.43,
            "eps_4q_growth_year": null,
            "roe": -0.66,
            "roe_4q": 3.6599999999999997,
            "gross_profit": null,
            "gross_margin": null,
            "gross_margin_4q_avg": 0,
            "net_income": -29228,
            "net_income_4q": null,
            "revenue": 166195,
            "revenue_4q": null,
            "common_shares": 3682328,
            "book_valuer_per_share": 12.02,
            "book_valuer_per_share_4q_avg": 11.92,
            "equity": 4427083,
            "current_ratio": 152.8,
            "debt_ratio": 60.87,
            "inventory_turnover_ratio": null,
            "account_receivable_turnover_ratio": 0.09,
            "reinvestment_rate": null,
            "research_to_sale_ratio": null,
            "price_fair": 30.8,
            "eps_avg_yearly": 0.88,
            "eps_latest_yearly": 0.2,
            "eps_growth_yearly": 859.18
        },
        "20182": {
            "year_quarter": 20182,
            "year": 2018,
            "quarter": 2,
            "eps": 0.15,
            "eps_growth_year": 275,
            "eps_4q": 0.55,
            "eps_4q_growth_year": null,
            "roe": 1.23,
            "roe_4q": 4.59,
            "gross_profit": null,
            "gross_margin": null,
            "gross_margin_4q_avg": 0,
            "net_income": 54179,
            "net_income_4q": null,
            "revenue": 242758,
            "revenue_4q": null,
            "common_shares": 3682328,
            "book_valuer_per_share": 11.83,
            "book_valuer_per_share_4q_avg": 11.97,
            "equity": 4355729,
            "current_ratio": 148.14,
            "debt_ratio": 62.96,
            "inventory_turnover_ratio": null,
            "account_receivable_turnover_ratio": 0.12,
            "reinvestment_rate": null,
            "research_to_sale_ratio": null,
            "price_fair": 24.27,
            "eps_avg_yearly": 0.69,
            "eps_latest_yearly": 0.2,
            "eps_growth_yearly": 1137.73
        },
        "20183": {
            "year_quarter": 20183,
            "year": 2018,
            "quarter": 3,
            "eps": -0.79,
            "eps_growth_year": -283.72,
            "eps_4q": -0.67,
            "eps_4q_growth_year": -323.18,
            "roe": -6.88,
            "roe_4q": -5.880000000000001,
            "gross_profit": null,
            "gross_margin": null,
            "gross_margin_4q_avg": 0,
            "net_income": -289745,
            "net_income_4q": null,
            "revenue": -110441,
            "revenue_4q": null,
            "common_shares": 3682328,
            "book_valuer_per_share": 11.03,
            "book_valuer_per_share_4q_avg": 11.72,
            "equity": 4063104,
            "current_ratio": 142.27,
            "debt_ratio": 65.51,
            "inventory_turnover_ratio": null,
            "account_receivable_turnover_ratio": -0.06,
            "reinvestment_rate": null,
            "research_to_sale_ratio": null,
            "price_fair": 24.27,
            "eps_avg_yearly": 0.69,
            "eps_latest_yearly": 0.2,
            "eps_growth_yearly": 1137.73
        },
        "20184": {
            "year_quarter": 20184,
            "year": 2018,
            "quarter": 4,
            "eps": -0.49,
            "eps_growth_year": -1040.43,
            "eps_4q": -1.22,
            "eps_4q_growth_year": -312.25,
            "roe": -4.45,
            "roe_4q": -10.76,
            "gross_profit": null,
            "gross_margin": null,
            "gross_margin_4q_avg": 0,
            "net_income": -176197,
            "net_income_4q": null,
            "revenue": -791,
            "revenue_4q": null,
            "common_shares": 3625008,
            "book_valuer_per_share": 10.69,
            "book_valuer_per_share_4q_avg": 11.39,
            "equity": 3850870,
            "current_ratio": 139.44,
            "debt_ratio": 66.73,
            "inventory_turnover_ratio": null,
            "account_receivable_turnover_ratio": -0,
            "reinvestment_rate": null,
            "research_to_sale_ratio": null,
            "price_fair": 24.27,
            "eps_avg_yearly": 0.69,
            "eps_latest_yearly": 0.2,
            "eps_growth_yearly": 1137.73
        },
        "20191": {
            "year_quarter": 20191,
            "year": 2019,
            "quarter": 1,
            "eps": 0.29,
            "eps_growth_year": null,
            "eps_4q": -0.87,
            "eps_4q_growth_year": -299.82,
            "roe": 2.65,
            "roe_4q": -7.449999999999999,
            "gross_profit": null,
            "gross_margin": null,
            "gross_margin_4q_avg": 0,
            "net_income": 103005,
            "net_income_4q": null,
            "revenue": 278430,
            "revenue_4q": null,
            "common_shares": 3580008,
            "book_valuer_per_share": 11.03,
            "book_valuer_per_share_4q_avg": 11.15,
            "equity": 3924386,
            "current_ratio": 137.62,
            "debt_ratio": 67.49,
            "inventory_turnover_ratio": null,
            "account_receivable_turnover_ratio": 0.17,
            "reinvestment_rate": null,
            "research_to_sale_ratio": null,
            "price_fair": 24.27,
            "eps_avg_yearly": 0.69,
            "eps_latest_yearly": 0.2,
            "eps_growth_yearly": 1137.73
        },
        "20192": {
            "year_quarter": 20192,
            "year": 2019,
            "quarter": 2,
            "eps": -0.14,
            "eps_growth_year": -193.33,
            "eps_4q": -1.17,
            "eps_4q_growth_year": -313.76,
            "roe": -1.27,
            "roe_4q": -9.95,
            "gross_profit": null,
            "gross_margin": null,
            "gross_margin_4q_avg": 0,
            "net_income": -49279,
            "net_income_4q": null,
            "revenue": 124256,
            "revenue_4q": null,
            "common_shares": 3550008,
            "book_valuer_per_share": 10.92,
            "book_valuer_per_share_4q_avg": 10.92,
            "equity": 3858338,
            "current_ratio": 128.29,
            "debt_ratio": 73.34,
            "inventory_turnover_ratio": null,
            "account_receivable_turnover_ratio": 0.06,
            "reinvestment_rate": null,
            "research_to_sale_ratio": null,
            "price_fair": 24.27,
            "eps_avg_yearly": 0.69,
            "eps_latest_yearly": 0.2,
            "eps_growth_yearly": 1137.73
        },
        "20193": {
            "year_quarter": 20193,
            "year": 2019,
            "quarter": 3,
            "eps": 0.13,
            "eps_growth_year": null,
            "eps_4q": -0.22,
            "eps_4q_growth_year": null,
            "roe": 1.14,
            "roe_4q": -1.9300000000000006,
            "gross_profit": null,
            "gross_margin": null,
            "gross_margin_4q_avg": 0,
            "net_income": 44091,
            "net_income_4q": null,
            "revenue": 216933,
            "revenue_4q": null,
            "common_shares": 3550008,
            "book_valuer_per_share": 11.1,
            "book_valuer_per_share_4q_avg": 10.94,
            "equity": 3883672,
            "current_ratio": 144.08,
            "debt_ratio": 63.77,
            "inventory_turnover_ratio": null,
            "account_receivable_turnover_ratio": 0.11,
            "reinvestment_rate": null,
            "research_to_sale_ratio": null,
            "price_fair": 24.27,
            "eps_avg_yearly": 0.69,
            "eps_latest_yearly": 0.2,
            "eps_growth_yearly": 1137.73
        },
        "20194": {
            "year_quarter": 20194,
            "year": 2019,
            "quarter": 4,
            "eps": 0.12,
            "eps_growth_year": null,
            "eps_4q": 0.41,
            "eps_4q_growth_year": null,
            "roe": 1.11,
            "roe_4q": 3.63,
            "gross_profit": null,
            "gross_margin": null,
            "gross_margin_4q_avg": 0,
            "net_income": 43016,
            "net_income_4q": null,
            "revenue": 231739,
            "revenue_4q": null,
            "common_shares": 3505008,
            "book_valuer_per_share": 11.25,
            "book_valuer_per_share_4q_avg": 11.08,
            "equity": 3899668,
            "current_ratio": 139.64,
            "debt_ratio": 66.25,
            "inventory_turnover_ratio": null,
            "account_receivable_turnover_ratio": 0.11,
            "reinvestment_rate": null,
            "research_to_sale_ratio": null,
            "price_fair": 22.4,
            "eps_avg_yearly": 0.64,
            "eps_latest_yearly": 0.48,
            "eps_growth_yearly": 845.6
        },
        "20201": {
            "year_quarter": 20201,
            "year": 2020,
            "quarter": 1,
            "eps": -0.78,
            "eps_growth_year": -368.97,
            "eps_4q": -0.68,
            "eps_4q_growth_year": null,
            "roe": -7.16,
            "roe_4q": -6.18,
            "gross_profit": null,
            "gross_margin": null,
            "gross_margin_4q_avg": 0,
            "net_income": -267813,
            "net_income_4q": null,
            "revenue": -70023,
            "revenue_4q": null,
            "common_shares": 3470008,
            "book_valuer_per_share": 10.6,
            "book_valuer_per_share_4q_avg": 10.97,
            "equity": 3581311,
            "current_ratio": 132.82,
            "debt_ratio": 69.78,
            "inventory_turnover_ratio": null,
            "account_receivable_turnover_ratio": -0.04,
            "reinvestment_rate": null,
            "research_to_sale_ratio": null,
            "price_fair": 22.4,
            "eps_avg_yearly": 0.64,
            "eps_latest_yearly": 0.48,
            "eps_growth_yearly": 845.6
        },
        "20202": {
            "year_quarter": 20202,
            "year": 2020,
            "quarter": 2,
            "eps": 1.1,
            "eps_growth_year": null,
            "eps_4q": 0.56,
            "eps_4q_growth_year": null,
            "roe": 9.88,
            "roe_4q": 4.970000000000001,
            "gross_profit": null,
            "gross_margin": null,
            "gross_margin_4q_avg": 0,
            "net_income": 367952,
            "net_income_4q": null,
            "revenue": 588793,
            "revenue_4q": null,
            "common_shares": 3382008,
            "book_valuer_per_share": 11.63,
            "book_valuer_per_share_4q_avg": 11.15,
            "equity": 3863720,
            "current_ratio": 127.31,
            "debt_ratio": 73.95,
            "inventory_turnover_ratio": null,
            "account_receivable_turnover_ratio": 0.24,
            "reinvestment_rate": null,
            "research_to_sale_ratio": null,
            "price_fair": 22.4,
            "eps_avg_yearly": 0.64,
            "eps_latest_yearly": 0.48,
            "eps_growth_yearly": 845.6
        },
        "20203": {
            "year_quarter": 20203,
            "year": 2020,
            "quarter": 3,
            "eps": 0,
            "eps_growth_year": -100,
            "eps_4q": 0.44,
            "eps_4q_growth_year": null,
            "roe": 0.03,
            "roe_4q": 3.8600000000000003,
            "gross_profit": null,
            "gross_margin": null,
            "gross_margin_4q_avg": 0,
            "net_income": 1334,
            "net_income_4q": null,
            "revenue": 208311,
            "revenue_4q": null,
            "common_shares": 3325008,
            "book_valuer_per_share": 11.69,
            "book_valuer_per_share_4q_avg": 11.29,
            "equity": 3868638,
            "current_ratio": 123.11,
            "debt_ratio": 76.77,
            "inventory_turnover_ratio": null,
            "account_receivable_turnover_ratio": 0.07,
            "reinvestment_rate": null,
            "research_to_sale_ratio": null,
            "price_fair": 22.4,
            "eps_avg_yearly": 0.64,
            "eps_latest_yearly": 0.48,
            "eps_growth_yearly": 845.6
        },
        "20204": {
            "year_quarter": 20204,
            "year": 2020,
            "quarter": 4,
            "eps": 0.95,
            "eps_growth_year": 663.03,
            "eps_4q": 1.25,
            "eps_4q_growth_year": 208.55,
            "roe": 7.8,
            "roe_4q": 10.55,
            "gross_profit": null,
            "gross_margin": null,
            "gross_margin_4q_avg": 0,
            "net_income": 313245,
            "net_income_4q": null,
            "revenue": 579026,
            "revenue_4q": null,
            "common_shares": 3308168,
            "book_valuer_per_share": 12.57,
            "book_valuer_per_share_4q_avg": 11.62,
            "equity": 4159366,
            "current_ratio": 125.35,
            "debt_ratio": 75.35,
            "inventory_turnover_ratio": null,
            "account_receivable_turnover_ratio": 0.17,
            "reinvestment_rate": 94.16,
            "research_to_sale_ratio": null,
            "price_fair": 22.4,
            "eps_avg_yearly": 0.64,
            "eps_latest_yearly": 0.48,
            "eps_growth_yearly": 845.6
        },
        "20211": {
            "year_quarter": 20211,
            "year": 2021,
            "quarter": 1,
            "eps": 0.93,
            "eps_growth_year": null,
            "eps_4q": 2.99,
            "eps_4q_growth_year": null,
            "roe": 7.23,
            "roe_4q": 24.94,
            "gross_profit": null,
            "gross_margin": null,
            "gross_margin_4q_avg": 0,
            "net_income": 306036,
            "net_income_4q": null,
            "revenue": 597046,
            "revenue_4q": null,
            "common_shares": 3308168,
            "book_valuer_per_share": 13.03,
            "book_valuer_per_share_4q_avg": 12.23,
            "equity": 4309804,
            "current_ratio": 134.33,
            "debt_ratio": 69.18,
            "inventory_turnover_ratio": null,
            "account_receivable_turnover_ratio": 0.15,
            "reinvestment_rate": 50.68,
            "research_to_sale_ratio": null,
            "price_fair": 43.96,
            "eps_avg_yearly": 1.26,
            "eps_latest_yearly": 3.72,
            "eps_growth_yearly": 674.8
        },
        "20212": {
            "year_quarter": 20212,
            "year": 2021,
            "quarter": 2,
            "eps": 2.28,
            "eps_growth_year": 107.27,
            "eps_4q": 4.15,
            "eps_4q_growth_year": 637.01,
            "roe": 15.98,
            "roe_4q": 31.040000000000003,
            "gross_profit": null,
            "gross_margin": null,
            "gross_margin_4q_avg": 0,
            "net_income": 753692,
            "net_income_4q": null,
            "revenue": 1331680,
            "revenue_4q": null,
            "common_shares": 3308168,
            "book_valuer_per_share": 15.48,
            "book_valuer_per_share_4q_avg": 13.19,
            "equity": 5121170,
            "current_ratio": 142.88,
            "debt_ratio": 70.53,
            "inventory_turnover_ratio": null,
            "account_receivable_turnover_ratio": 0.24,
            "reinvestment_rate": 20.93,
            "research_to_sale_ratio": null,
            "price_fair": 106.68,
            "eps_avg_yearly": 3.05,
            "eps_latest_yearly": 9.12,
            "eps_growth_yearly": 817.59
        },
        "20213": {
            "year_quarter": 20213,
            "year": 2021,
            "quarter": 3,
            "eps": -0.05,
            "eps_growth_year": null,
            "eps_4q": 4.09,
            "eps_4q_growth_year": 836.13,
            "roe": -0.35,
            "roe_4q": 30.66,
            "gross_profit": null,
            "gross_margin": null,
            "gross_margin_4q_avg": 0,
            "net_income": -18112,
            "net_income_4q": null,
            "revenue": 240306,
            "revenue_4q": null,
            "common_shares": 3308168,
            "book_valuer_per_share": 15.42,
            "book_valuer_per_share_4q_avg": 14.13,
            "equity": 5111128,
            "current_ratio": 146.94,
            "debt_ratio": 68.01,
            "inventory_turnover_ratio": null,
            "account_receivable_turnover_ratio": 0.04,
            "reinvestment_rate": 20.11,
            "research_to_sale_ratio": null,
            "price_fair": 118.3,
            "eps_avg_yearly": 3.38,
            "eps_latest_yearly": 9.12,
            "eps_growth_yearly": 46.99
        },
        "20214": {
            "year_quarter": 20214,
            "year": 2021,
            "quarter": 4,
            "eps": 0.6,
            "eps_growth_year": -37.01,
            "eps_4q": 3.74,
            "eps_4q_growth_year": 198.32,
            "roe": 3.79,
            "roe_4q": 26.650000000000002,
            "gross_profit": null,
            "gross_margin": null,
            "gross_margin_4q_avg": 0,
            "net_income": 197657,
            "net_income_4q": null,
            "revenue": 472226,
            "revenue_4q": null,
            "common_shares": 3313694,
            "book_valuer_per_share": 16.08,
            "book_valuer_per_share_4q_avg": 15,
            "equity": 5328638,
            "current_ratio": 147.51,
            "debt_ratio": 67.7,
            "inventory_turnover_ratio": null,
            "account_receivable_turnover_ratio": 0.11,
            "reinvestment_rate": 13.31,
            "research_to_sale_ratio": null,
            "price_fair": 155.4,
            "eps_avg_yearly": 4.44,
            "eps_latest_yearly": 9.12,
            "eps_growth_yearly": 180.48
        },
        "20221": {
            "year_quarter": 20221,
            "year": 2022,
            "quarter": 1,
            "eps": -0.3,
            "eps_growth_year": -132.26,
            "eps_4q": 2.52,
            "eps_4q_growth_year": -15.63,
            "roe": -1.85,
            "roe_4q": 17.57,
            "gross_profit": null,
            "gross_margin": null,
            "gross_margin_4q_avg": 0,
            "net_income": -97768,
            "net_income_4q": null,
            "revenue": 146360,
            "revenue_4q": null,
            "common_shares": 3313694,
            "book_valuer_per_share": 15.77,
            "book_valuer_per_share_4q_avg": 15.69,
            "equity": 5224120,
            "current_ratio": 152.87,
            "debt_ratio": 65.28,
            "inventory_turnover_ratio": null,
            "account_receivable_turnover_ratio": 0.03,
            "reinvestment_rate": 3.28,
            "research_to_sale_ratio": null,
            "price_fair": 155.4,
            "eps_avg_yearly": 4.44,
            "eps_latest_yearly": 9.12,
            "eps_growth_yearly": 180.48
        },
        "20222": {
            "year_quarter": 20222,
            "year": 2022,
            "quarter": 2,
            "eps": 0.05,
            "eps_growth_year": -97.81,
            "eps_4q": 0.28,
            "eps_4q_growth_year": -93.2,
            "roe": 0.35,
            "roe_4q": 1.94,
            "gross_profit": null,
            "gross_margin": null,
            "gross_margin_4q_avg": 0,
            "net_income": 17465,
            "net_income_4q": null,
            "revenue": 193458,
            "revenue_4q": null,
            "common_shares": 3313694,
            "book_valuer_per_share": 13.98,
            "book_valuer_per_share_4q_avg": 15.31,
            "equity": 4633755,
            "current_ratio": 146.56,
            "debt_ratio": 67.63,
            "inventory_turnover_ratio": null,
            "account_receivable_turnover_ratio": 0.05,
            "reinvestment_rate": 9.2,
            "research_to_sale_ratio": null,
            "price_fair": 155.4,
            "eps_avg_yearly": 4.44,
            "eps_latest_yearly": 9.12,
            "eps_growth_yearly": 180.48
        },
        "20223": {
            "year_quarter": 20223,
            "year": 2022,
            "quarter": 3,
            "eps": -0.07,
            "eps_growth_year": null,
            "eps_4q": 0.27,
            "eps_4q_growth_year": -93.46,
            "roe": -0.51,
            "roe_4q": 1.7799999999999998,
            "gross_profit": null,
            "gross_margin": null,
            "gross_margin_4q_avg": 0,
            "net_income": -23483,
            "net_income_4q": null,
            "revenue": 243783,
            "revenue_4q": null,
            "common_shares": 3512516,
            "book_valuer_per_share": 13.15,
            "book_valuer_per_share_4q_avg": 14.75,
            "equity": 4618576,
            "current_ratio": 153.76,
            "debt_ratio": 64.16,
            "inventory_turnover_ratio": null,
            "account_receivable_turnover_ratio": 0.07,
            "reinvestment_rate": 11.23,
            "research_to_sale_ratio": null,
            "price_fair": 155.4,
            "eps_avg_yearly": 4.44,
            "eps_latest_yearly": 9.12,
            "eps_growth_yearly": 180.48
        },
        "20224": {
            "year_quarter": 20224,
            "year": 2022,
            "quarter": 4,
            "eps": -0.33,
            "eps_growth_year": -155.56,
            "eps_4q": -0.63,
            "eps_4q_growth_year": -116.76,
            "roe": -2.54,
            "roe_4q": -4.55,
            "gross_profit": null,
            "gross_margin": null,
            "gross_margin_4q_avg": 0,
            "net_income": -116398,
            "net_income_4q": null,
            "revenue": 98365,
            "revenue_4q": null,
            "common_shares": 3512516,
            "book_valuer_per_share": 12.91,
            "book_valuer_per_share_4q_avg": 13.95,
            "equity": 4534076,
            "current_ratio": 179.89,
            "debt_ratio": 55.07,
            "inventory_turnover_ratio": null,
            "account_receivable_turnover_ratio": 0.04,
            "reinvestment_rate": 12.36,
            "research_to_sale_ratio": null,
            "price_fair": 155.4,
            "eps_avg_yearly": 4.44,
            "eps_latest_yearly": 9.12,
            "eps_growth_yearly": 180.48
        },
        "20231": {
            "year_quarter": 20231,
            "year": 2023,
            "quarter": 1,
            "eps": 0.14,
            "eps_growth_year": null,
            "eps_4q": -0.21,
            "eps_4q_growth_year": -108.45,
            "roe": 1.04,
            "roe_4q": -1.6599999999999997,
            "gross_profit": null,
            "gross_margin": null,
            "gross_margin_4q_avg": 0,
            "net_income": 47583,
            "net_income_4q": null,
            "revenue": 259243,
            "revenue_4q": null,
            "common_shares": 3512516,
            "book_valuer_per_share": 13.05,
            "book_valuer_per_share_4q_avg": 13.27,
            "equity": 4585533,
            "current_ratio": 165.79,
            "debt_ratio": 59.3,
            "inventory_turnover_ratio": null,
            "account_receivable_turnover_ratio": 0.12,
            "reinvestment_rate": 14.86,
            "research_to_sale_ratio": null,
            "price_fair": 155.4,
            "eps_avg_yearly": 4.44,
            "eps_latest_yearly": 9.12,
            "eps_growth_yearly": 180.48
        },
        "20232": {
            "year_quarter": 20232,
            "year": 2023,
            "quarter": 2,
            "eps": 0.17,
            "eps_growth_year": 240,
            "eps_4q": -0.08,
            "eps_4q_growth_year": -129.85,
            "roe": 1.36,
            "roe_4q": -0.6499999999999997,
            "gross_profit": null,
            "gross_margin": null,
            "gross_margin_4q_avg": 0,
            "net_income": 62678,
            "net_income_4q": null,
            "revenue": 321444,
            "revenue_4q": null,
            "common_shares": 3512516,
            "book_valuer_per_share": 13.22,
            "book_valuer_per_share_4q_avg": 13.08,
            "equity": 4643324,
            "current_ratio": 135.99,
            "debt_ratio": 66.28,
            "inventory_turnover_ratio": null,
            "account_receivable_turnover_ratio": 0.1,
            "reinvestment_rate": 14.78,
            "research_to_sale_ratio": null,
            "price_fair": 122.5,
            "eps_avg_yearly": 3.5,
            "eps_latest_yearly": 0.68,
            "eps_growth_yearly": 156.79
        },
        "20233": {
            "year_quarter": 20233,
            "year": 2023,
            "quarter": 3,
            "eps": 0.08,
            "eps_growth_year": null,
            "eps_4q": 0.06,
            "eps_4q_growth_year": -77.48,
            "roe": 0.58,
            "roe_4q": 0.43999999999999995,
            "gross_profit": null,
            "gross_margin": null,
            "gross_margin_4q_avg": 0,
            "net_income": 27278,
            "net_income_4q": null,
            "revenue": 327952,
            "revenue_4q": null,
            "common_shares": 3512516,
            "book_valuer_per_share": 13.36,
            "book_valuer_per_share_4q_avg": 13.14,
            "equity": 4692416,
            "current_ratio": 136.08,
            "debt_ratio": 66.51,
            "inventory_turnover_ratio": null,
            "account_receivable_turnover_ratio": 0.1,
            "reinvestment_rate": 9.87,
            "research_to_sale_ratio": null,
            "price_fair": 100.24,
            "eps_avg_yearly": 2.86,
            "eps_latest_yearly": 0.32,
            "eps_growth_yearly": 83.08
        },
        "20234": {
            "year_quarter": 20234,
            "year": 2023,
            "quarter": 4,
            "eps": null,
            "eps_growth_year": null,
            "eps_4q": null,
            "eps_4q_growth_year": null,
            "roe": null,
            "roe_4q": 2.98,
            "gross_profit": null,
            "gross_margin": null,
            "gross_margin_4q_avg": 0,
            "net_income": null,
            "net_income_4q": null,
            "revenue": null,
            "revenue_4q": null,
            "common_shares": null,
            "book_valuer_per_share": 13.49,
            "book_valuer_per_share_4q_avg": 13.28,
            "equity": null,
            "current_ratio": null,
            "debt_ratio": null,
            "inventory_turnover_ratio": null,
            "account_receivable_turnover_ratio": null,
            "reinvestment_rate": null,
            "research_to_sale_ratio": null,
            "price_fair": 121.1,
            "eps_avg_yearly": 3.46,
            "eps_latest_yearly": 0.32,
            "eps_growth_yearly": 111.54
        }
    },
    "months": {
        "2001-06": {
            "month": "2001-06",
            "price": "3.63",
            "revenue": -71468
        },
        "2001-07": {
            "month": "2001-07",
            "price": "3.08",
            "revenue": -94016
        },
        "2001-08": {
            "month": "2001-08",
            "price": "3.01",
            "revenue": 22951
        },
        "2001-09": {
            "month": "2001-09",
            "price": "2.69",
            "revenue": -227049
        },
        "2001-10": {
            "month": "2001-10",
            "price": "2.56",
            "revenue": 3569
        },
        "2001-11": {
            "month": "2001-11",
            "price": "2.53",
            "revenue": 81553
        },
        "2001-12": {
            "month": "2001-12",
            "price": "3.89",
            "revenue": 230518
        },
        "2002-01": {
            "month": "2002-01",
            "price": "4.08",
            "revenue": 77980
        },
        "2002-02": {
            "month": "2002-02",
            "price": "3.60",
            "revenue": 30784
        },
        "2002-03": {
            "month": "2002-03",
            "price": "4.89",
            "revenue": 87095
        },
        "2002-04": {
            "month": "2002-04",
            "price": "5.85",
            "revenue": 52038
        },
        "2002-05": {
            "month": "2002-05",
            "price": "4.52",
            "revenue": 1465
        },
        "2002-06": {
            "month": "2002-06",
            "price": "4.14",
            "revenue": 11658
        },
        "2002-07": {
            "month": "2002-07",
            "price": "3.82",
            "revenue": 25490
        },
        "2002-08": {
            "month": "2002-08",
            "price": "3.79",
            "revenue": 31589
        },
        "2002-09": {
            "month": "2002-09",
            "price": "3.35",
            "revenue": 27299
        },
        "2002-10": {
            "month": "2002-10",
            "price": "3.06",
            "revenue": 34681
        },
        "2002-11": {
            "month": "2002-11",
            "price": "3.11",
            "revenue": 45362
        },
        "2002-12": {
            "month": "2002-12",
            "price": "2.83",
            "revenue": 19954
        },
        "2003-01": {
            "month": "2003-01",
            "price": "3.48",
            "revenue": 63107
        },
        "2003-02": {
            "month": "2003-02",
            "price": "3.35",
            "revenue": 10710
        },
        "2003-03": {
            "month": "2003-03",
            "price": "3.05",
            "revenue": 14748
        },
        "2003-04": {
            "month": "2003-04",
            "price": "2.90",
            "revenue": 15359
        },
        "2003-05": {
            "month": "2003-05",
            "price": "2.46",
            "revenue": 34473
        },
        "2003-06": {
            "month": "2003-06",
            "price": "3.25",
            "revenue": 144565
        },
        "2003-07": {
            "month": "2003-07",
            "price": "3.67",
            "revenue": 134065
        },
        "2003-08": {
            "month": "2003-08",
            "price": "3.32",
            "revenue": 96061
        },
        "2003-09": {
            "month": "2003-09",
            "price": "3.34",
            "revenue": -2322
        },
        "2003-10": {
            "month": "2003-10",
            "price": "3.47",
            "revenue": 111977
        },
        "2003-11": {
            "month": "2003-11",
            "price": "3.59",
            "revenue": -3123
        },
        "2003-12": {
            "month": "2003-12",
            "price": "3.70",
            "revenue": -1028
        },
        "2004-01": {
            "month": "2004-01",
            "price": "4.67",
            "revenue": 151896
        },
        "2004-02": {
            "month": "2004-02",
            "price": "8.63",
            "revenue": 172360
        },
        "2004-03": {
            "month": "2004-03",
            "price": "12.05",
            "revenue": -101944
        },
        "2004-04": {
            "month": "2004-04",
            "price": "10.36",
            "revenue": -30527
        },
        "2004-05": {
            "month": "2004-05",
            "price": "6.87",
            "revenue": -92524
        },
        "2004-06": {
            "month": "2004-06",
            "price": "6.31",
            "revenue": 24533
        },
        "2004-07": {
            "month": "2004-07",
            "price": "5.29",
            "revenue": -20001
        },
        "2004-08": {
            "month": "2004-08",
            "price": "4.59",
            "revenue": -33444
        },
        "2004-09": {
            "month": "2004-09",
            "price": "5.08",
            "revenue": 41109
        },
        "2004-10": {
            "month": "2004-10",
            "price": "4.82",
            "revenue": -3485
        },
        "2004-11": {
            "month": "2004-11",
            "price": "4.87",
            "revenue": 6633
        },
        "2004-12": {
            "month": "2004-12",
            "price": "5.04",
            "revenue": 25638
        },
        "2005-01": {
            "month": "2005-01",
            "price": "5.22",
            "revenue": -20840
        },
        "2005-02": {
            "month": "2005-02",
            "price": "5.25",
            "revenue": 17581
        },
        "2005-03": {
            "month": "2005-03",
            "price": "5.10",
            "revenue": 31238
        },
        "2005-04": {
            "month": "2005-04",
            "price": "4.73",
            "revenue": 35404
        },
        "2005-05": {
            "month": "2005-05",
            "price": "4.66",
            "revenue": 73348
        },
        "2005-06": {
            "month": "2005-06",
            "price": "5.11",
            "revenue": 61535
        },
        "2005-07": {
            "month": "2005-07",
            "price": "5.46",
            "revenue": 47926
        },
        "2005-08": {
            "month": "2005-08",
            "price": "5.47",
            "revenue": 20785
        },
        "2005-09": {
            "month": "2005-09",
            "price": "5.18",
            "revenue": 24707
        },
        "2005-10": {
            "month": "2005-10",
            "price": "6.28",
            "revenue": 38409
        },
        "2005-11": {
            "month": "2005-11",
            "price": "5.57",
            "revenue": 50427
        },
        "2005-12": {
            "month": "2005-12",
            "price": "6.40",
            "revenue": 77371
        },
        "2006-01": {
            "month": "2006-01",
            "price": "7.37",
            "revenue": 64897
        },
        "2006-02": {
            "month": "2006-02",
            "price": "6.76",
            "revenue": 16485
        },
        "2006-03": {
            "month": "2006-03",
            "price": "5.92",
            "revenue": 114766
        },
        "2006-04": {
            "month": "2006-04",
            "price": "6.37",
            "revenue": 135883
        },
        "2006-05": {
            "month": "2006-05",
            "price": "7.29",
            "revenue": 71737
        },
        "2006-06": {
            "month": "2006-06",
            "price": "6.04",
            "revenue": 29014
        },
        "2006-07": {
            "month": "2006-07",
            "price": "5.80",
            "revenue": 37597
        },
        "2006-08": {
            "month": "2006-08",
            "price": "5.78",
            "revenue": 53611
        },
        "2006-09": {
            "month": "2006-09",
            "price": "5.73",
            "revenue": 82990
        },
        "2006-10": {
            "month": "2006-10",
            "price": "5.99",
            "revenue": 68450
        },
        "2006-11": {
            "month": "2006-11",
            "price": "6.02",
            "revenue": 47191
        },
        "2006-12": {
            "month": "2006-12",
            "price": "6.85",
            "revenue": 128334
        },
        "2007-01": {
            "month": "2007-01",
            "price": "7.63",
            "revenue": 108121
        },
        "2007-02": {
            "month": "2007-02",
            "price": "7.26",
            "revenue": 87084
        },
        "2007-03": {
            "month": "2007-03",
            "price": "6.92",
            "revenue": 116905
        },
        "2007-04": {
            "month": "2007-04",
            "price": "7.16",
            "revenue": 53484
        },
        "2007-05": {
            "month": "2007-05",
            "price": "6.86",
            "revenue": 117479
        },
        "2007-06": {
            "month": "2007-06",
            "price": "8.00",
            "revenue": 171483
        },
        "2007-07": {
            "month": "2007-07",
            "price": "13.94",
            "revenue": 332212
        },
        "2007-08": {
            "month": "2007-08",
            "price": "14.09",
            "revenue": 81342
        },
        "2007-09": {
            "month": "2007-09",
            "price": "14.90",
            "revenue": 175450
        },
        "2007-10": {
            "month": "2007-10",
            "price": "17.60",
            "revenue": 138972
        },
        "2007-11": {
            "month": "2007-11",
            "price": "15.11",
            "revenue": -97207
        },
        "2007-12": {
            "month": "2007-12",
            "price": "11.89",
            "revenue": 110206
        },
        "2008-01": {
            "month": "2008-01",
            "price": "12.82",
            "revenue": -124645
        },
        "2008-02": {
            "month": "2008-02",
            "price": "13.48",
            "revenue": 133567
        },
        "2008-03": {
            "month": "2008-03",
            "price": "15.70",
            "revenue": 83487
        },
        "2008-04": {
            "month": "2008-04",
            "price": "17.68",
            "revenue": 179944
        },
        "2008-05": {
            "month": "2008-05",
            "price": "15.79",
            "revenue": -34478
        },
        "2008-06": {
            "month": "2008-06",
            "price": "12.67",
            "revenue": -107557
        },
        "2008-07": {
            "month": "2008-07",
            "price": "10.36",
            "revenue": -6057
        },
        "2008-08": {
            "month": "2008-08",
            "price": "10.63",
            "revenue": 72500
        },
        "2008-09": {
            "month": "2008-09",
            "price": "8.12",
            "revenue": -44241
        },
        "2008-10": {
            "month": "2008-10",
            "price": "4.78",
            "revenue": 13845
        },
        "2008-11": {
            "month": "2008-11",
            "price": "5.34",
            "revenue": -36524
        },
        "2008-12": {
            "month": "2008-12",
            "price": "6.53",
            "revenue": 18607
        },
        "2009-01": {
            "month": "2009-01",
            "price": "5.85",
            "revenue": 18697
        },
        "2009-02": {
            "month": "2009-02",
            "price": "5.07",
            "revenue": 44591
        },
        "2009-03": {
            "month": "2009-03",
            "price": "6.18",
            "revenue": 68024
        },
        "2009-04": {
            "month": "2009-04",
            "price": "7.44",
            "revenue": 100546
        },
        "2009-05": {
            "month": "2009-05",
            "price": "8.76",
            "revenue": 162479
        },
        "2009-06": {
            "month": "2009-06",
            "price": "8.18",
            "revenue": 59820
        },
        "2009-07": {
            "month": "2009-07",
            "price": "8.02",
            "revenue": 146784
        },
        "2009-08": {
            "month": "2009-08",
            "price": "7.34",
            "revenue": 67808
        },
        "2009-09": {
            "month": "2009-09",
            "price": "8.08",
            "revenue": 184163
        },
        "2009-10": {
            "month": "2009-10",
            "price": "9.45",
            "revenue": 80242
        },
        "2009-11": {
            "month": "2009-11",
            "price": "8.81",
            "revenue": 118258
        },
        "2009-12": {
            "month": "2009-12",
            "price": "9.17",
            "revenue": 283688
        },
        "2010-01": {
            "month": "2010-01",
            "price": "10.96",
            "revenue": -1246
        },
        "2010-02": {
            "month": "2010-02",
            "price": "8.91",
            "revenue": -15030
        },
        "2010-03": {
            "month": "2010-03",
            "price": "8.96",
            "revenue": 199213
        },
        "2010-04": {
            "month": "2010-04",
            "price": "9.15",
            "revenue": 97618
        },
        "2010-05": {
            "month": "2010-05",
            "price": "7.93",
            "revenue": 40793
        },
        "2010-06": {
            "month": "2010-06",
            "price": "7.50",
            "revenue": 39648
        },
        "2010-07": {
            "month": "2010-07",
            "price": "8.06",
            "revenue": 94063
        },
        "2010-08": {
            "month": "2010-08",
            "price": "8.68",
            "revenue": 102933
        },
        "2010-09": {
            "month": "2010-09",
            "price": "8.42",
            "revenue": 144861
        },
        "2010-10": {
            "month": "2010-10",
            "price": "8.53",
            "revenue": 54630
        },
        "2010-11": {
            "month": "2010-11",
            "price": "8.26",
            "revenue": 64172
        },
        "2010-12": {
            "month": "2010-12",
            "price": "9.26",
            "revenue": 141760
        },
        "2011-01": {
            "month": "2011-01",
            "price": "9.73",
            "revenue": 91065
        },
        "2011-02": {
            "month": "2011-02",
            "price": "8.58",
            "revenue": 26367
        },
        "2011-03": {
            "month": "2011-03",
            "price": "7.83",
            "revenue": 81301
        },
        "2011-04": {
            "month": "2011-04",
            "price": "7.93",
            "revenue": 45006
        },
        "2011-05": {
            "month": "2011-05",
            "price": "8.04",
            "revenue": 43005
        },
        "2011-06": {
            "month": "2011-06",
            "price": "7.74",
            "revenue": -4840
        },
        "2011-07": {
            "month": "2011-07",
            "price": "7.49",
            "revenue": 68403
        },
        "2011-08": {
            "month": "2011-08",
            "price": "6.37",
            "revenue": -32806
        },
        "2011-09": {
            "month": "2011-09",
            "price": "5.71",
            "revenue": 211
        },
        "2011-10": {
            "month": "2011-10",
            "price": "5.29",
            "revenue": 59477
        },
        "2011-11": {
            "month": "2011-11",
            "price": "5.06",
            "revenue": -14606
        },
        "2011-12": {
            "month": "2011-12",
            "price": "4.51",
            "revenue": 43836
        },
        "2012-01": {
            "month": "2012-01",
            "price": "4.52",
            "revenue": 88358
        },
        "2012-02": {
            "month": "2012-02",
            "price": "6.38",
            "revenue": 140360
        },
        "2012-03": {
            "month": "2012-03",
            "price": "6.19",
            "revenue": 52203
        },
        "2012-04": {
            "month": "2012-04",
            "price": "5.03",
            "revenue": -9086
        },
        "2012-05": {
            "month": "2012-05",
            "price": "4.81",
            "revenue": 58364
        },
        "2012-06": {
            "month": "2012-06",
            "price": "4.91",
            "revenue": 41432
        },
        "2012-07": {
            "month": "2012-07",
            "price": "5.28",
            "revenue": 36986
        },
        "2012-08": {
            "month": "2012-08",
            "price": "6.63",
            "revenue": 73037
        },
        "2012-09": {
            "month": "2012-09",
            "price": "7.28",
            "revenue": 64453
        },
        "2012-10": {
            "month": "2012-10",
            "price": "6.86",
            "revenue": 6033
        },
        "2012-11": {
            "month": "2012-11",
            "price": "6.73",
            "revenue": 84103
        },
        "2012-12": {
            "month": "2012-12",
            "price": "7.50",
            "revenue": 90029
        },
        "2013-01": {
            "month": "2013-01",
            "price": "8.25",
            "revenue": 74948
        },
        "2013-02": {
            "month": "2013-02",
            "price": "8.68",
            "revenue": 66421
        },
        "2013-03": {
            "month": "2013-03",
            "price": "9.07",
            "revenue": 127635
        },
        "2013-04": {
            "month": "2013-04",
            "price": "9.16",
            "revenue": 107965
        },
        "2013-05": {
            "month": "2013-05",
            "price": "10.42",
            "revenue": 100846
        },
        "2013-06": {
            "month": "2013-06",
            "price": "11.63",
            "revenue": 23712
        },
        "2013-07": {
            "month": "2013-07",
            "price": "11.19",
            "revenue": 158169
        },
        "2013-08": {
            "month": "2013-08",
            "price": "8.93",
            "revenue": 63012
        },
        "2013-09": {
            "month": "2013-09",
            "price": "9.19",
            "revenue": 63678
        },
        "2013-10": {
            "month": "2013-10",
            "price": "9.17",
            "revenue": 109828
        },
        "2013-11": {
            "month": "2013-11",
            "price": "8.95",
            "revenue": 39948
        },
        "2013-12": {
            "month": "2013-12",
            "price": "9.08",
            "revenue": 129930
        },
        "2014-01": {
            "month": "2014-01",
            "price": "10.55",
            "revenue": 63415
        },
        "2014-02": {
            "month": "2014-02",
            "price": "9.92",
            "revenue": 205080
        },
        "2014-03": {
            "month": "2014-03",
            "price": "10.17",
            "revenue": 114471
        },
        "2014-04": {
            "month": "2014-04",
            "price": "9.70",
            "revenue": 22093
        },
        "2014-05": {
            "month": "2014-05",
            "price": "9.07",
            "revenue": 203511
        },
        "2014-06": {
            "month": "2014-06",
            "price": "9.90",
            "revenue": 182336
        },
        "2014-07": {
            "month": "2014-07",
            "price": "10.53",
            "revenue": 4343
        },
        "2014-08": {
            "month": "2014-08",
            "price": "9.42",
            "revenue": 13659
        },
        "2014-09": {
            "month": "2014-09",
            "price": "9.01",
            "revenue": 38814
        },
        "2014-10": {
            "month": "2014-10",
            "price": "8.35",
            "revenue": 4203
        },
        "2014-11": {
            "month": "2014-11",
            "price": "8.08",
            "revenue": 83690
        },
        "2014-12": {
            "month": "2014-12",
            "price": "8.94",
            "revenue": 141099
        },
        "2015-01": {
            "month": "2015-01",
            "price": "9.09",
            "revenue": 58222
        },
        "2015-02": {
            "month": "2015-02",
            "price": "9.05",
            "revenue": 38333
        },
        "2015-03": {
            "month": "2015-03",
            "price": "8.91",
            "revenue": 83154
        },
        "2015-04": {
            "month": "2015-04",
            "price": "9.00",
            "revenue": 18773
        },
        "2015-05": {
            "month": "2015-05",
            "price": "8.67",
            "revenue": 40094
        },
        "2015-06": {
            "month": "2015-06",
            "price": "7.75",
            "revenue": 59024
        },
        "2015-07": {
            "month": "2015-07",
            "price": "6.56",
            "revenue": -69876
        },
        "2015-08": {
            "month": "2015-08",
            "price": "5.52",
            "revenue": -31846
        },
        "2015-09": {
            "month": "2015-09",
            "price": "5.98",
            "revenue": 109985
        },
        "2015-10": {
            "month": "2015-10",
            "price": "6.28",
            "revenue": 68822
        },
        "2015-11": {
            "month": "2015-11",
            "price": "6.70",
            "revenue": 53740
        },
        "2015-12": {
            "month": "2015-12",
            "price": "6.28",
            "revenue": 18623
        },
        "2016-01": {
            "month": "2016-01",
            "price": "6.14",
            "revenue": 65017
        },
        "2016-02": {
            "month": "2016-02",
            "price": "6.64",
            "revenue": 54430
        },
        "2016-03": {
            "month": "2016-03",
            "price": "6.61",
            "revenue": 61557
        },
        "2016-04": {
            "month": "2016-04",
            "price": "5.90",
            "revenue": 12530
        },
        "2016-05": {
            "month": "2016-05",
            "price": "5.65",
            "revenue": 49154
        },
        "2016-06": {
            "month": "2016-06",
            "price": "6.03",
            "revenue": 44941
        },
        "2016-07": {
            "month": "2016-07",
            "price": "6.17",
            "revenue": 76654
        },
        "2016-08": {
            "month": "2016-08",
            "price": "6.18",
            "revenue": 48747
        },
        "2016-09": {
            "month": "2016-09",
            "price": "6.12",
            "revenue": 25058
        },
        "2016-10": {
            "month": "2016-10",
            "price": "5.80",
            "revenue": 18876
        },
        "2016-11": {
            "month": "2016-11",
            "price": "5.93",
            "revenue": 7648
        },
        "2016-12": {
            "month": "2016-12",
            "price": "6.28",
            "revenue": 40910
        },
        "2017-01": {
            "month": "2017-01",
            "price": "6.42",
            "revenue": 54258
        },
        "2017-02": {
            "month": "2017-02",
            "price": "7.21",
            "revenue": 46398
        },
        "2017-03": {
            "month": "2017-03",
            "price": "7.10",
            "revenue": 107795
        },
        "2017-04": {
            "month": "2017-04",
            "price": "6.87",
            "revenue": 28273
        },
        "2017-05": {
            "month": "2017-05",
            "price": "6.96",
            "revenue": 25394
        },
        "2017-06": {
            "month": "2017-06",
            "price": "7.01",
            "revenue": 111758
        },
        "2017-07": {
            "month": "2017-07",
            "price": "6.71",
            "revenue": 115685
        },
        "2017-08": {
            "month": "2017-08",
            "price": "6.86",
            "revenue": 129006
        },
        "2017-09": {
            "month": "2017-09",
            "price": "7.68",
            "revenue": 110418
        },
        "2017-10": {
            "month": "2017-10",
            "price": "7.91",
            "revenue": 59583
        },
        "2017-11": {
            "month": "2017-11",
            "price": "7.87",
            "revenue": 69334
        },
        "2017-12": {
            "month": "2017-12",
            "price": "8.13",
            "revenue": 54441
        },
        "2018-01": {
            "month": "2018-01",
            "price": "8.22",
            "revenue": 155459
        },
        "2018-02": {
            "month": "2018-02",
            "price": "7.94",
            "revenue": -136304
        },
        "2018-03": {
            "month": "2018-03",
            "price": "7.76",
            "revenue": 147024
        },
        "2018-04": {
            "month": "2018-04",
            "price": "7.60",
            "revenue": -26769
        },
        "2018-05": {
            "month": "2018-05",
            "price": "7.40",
            "revenue": 197260
        },
        "2018-06": {
            "month": "2018-06",
            "price": "7.65",
            "revenue": 72283
        },
        "2018-07": {
            "month": "2018-07",
            "price": "6.97",
            "revenue": -30066
        },
        "2018-08": {
            "month": "2018-08",
            "price": "6.86",
            "revenue": 11369
        },
        "2018-09": {
            "month": "2018-09",
            "price": "6.43",
            "revenue": -91744
        },
        "2018-10": {
            "month": "2018-10",
            "price": "6.35",
            "revenue": -208506
        },
        "2018-11": {
            "month": "2018-11",
            "price": "6.24",
            "revenue": 176373
        },
        "2018-12": {
            "month": "2018-12",
            "price": "6.27",
            "revenue": 30273
        },
        "2019-01": {
            "month": "2019-01",
            "price": "6.29",
            "revenue": 98014
        },
        "2019-02": {
            "month": "2019-02",
            "price": "6.66",
            "revenue": 114287
        },
        "2019-03": {
            "month": "2019-03",
            "price": "6.66",
            "revenue": 66129
        },
        "2019-04": {
            "month": "2019-04",
            "price": "6.72",
            "revenue": 58027
        },
        "2019-05": {
            "month": "2019-05",
            "price": "6.40",
            "revenue": -2066
        },
        "2019-06": {
            "month": "2019-06",
            "price": "6.37",
            "revenue": 68295
        },
        "2019-07": {
            "month": "2019-07",
            "price": "6.33",
            "revenue": 91196
        },
        "2019-08": {
            "month": "2019-08",
            "price": "6.21",
            "revenue": 64844
        },
        "2019-09": {
            "month": "2019-09",
            "price": "6.25",
            "revenue": 60893
        },
        "2019-10": {
            "month": "2019-10",
            "price": "6.29",
            "revenue": 87974
        },
        "2019-11": {
            "month": "2019-11",
            "price": "6.79",
            "revenue": 86022
        },
        "2019-12": {
            "month": "2019-12",
            "price": "6.88",
            "revenue": 57743
        },
        "2020-01": {
            "month": "2020-01",
            "price": "6.81",
            "revenue": -9581
        },
        "2020-02": {
            "month": "2020-02",
            "price": "6.41",
            "revenue": 36926
        },
        "2020-03": {
            "month": "2020-03",
            "price": "5.90",
            "revenue": -97368
        },
        "2020-04": {
            "month": "2020-04",
            "price": "5.73",
            "revenue": 230848
        },
        "2020-05": {
            "month": "2020-05",
            "price": "6.08",
            "revenue": 124561
        },
        "2020-06": {
            "month": "2020-06",
            "price": "6.36",
            "revenue": 233384
        },
        "2020-07": {
            "month": "2020-07",
            "price": "7.90",
            "revenue": 105581
        },
        "2020-08": {
            "month": "2020-08",
            "price": "8.41",
            "revenue": 67478
        },
        "2020-09": {
            "month": "2020-09",
            "price": "7.96",
            "revenue": 35252
        },
        "2020-10": {
            "month": "2020-10",
            "price": "7.14",
            "revenue": 67224
        },
        "2020-11": {
            "month": "2020-11",
            "price": "7.31",
            "revenue": 262430
        },
        "2020-12": {
            "month": "2020-12",
            "price": "9.29",
            "revenue": 249272
        },
        "2021-01": {
            "month": "2021-01",
            "price": "13.39",
            "revenue": -2411
        },
        "2021-02": {
            "month": "2021-02",
            "price": "11.78",
            "revenue": 289620
        },
        "2021-03": {
            "month": "2021-03",
            "price": "12.21",
            "revenue": 309837
        },
        "2021-04": {
            "month": "2021-04",
            "price": "17.79",
            "revenue": 569812
        },
        "2021-05": {
            "month": "2021-05",
            "price": "21.52",
            "revenue": 201273
        },
        "2021-06": {
            "month": "2021-06",
            "price": "25.30",
            "revenue": 559266
        },
        "2021-07": {
            "month": "2021-07",
            "price": "24.13",
            "revenue": 98133
        },
        "2021-08": {
            "month": "2021-08",
            "price": "20.52",
            "revenue": 131981
        },
        "2021-09": {
            "month": "2021-09",
            "price": "18.78",
            "revenue": 11520
        },
        "2021-10": {
            "month": "2021-10",
            "price": "16.02",
            "revenue": -8816
        },
        "2021-11": {
            "month": "2021-11",
            "price": "16.53",
            "revenue": 241451
        },
        "2021-12": {
            "month": "2021-12",
            "price": "17.05",
            "revenue": 239592
        },
        "2022-01": {
            "month": "2022-01",
            "price": "17.54",
            "revenue": -100643
        },
        "2022-02": {
            "month": "2022-02",
            "price": "16.13",
            "revenue": 152635
        },
        "2022-03": {
            "month": "2022-03",
            "price": "15.74",
            "revenue": 94367
        },
        "2022-04": {
            "month": "2022-04",
            "price": "15.92",
            "revenue": 63008
        },
        "2022-05": {
            "month": "2022-05",
            "price": "15.47",
            "revenue": 28193
        },
        "2022-06": {
            "month": "2022-06",
            "price": "14.21",
            "revenue": 102258
        },
        "2022-07": {
            "month": "2022-07",
            "price": "12.98",
            "revenue": 61666
        },
        "2022-08": {
            "month": "2022-08",
            "price": "11.14",
            "revenue": 82462
        },
        "2022-09": {
            "month": "2022-09",
            "price": "10.48",
            "revenue": 99655
        },
        "2022-10": {
            "month": "2022-10",
            "price": "9.72",
            "revenue": -33182
        },
        "2022-11": {
            "month": "2022-11",
            "price": "10.15",
            "revenue": 77222
        },
        "2022-12": {
            "month": "2022-12",
            "price": "9.68",
            "revenue": 54324
        },
        "2023-01": {
            "month": "2023-01",
            "price": "8.79",
            "revenue": 34374
        },
        "2023-02": {
            "month": "2023-02",
            "price": "9.60",
            "revenue": 126944
        },
        "2023-03": {
            "month": "2023-03",
            "price": "9.88",
            "revenue": 97925
        },
        "2023-04": {
            "month": "2023-04",
            "price": "9.87",
            "revenue": 80292
        },
        "2023-05": {
            "month": "2023-05",
            "price": "9.86",
            "revenue": 82546
        },
        "2023-06": {
            "month": "2023-06",
            "price": "11.56",
            "revenue": 158605
        },
        "2023-07": {
            "month": "2023-07",
            "price": "12.05",
            "revenue": 200183
        },
        "2023-08": {
            "month": "2023-08",
            "price": "11.84",
            "revenue": 67559
        },
        "2023-09": {
            "month": "2023-09",
            "price": "10.86",
            "revenue": 60210
        },
        "2023-10": {
            "month": "2023-10",
            "price": "10.21",
            "revenue": 3198
        },
        "2023-11": {
            "month": "2023-11",
            "price": "10.38",
            "revenue": 153620
        },
        "2023-12": {
            "month": "2023-12",
            "price": "10.91",
            "revenue": 155732
        }
    }
}
