{
    "summary": {
        "stock_name": "康和證",
        "stock_id": "6016",
        "category": "金融",
        "main_business": "證券經紀承銷自營股務代理<br>期貨交易輔助人",
        "website_url": "http://www.concords.com.tw/default.aspx",
        "ceo": "邱榮澄",
        "pe_ratio": 14,
        "report_year_from": 2001,
        "report_year_to": 2023,
        "age": 22,
        "eps_negative_percentage": 57,
        "eps_growth_avg": {
            "last_all": 3.17,
            "last_2y": 9.52,
            "last_4y": -17.86,
            "last_8y": 4.08,
            "last_12y": null,
            "last_16y": null,
            "last_20y": null,
            "at_2006_last_3y": null,
            "at_2007_last_3y": null,
            "at_2008_last_3y": null,
            "at_2009_last_3y": null,
            "at_2010_last_3y": null,
            "at_2011_last_3y": null,
            "at_2012_last_3y": null,
            "at_2013_last_3y": null,
            "at_2014_last_3y": 33.33,
            "at_2015_last_3y": 100,
            "at_2016_last_3y": 50,
            "at_2017_last_3y": 33.33,
            "at_2018_last_3y": -33.33,
            "at_2019_last_3y": -100,
            "at_2020_last_3y": 0,
            "at_2021_last_3y": 9.52,
            "at_2022_last_3y": 9.52,
            "at_2023_last_3y": 9.52,
            "at_2006_last_all": null,
            "at_2007_last_all": null,
            "at_2008_last_all": null,
            "at_2009_last_all": null,
            "at_2010_last_all": null,
            "at_2011_last_all": null,
            "at_2012_last_all": -100,
            "at_2013_last_all": 0,
            "at_2014_last_all": 33.33,
            "at_2015_last_all": 50,
            "at_2016_last_all": 20,
            "at_2017_last_all": 20,
            "at_2018_last_all": 0,
            "at_2019_last_all": 0,
            "at_2020_last_all": 14.29,
            "at_2021_last_all": 16.07,
            "at_2022_last_all": 3.17,
            "at_2023_last_all": 3.17
        },
        "latest_eps": 0.75,
        "latest_price": 10.8,
        "latest_roe": 5.3,
        "latest_gross_margin": null,
        "latest_equity": 8300360,
        "latest_revenue": 989147,
        "latest_gross_profit": null,
        "latest_net_income": 420165,
        "latest_debt_ratio": 77.11,
        "latest_current_ratio": 110.77,
        "latest_account_receivable_turnover_ratio": 0.17,
        "latest_inventory_turnover_ratio": null,
        "latest_reinvestment_rate": -1.53,
        "latest_research_to_sale_ratio": null
    },
    "eps_dividends": {
        "1994": {
            "cash": 0,
            "stock": 0,
            "eps": 0
        },
        "1995": {
            "cash": 1,
            "stock": 1,
            "eps": 0
        },
        "1996": {
            "cash": 0,
            "stock": 0,
            "eps": 0
        },
        "1997": {
            "cash": 0,
            "stock": 1,
            "eps": 0
        },
        "1999": {
            "cash": 1,
            "stock": 1,
            "eps": 0
        },
        "2000": {
            "cash": 1,
            "stock": 1,
            "eps": 0
        },
        "2001": {
            "cash": 1,
            "stock": 1,
            "eps": 0
        },
        "2002": {
            "cash": 0,
            "stock": 1,
            "eps": 0
        },
        "2003": {
            "cash": 0,
            "stock": 0,
            "eps": 0
        },
        "2004": {
            "cash": 0,
            "stock": 1,
            "eps": 0
        },
        "2005": {
            "cash": 0,
            "stock": 0,
            "eps": 0
        },
        "2006": {
            "cash": 0,
            "stock": 0,
            "eps": 0
        },
        "2007": {
            "cash": 0,
            "stock": 0,
            "eps": 0
        },
        "2008": {
            "cash": 0,
            "stock": 1,
            "eps": 0
        },
        "2009": {
            "cash": 0,
            "stock": 0,
            "eps": 0
        },
        "2010": {
            "cash": 0,
            "stock": 0,
            "eps": 0.17
        },
        "2011": {
            "cash": 0,
            "stock": 0,
            "eps": -0.54
        },
        "2012": {
            "cash": 0,
            "stock": 0,
            "eps": 0.01
        },
        "2013": {
            "cash": 0,
            "stock": 0,
            "eps": 0.03
        },
        "2014": {
            "cash": 0,
            "stock": 0,
            "eps": 0.1
        },
        "2015": {
            "cash": 0,
            "stock": 0,
            "eps": 0.36
        },
        "2016": {
            "cash": 0,
            "stock": 0,
            "eps": -0.57
        },
        "2017": {
            "cash": 0,
            "stock": 0,
            "eps": 1.15
        },
        "2018": {
            "cash": 0,
            "stock": 1,
            "eps": -0.46
        },
        "2019": {
            "cash": 0,
            "stock": 0,
            "eps": 0.47
        },
        "2020": {
            "cash": 0,
            "stock": 0,
            "eps": 1.82
        },
        "2021": {
            "cash": 1,
            "stock": 0,
            "eps": 2.34
        },
        "2022": {
            "cash": 2,
            "stock": 0,
            "eps": -0.25
        },
        "2023": {
            "cash": 0,
            "stock": 0,
            "eps": 0.71
        }
    },
    "dividends": {
        "1994-05-24": {
            "cash": 0.3,
            "stock": 0
        },
        "1995-04-30": {
            "cash": 0.7,
            "stock": 1
        },
        "1996-04-25": {
            "cash": 0,
            "stock": 0.2
        },
        "1997-05-22": {
            "cash": 0,
            "stock": 0.8
        },
        "1999-05-15": {
            "cash": 0.6,
            "stock": 0.6
        },
        "2000-06-29": {
            "cash": 0.51,
            "stock": 0.51
        },
        "2001-04-27": {
            "cash": 1.05,
            "stock": 1.05
        },
        "2002-05-31": {
            "cash": 0,
            "stock": 0.76
        },
        "2003-05-30": {
            "cash": 0,
            "stock": 0.04
        },
        "2004-03-03": {
            "cash": 0,
            "stock": 0.5
        },
        "2005-03-30": {
            "cash": 0,
            "stock": 0.4
        },
        "2007-04-26": {
            "cash": 0.05,
            "stock": 0.4
        },
        "2008-07-31": {
            "cash": 0,
            "stock": 0.68
        },
        "2010-04-28": {
            "cash": 0,
            "stock": 0.41
        },
        "2011-03-25": {
            "cash": 0,
            "stock": 0.15
        },
        "2016-10-21": {
            "cash": 0.2,
            "stock": 0
        },
        "2018-10-19": {
            "cash": 0.25,
            "stock": 0.55
        },
        "2019-03-15": {
            "cash": 0,
            "stock": 0.3
        },
        "2020-09-16": {
            "cash": 0.33,
            "stock": 0.07
        },
        "2021-09-10": {
            "cash": 1.22,
            "stock": 0
        },
        "2022-08-05": {
            "cash": 1.55,
            "stock": 0
        }
    },
    "prices": {
        "200101": "7.40",
        "200102": "7.84",
        "200103": "8.65",
        "200104": "9.96",
        "200105": "7.53",
        "200106": "6.71",
        "200107": "6.10",
        "200108": "6.79",
        "200109": "6.09",
        "200110": "6.39",
        "200111": "6.80",
        "200112": "8.96",
        "200201": "9.71",
        "200202": "10.81",
        "200203": "12.07",
        "200204": "13.28",
        "200205": "11.11",
        "200206": "10.19",
        "200207": "9.19",
        "200208": "7.99",
        "200209": "7.06",
        "200210": "7.17",
        "200211": "7.50",
        "200212": "6.92",
        "200301": "8.12",
        "200302": "7.94",
        "200303": "7.28",
        "200304": "7.12",
        "200305": "6.27",
        "200306": "7.38",
        "200307": "7.95",
        "200308": "7.51",
        "200309": "7.25",
        "200310": "7.46",
        "200311": "7.49",
        "200312": "7.43",
        "200401": "9.17",
        "200402": "13.46",
        "200403": "15.49",
        "200404": "13.67",
        "200405": "11.26",
        "200406": "11.19",
        "200407": "10.41",
        "200408": "9.73",
        "200409": "11.09",
        "200410": "10.99",
        "200411": "10.90",
        "200412": "10.98",
        "200501": "10.69",
        "200502": "10.72",
        "200503": "10.37",
        "200504": "9.07",
        "200505": "8.28",
        "200506": "9.26",
        "200507": "9.48",
        "200508": "9.06",
        "200509": "8.13",
        "200510": "7.46",
        "200511": "7.11",
        "200512": "8.05",
        "200601": "8.81",
        "200602": "8.03",
        "200603": "7.68",
        "200604": "8.47",
        "200605": "9.40",
        "200606": "7.96",
        "200607": "7.56",
        "200608": "7.41",
        "200609": "7.46",
        "200610": "8.01",
        "200611": "8.35",
        "200612": "9.32",
        "200701": "10.06",
        "200702": "9.51",
        "200703": "8.90",
        "200704": "9.12",
        "200705": "8.69",
        "200706": "10.06",
        "200707": "16.27",
        "200708": "15.89",
        "200709": "15.86",
        "200710": "17.34",
        "200711": "14.89",
        "200712": "12.02",
        "200801": "12.83",
        "200802": "13.56",
        "200803": "15.80",
        "200804": "17.80",
        "200805": "16.17",
        "200806": "13.34",
        "200807": "11.52",
        "200808": "11.26",
        "200809": "9.21",
        "200810": "6.56",
        "200811": "6.63",
        "200812": "7.01",
        "200901": "6.75",
        "200902": "6.54",
        "200903": "7.31",
        "200904": "8.50",
        "200905": "10.17",
        "200906": "10.15",
        "200907": "10.32",
        "200908": "9.52",
        "200909": "10.44",
        "200910": "11.42",
        "200911": "10.80",
        "200912": "11.15",
        "201001": "11.80",
        "201002": "10.17",
        "201003": "10.24",
        "201004": "10.33",
        "201005": "9.42",
        "201006": "8.91",
        "201007": "9.32",
        "201008": "9.91",
        "201009": "9.49",
        "201010": "9.60",
        "201011": "9.39",
        "201012": "10.43",
        "201101": "10.92",
        "201102": "9.94",
        "201103": "9.15",
        "201104": "9.43",
        "201105": "9.51",
        "201106": "9.23",
        "201107": "9.12",
        "201108": "8.00",
        "201109": "7.13",
        "201110": "6.94",
        "201111": "6.62",
        "201112": "6.11",
        "201201": "6.26",
        "201202": "7.91",
        "201203": "7.75",
        "201204": "6.64",
        "201205": "6.16",
        "201206": "6.12",
        "201207": "6.20",
        "201208": "6.57",
        "201209": "6.70",
        "201210": "6.41",
        "201211": "6.16",
        "201212": "6.61",
        "201301": "6.85",
        "201302": "7.28",
        "201303": "7.14",
        "201304": "6.83",
        "201305": "7.67",
        "201306": "8.25",
        "201307": "7.96",
        "201308": "7.18",
        "201309": "7.75",
        "201310": "7.92",
        "201311": "7.49",
        "201312": "7.85",
        "201401": "8.87",
        "201402": "8.37",
        "201403": "8.50",
        "201404": "8.23",
        "201405": "7.73",
        "201406": "8.04",
        "201407": "8.78",
        "201408": "8.50",
        "201409": "8.42",
        "201410": "7.91",
        "201411": "7.72",
        "201412": "8.12",
        "201501": "8.15",
        "201502": "8.16",
        "201503": "8.01",
        "201504": "8.06",
        "201505": "7.90",
        "201506": "7.38",
        "201507": "6.97",
        "201508": "6.25",
        "201509": "6.30",
        "201510": "6.54",
        "201511": "6.69",
        "201512": "6.74",
        "201601": "6.79",
        "201602": "6.83",
        "201603": "6.81",
        "201604": "6.50",
        "201605": "6.10",
        "201606": "6.07",
        "201607": "6.56",
        "201608": "6.91",
        "201609": "6.34",
        "201610": "5.96",
        "201611": "6.40",
        "201612": "6.69",
        "201701": "6.34",
        "201702": "6.81",
        "201703": "6.91",
        "201704": "6.86",
        "201705": "6.72",
        "201706": "6.68",
        "201707": "6.69",
        "201708": "7.30",
        "201709": "8.51",
        "201710": "8.47",
        "201711": "8.57",
        "201712": "9.19",
        "201801": "9.45",
        "201802": "9.06",
        "201803": "9.04",
        "201804": "8.62",
        "201805": "8.15",
        "201806": "8.28",
        "201807": "7.91",
        "201808": "7.99",
        "201809": "7.43",
        "201810": "7.48",
        "201811": "6.96",
        "201812": "7.07",
        "201901": "7.54",
        "201902": "7.39",
        "201903": "7.40",
        "201904": "7.26",
        "201905": "7.18",
        "201906": "7.26",
        "201907": "7.47",
        "201908": "7.29",
        "201909": "7.34",
        "201910": "7.32",
        "201911": "8.03",
        "201912": "8.11",
        "202001": "7.84",
        "202002": "7.32",
        "202003": "6.61",
        "202004": "6.74",
        "202005": "7.00",
        "202006": "7.37",
        "202007": "8.92",
        "202008": "10.20",
        "202009": "9.95",
        "202010": "8.85",
        "202011": "9.33",
        "202012": "11.79",
        "202101": "14.81",
        "202102": "14.58",
        "202103": "15.52",
        "202104": "17.45",
        "202105": "17.18",
        "202106": "16.50",
        "202107": "16.46",
        "202108": "14.12",
        "202109": "12.46",
        "202110": "11.54",
        "202111": "13.37",
        "202112": "14.18",
        "202201": "14.43",
        "202202": "13.77",
        "202203": "13.97",
        "202204": "14.34",
        "202205": "13.06",
        "202206": "12.97",
        "202207": "10.17",
        "202208": "10.54",
        "202209": "10.24",
        "202210": "9.47",
        "202211": "9.83",
        "202212": "10.03",
        "202301": "9.70",
        "202302": "10.38",
        "202303": "10.83",
        "202304": "11.28",
        "202305": "10.84"
    },
    "quarters": {
        "20011": {
            "year_quarter": 20011,
            "year": 2001,
            "quarter": 1,
            "eps": null,
            "eps_growth_year": null,
            "eps_4q": null,
            "eps_4q_growth_year": null,
            "roe": null,
            "gross_profit": null,
            "gross_margin": null,
            "net_income": null,
            "revenue": null,
            "common_shares": null,
            "equity": null,
            "current_ratio": null,
            "debt_ratio": null,
            "inventory_turnover_ratio": null,
            "account_receivable_turnover_ratio": null,
            "reinvestment_rate": null,
            "research_to_sale_ratio": null,
            "price_fair": 0,
            "eps_avg_yearly": 0,
            "eps_latest_yearly": 0,
            "eps_growth_yearly": 0
        },
        "20012": {
            "year_quarter": 20012,
            "year": 2001,
            "quarter": 2,
            "eps": null,
            "eps_growth_year": null,
            "eps_4q": null,
            "eps_4q_growth_year": null,
            "roe": null,
            "gross_profit": null,
            "gross_margin": null,
            "net_income": null,
            "revenue": null,
            "common_shares": null,
            "equity": null,
            "current_ratio": null,
            "debt_ratio": null,
            "inventory_turnover_ratio": null,
            "account_receivable_turnover_ratio": null,
            "reinvestment_rate": null,
            "research_to_sale_ratio": null,
            "price_fair": 0,
            "eps_avg_yearly": 0,
            "eps_latest_yearly": 0,
            "eps_growth_yearly": 0
        },
        "20013": {
            "year_quarter": 20013,
            "year": 2001,
            "quarter": 3,
            "eps": null,
            "eps_growth_year": null,
            "eps_4q": null,
            "eps_4q_growth_year": null,
            "roe": null,
            "gross_profit": null,
            "gross_margin": null,
            "net_income": null,
            "revenue": null,
            "common_shares": null,
            "equity": null,
            "current_ratio": null,
            "debt_ratio": null,
            "inventory_turnover_ratio": null,
            "account_receivable_turnover_ratio": null,
            "reinvestment_rate": null,
            "research_to_sale_ratio": null,
            "price_fair": 0,
            "eps_avg_yearly": 0,
            "eps_latest_yearly": 0,
            "eps_growth_yearly": 0
        },
        "20014": {
            "year_quarter": 20014,
            "year": 2001,
            "quarter": 4,
            "eps": null,
            "eps_growth_year": null,
            "eps_4q": null,
            "eps_4q_growth_year": null,
            "roe": null,
            "gross_profit": null,
            "gross_margin": null,
            "net_income": null,
            "revenue": null,
            "common_shares": null,
            "equity": null,
            "current_ratio": null,
            "debt_ratio": null,
            "inventory_turnover_ratio": null,
            "account_receivable_turnover_ratio": null,
            "reinvestment_rate": null,
            "research_to_sale_ratio": null,
            "price_fair": 0,
            "eps_avg_yearly": 0,
            "eps_latest_yearly": 0,
            "eps_growth_yearly": 0
        },
        "20021": {
            "year_quarter": 20021,
            "year": 2002,
            "quarter": 1,
            "eps": null,
            "eps_growth_year": null,
            "eps_4q": null,
            "eps_4q_growth_year": null,
            "roe": null,
            "gross_profit": null,
            "gross_margin": null,
            "net_income": null,
            "revenue": null,
            "common_shares": null,
            "equity": null,
            "current_ratio": null,
            "debt_ratio": null,
            "inventory_turnover_ratio": null,
            "account_receivable_turnover_ratio": null,
            "reinvestment_rate": null,
            "research_to_sale_ratio": null,
            "price_fair": 0,
            "eps_avg_yearly": 0,
            "eps_latest_yearly": 0,
            "eps_growth_yearly": 0
        },
        "20022": {
            "year_quarter": 20022,
            "year": 2002,
            "quarter": 2,
            "eps": null,
            "eps_growth_year": null,
            "eps_4q": null,
            "eps_4q_growth_year": null,
            "roe": null,
            "gross_profit": null,
            "gross_margin": null,
            "net_income": null,
            "revenue": null,
            "common_shares": null,
            "equity": null,
            "current_ratio": null,
            "debt_ratio": null,
            "inventory_turnover_ratio": null,
            "account_receivable_turnover_ratio": null,
            "reinvestment_rate": null,
            "research_to_sale_ratio": null,
            "price_fair": 0,
            "eps_avg_yearly": 0,
            "eps_latest_yearly": 0,
            "eps_growth_yearly": 0
        },
        "20023": {
            "year_quarter": 20023,
            "year": 2002,
            "quarter": 3,
            "eps": null,
            "eps_growth_year": null,
            "eps_4q": null,
            "eps_4q_growth_year": null,
            "roe": null,
            "gross_profit": null,
            "gross_margin": null,
            "net_income": null,
            "revenue": null,
            "common_shares": null,
            "equity": null,
            "current_ratio": null,
            "debt_ratio": null,
            "inventory_turnover_ratio": null,
            "account_receivable_turnover_ratio": null,
            "reinvestment_rate": null,
            "research_to_sale_ratio": null,
            "price_fair": 0,
            "eps_avg_yearly": 0,
            "eps_latest_yearly": 0,
            "eps_growth_yearly": 0
        },
        "20024": {
            "year_quarter": 20024,
            "year": 2002,
            "quarter": 4,
            "eps": null,
            "eps_growth_year": null,
            "eps_4q": null,
            "eps_4q_growth_year": null,
            "roe": null,
            "gross_profit": null,
            "gross_margin": null,
            "net_income": null,
            "revenue": null,
            "common_shares": null,
            "equity": null,
            "current_ratio": null,
            "debt_ratio": null,
            "inventory_turnover_ratio": null,
            "account_receivable_turnover_ratio": null,
            "reinvestment_rate": null,
            "research_to_sale_ratio": null,
            "price_fair": 0,
            "eps_avg_yearly": 0,
            "eps_latest_yearly": 0,
            "eps_growth_yearly": 0
        },
        "20031": {
            "year_quarter": 20031,
            "year": 2003,
            "quarter": 1,
            "eps": null,
            "eps_growth_year": null,
            "eps_4q": null,
            "eps_4q_growth_year": null,
            "roe": null,
            "gross_profit": null,
            "gross_margin": null,
            "net_income": null,
            "revenue": null,
            "common_shares": null,
            "equity": null,
            "current_ratio": null,
            "debt_ratio": null,
            "inventory_turnover_ratio": null,
            "account_receivable_turnover_ratio": null,
            "reinvestment_rate": null,
            "research_to_sale_ratio": null,
            "price_fair": 0,
            "eps_avg_yearly": 0,
            "eps_latest_yearly": 0,
            "eps_growth_yearly": 0
        },
        "20032": {
            "year_quarter": 20032,
            "year": 2003,
            "quarter": 2,
            "eps": null,
            "eps_growth_year": null,
            "eps_4q": null,
            "eps_4q_growth_year": null,
            "roe": null,
            "gross_profit": null,
            "gross_margin": null,
            "net_income": null,
            "revenue": null,
            "common_shares": null,
            "equity": null,
            "current_ratio": null,
            "debt_ratio": null,
            "inventory_turnover_ratio": null,
            "account_receivable_turnover_ratio": null,
            "reinvestment_rate": null,
            "research_to_sale_ratio": null,
            "price_fair": 0,
            "eps_avg_yearly": 0,
            "eps_latest_yearly": 0,
            "eps_growth_yearly": 0
        },
        "20033": {
            "year_quarter": 20033,
            "year": 2003,
            "quarter": 3,
            "eps": null,
            "eps_growth_year": null,
            "eps_4q": null,
            "eps_4q_growth_year": null,
            "roe": null,
            "gross_profit": null,
            "gross_margin": null,
            "net_income": null,
            "revenue": null,
            "common_shares": null,
            "equity": null,
            "current_ratio": null,
            "debt_ratio": null,
            "inventory_turnover_ratio": null,
            "account_receivable_turnover_ratio": null,
            "reinvestment_rate": null,
            "research_to_sale_ratio": null,
            "price_fair": 0,
            "eps_avg_yearly": 0,
            "eps_latest_yearly": 0,
            "eps_growth_yearly": 0
        },
        "20034": {
            "year_quarter": 20034,
            "year": 2003,
            "quarter": 4,
            "eps": null,
            "eps_growth_year": null,
            "eps_4q": null,
            "eps_4q_growth_year": null,
            "roe": null,
            "gross_profit": null,
            "gross_margin": null,
            "net_income": null,
            "revenue": null,
            "common_shares": null,
            "equity": null,
            "current_ratio": null,
            "debt_ratio": null,
            "inventory_turnover_ratio": null,
            "account_receivable_turnover_ratio": null,
            "reinvestment_rate": null,
            "research_to_sale_ratio": null,
            "price_fair": 0,
            "eps_avg_yearly": 0,
            "eps_latest_yearly": 0,
            "eps_growth_yearly": 0
        },
        "20041": {
            "year_quarter": 20041,
            "year": 2004,
            "quarter": 1,
            "eps": null,
            "eps_growth_year": null,
            "eps_4q": null,
            "eps_4q_growth_year": null,
            "roe": null,
            "gross_profit": null,
            "gross_margin": null,
            "net_income": null,
            "revenue": null,
            "common_shares": null,
            "equity": null,
            "current_ratio": null,
            "debt_ratio": null,
            "inventory_turnover_ratio": null,
            "account_receivable_turnover_ratio": null,
            "reinvestment_rate": null,
            "research_to_sale_ratio": null,
            "price_fair": 0,
            "eps_avg_yearly": 0,
            "eps_latest_yearly": 0,
            "eps_growth_yearly": 0
        },
        "20042": {
            "year_quarter": 20042,
            "year": 2004,
            "quarter": 2,
            "eps": null,
            "eps_growth_year": null,
            "eps_4q": null,
            "eps_4q_growth_year": null,
            "roe": null,
            "gross_profit": null,
            "gross_margin": null,
            "net_income": null,
            "revenue": null,
            "common_shares": null,
            "equity": null,
            "current_ratio": null,
            "debt_ratio": null,
            "inventory_turnover_ratio": null,
            "account_receivable_turnover_ratio": null,
            "reinvestment_rate": null,
            "research_to_sale_ratio": null,
            "price_fair": 0,
            "eps_avg_yearly": 0,
            "eps_latest_yearly": 0,
            "eps_growth_yearly": 0
        },
        "20043": {
            "year_quarter": 20043,
            "year": 2004,
            "quarter": 3,
            "eps": null,
            "eps_growth_year": null,
            "eps_4q": null,
            "eps_4q_growth_year": null,
            "roe": null,
            "gross_profit": null,
            "gross_margin": null,
            "net_income": null,
            "revenue": null,
            "common_shares": null,
            "equity": null,
            "current_ratio": null,
            "debt_ratio": null,
            "inventory_turnover_ratio": null,
            "account_receivable_turnover_ratio": null,
            "reinvestment_rate": null,
            "research_to_sale_ratio": null,
            "price_fair": 0,
            "eps_avg_yearly": 0,
            "eps_latest_yearly": 0,
            "eps_growth_yearly": 0
        },
        "20044": {
            "year_quarter": 20044,
            "year": 2004,
            "quarter": 4,
            "eps": null,
            "eps_growth_year": null,
            "eps_4q": null,
            "eps_4q_growth_year": null,
            "roe": null,
            "gross_profit": null,
            "gross_margin": null,
            "net_income": null,
            "revenue": null,
            "common_shares": null,
            "equity": null,
            "current_ratio": null,
            "debt_ratio": null,
            "inventory_turnover_ratio": null,
            "account_receivable_turnover_ratio": null,
            "reinvestment_rate": null,
            "research_to_sale_ratio": null,
            "price_fair": 0,
            "eps_avg_yearly": 0,
            "eps_latest_yearly": 0,
            "eps_growth_yearly": 0
        },
        "20051": {
            "year_quarter": 20051,
            "year": 2005,
            "quarter": 1,
            "eps": null,
            "eps_growth_year": null,
            "eps_4q": null,
            "eps_4q_growth_year": null,
            "roe": null,
            "gross_profit": null,
            "gross_margin": null,
            "net_income": null,
            "revenue": null,
            "common_shares": null,
            "equity": null,
            "current_ratio": null,
            "debt_ratio": null,
            "inventory_turnover_ratio": null,
            "account_receivable_turnover_ratio": null,
            "reinvestment_rate": null,
            "research_to_sale_ratio": null,
            "price_fair": 0,
            "eps_avg_yearly": 0,
            "eps_latest_yearly": 0,
            "eps_growth_yearly": 0
        },
        "20052": {
            "year_quarter": 20052,
            "year": 2005,
            "quarter": 2,
            "eps": null,
            "eps_growth_year": null,
            "eps_4q": null,
            "eps_4q_growth_year": null,
            "roe": null,
            "gross_profit": null,
            "gross_margin": null,
            "net_income": null,
            "revenue": null,
            "common_shares": null,
            "equity": null,
            "current_ratio": null,
            "debt_ratio": null,
            "inventory_turnover_ratio": null,
            "account_receivable_turnover_ratio": null,
            "reinvestment_rate": null,
            "research_to_sale_ratio": null,
            "price_fair": 0,
            "eps_avg_yearly": 0,
            "eps_latest_yearly": 0,
            "eps_growth_yearly": 0
        },
        "20053": {
            "year_quarter": 20053,
            "year": 2005,
            "quarter": 3,
            "eps": null,
            "eps_growth_year": null,
            "eps_4q": null,
            "eps_4q_growth_year": null,
            "roe": null,
            "gross_profit": null,
            "gross_margin": null,
            "net_income": null,
            "revenue": null,
            "common_shares": null,
            "equity": null,
            "current_ratio": null,
            "debt_ratio": null,
            "inventory_turnover_ratio": null,
            "account_receivable_turnover_ratio": null,
            "reinvestment_rate": null,
            "research_to_sale_ratio": null,
            "price_fair": 0,
            "eps_avg_yearly": 0,
            "eps_latest_yearly": 0,
            "eps_growth_yearly": 0
        },
        "20054": {
            "year_quarter": 20054,
            "year": 2005,
            "quarter": 4,
            "eps": null,
            "eps_growth_year": null,
            "eps_4q": null,
            "eps_4q_growth_year": null,
            "roe": null,
            "gross_profit": null,
            "gross_margin": null,
            "net_income": null,
            "revenue": null,
            "common_shares": null,
            "equity": null,
            "current_ratio": null,
            "debt_ratio": null,
            "inventory_turnover_ratio": null,
            "account_receivable_turnover_ratio": null,
            "reinvestment_rate": null,
            "research_to_sale_ratio": null,
            "price_fair": 0,
            "eps_avg_yearly": 0,
            "eps_latest_yearly": 0,
            "eps_growth_yearly": 0
        },
        "20061": {
            "year_quarter": 20061,
            "year": 2006,
            "quarter": 1,
            "eps": null,
            "eps_growth_year": null,
            "eps_4q": null,
            "eps_4q_growth_year": null,
            "roe": null,
            "gross_profit": null,
            "gross_margin": null,
            "net_income": null,
            "revenue": null,
            "common_shares": null,
            "equity": null,
            "current_ratio": null,
            "debt_ratio": null,
            "inventory_turnover_ratio": null,
            "account_receivable_turnover_ratio": null,
            "reinvestment_rate": null,
            "research_to_sale_ratio": null,
            "price_fair": 0,
            "eps_avg_yearly": 0,
            "eps_latest_yearly": 0,
            "eps_growth_yearly": 0
        },
        "20062": {
            "year_quarter": 20062,
            "year": 2006,
            "quarter": 2,
            "eps": null,
            "eps_growth_year": null,
            "eps_4q": null,
            "eps_4q_growth_year": null,
            "roe": null,
            "gross_profit": null,
            "gross_margin": null,
            "net_income": null,
            "revenue": null,
            "common_shares": null,
            "equity": null,
            "current_ratio": null,
            "debt_ratio": null,
            "inventory_turnover_ratio": null,
            "account_receivable_turnover_ratio": null,
            "reinvestment_rate": null,
            "research_to_sale_ratio": null,
            "price_fair": 0,
            "eps_avg_yearly": 0,
            "eps_latest_yearly": 0,
            "eps_growth_yearly": 0
        },
        "20063": {
            "year_quarter": 20063,
            "year": 2006,
            "quarter": 3,
            "eps": null,
            "eps_growth_year": null,
            "eps_4q": null,
            "eps_4q_growth_year": null,
            "roe": null,
            "gross_profit": null,
            "gross_margin": null,
            "net_income": null,
            "revenue": null,
            "common_shares": null,
            "equity": null,
            "current_ratio": null,
            "debt_ratio": null,
            "inventory_turnover_ratio": null,
            "account_receivable_turnover_ratio": null,
            "reinvestment_rate": null,
            "research_to_sale_ratio": null,
            "price_fair": 0,
            "eps_avg_yearly": 0,
            "eps_latest_yearly": 0,
            "eps_growth_yearly": 0
        },
        "20064": {
            "year_quarter": 20064,
            "year": 2006,
            "quarter": 4,
            "eps": null,
            "eps_growth_year": null,
            "eps_4q": null,
            "eps_4q_growth_year": null,
            "roe": null,
            "gross_profit": null,
            "gross_margin": null,
            "net_income": null,
            "revenue": null,
            "common_shares": null,
            "equity": null,
            "current_ratio": null,
            "debt_ratio": null,
            "inventory_turnover_ratio": null,
            "account_receivable_turnover_ratio": null,
            "reinvestment_rate": null,
            "research_to_sale_ratio": null,
            "price_fair": 0,
            "eps_avg_yearly": 0,
            "eps_latest_yearly": 0,
            "eps_growth_yearly": 0
        },
        "20071": {
            "year_quarter": 20071,
            "year": 2007,
            "quarter": 1,
            "eps": null,
            "eps_growth_year": null,
            "eps_4q": null,
            "eps_4q_growth_year": null,
            "roe": null,
            "gross_profit": null,
            "gross_margin": null,
            "net_income": null,
            "revenue": null,
            "common_shares": null,
            "equity": null,
            "current_ratio": null,
            "debt_ratio": null,
            "inventory_turnover_ratio": null,
            "account_receivable_turnover_ratio": null,
            "reinvestment_rate": null,
            "research_to_sale_ratio": null,
            "price_fair": 0,
            "eps_avg_yearly": 0,
            "eps_latest_yearly": 0,
            "eps_growth_yearly": 0
        },
        "20072": {
            "year_quarter": 20072,
            "year": 2007,
            "quarter": 2,
            "eps": null,
            "eps_growth_year": null,
            "eps_4q": null,
            "eps_4q_growth_year": null,
            "roe": null,
            "gross_profit": null,
            "gross_margin": null,
            "net_income": null,
            "revenue": null,
            "common_shares": null,
            "equity": null,
            "current_ratio": null,
            "debt_ratio": null,
            "inventory_turnover_ratio": null,
            "account_receivable_turnover_ratio": null,
            "reinvestment_rate": null,
            "research_to_sale_ratio": null,
            "price_fair": 0,
            "eps_avg_yearly": 0,
            "eps_latest_yearly": 0,
            "eps_growth_yearly": 0
        },
        "20073": {
            "year_quarter": 20073,
            "year": 2007,
            "quarter": 3,
            "eps": null,
            "eps_growth_year": null,
            "eps_4q": null,
            "eps_4q_growth_year": null,
            "roe": null,
            "gross_profit": null,
            "gross_margin": null,
            "net_income": null,
            "revenue": null,
            "common_shares": null,
            "equity": null,
            "current_ratio": null,
            "debt_ratio": null,
            "inventory_turnover_ratio": null,
            "account_receivable_turnover_ratio": null,
            "reinvestment_rate": null,
            "research_to_sale_ratio": null,
            "price_fair": 0,
            "eps_avg_yearly": 0,
            "eps_latest_yearly": 0,
            "eps_growth_yearly": 0
        },
        "20074": {
            "year_quarter": 20074,
            "year": 2007,
            "quarter": 4,
            "eps": null,
            "eps_growth_year": null,
            "eps_4q": null,
            "eps_4q_growth_year": null,
            "roe": null,
            "gross_profit": null,
            "gross_margin": null,
            "net_income": null,
            "revenue": null,
            "common_shares": null,
            "equity": null,
            "current_ratio": null,
            "debt_ratio": null,
            "inventory_turnover_ratio": null,
            "account_receivable_turnover_ratio": null,
            "reinvestment_rate": null,
            "research_to_sale_ratio": null,
            "price_fair": 0,
            "eps_avg_yearly": 0,
            "eps_latest_yearly": 0,
            "eps_growth_yearly": 0
        },
        "20081": {
            "year_quarter": 20081,
            "year": 2008,
            "quarter": 1,
            "eps": null,
            "eps_growth_year": null,
            "eps_4q": null,
            "eps_4q_growth_year": null,
            "roe": null,
            "gross_profit": null,
            "gross_margin": null,
            "net_income": null,
            "revenue": null,
            "common_shares": null,
            "equity": null,
            "current_ratio": null,
            "debt_ratio": null,
            "inventory_turnover_ratio": null,
            "account_receivable_turnover_ratio": null,
            "reinvestment_rate": null,
            "research_to_sale_ratio": null,
            "price_fair": 0,
            "eps_avg_yearly": 0,
            "eps_latest_yearly": 0,
            "eps_growth_yearly": 0
        },
        "20082": {
            "year_quarter": 20082,
            "year": 2008,
            "quarter": 2,
            "eps": null,
            "eps_growth_year": null,
            "eps_4q": null,
            "eps_4q_growth_year": null,
            "roe": null,
            "gross_profit": null,
            "gross_margin": null,
            "net_income": null,
            "revenue": null,
            "common_shares": null,
            "equity": null,
            "current_ratio": null,
            "debt_ratio": null,
            "inventory_turnover_ratio": null,
            "account_receivable_turnover_ratio": null,
            "reinvestment_rate": null,
            "research_to_sale_ratio": null,
            "price_fair": 0,
            "eps_avg_yearly": 0,
            "eps_latest_yearly": 0,
            "eps_growth_yearly": 0
        },
        "20083": {
            "year_quarter": 20083,
            "year": 2008,
            "quarter": 3,
            "eps": null,
            "eps_growth_year": null,
            "eps_4q": null,
            "eps_4q_growth_year": null,
            "roe": null,
            "gross_profit": null,
            "gross_margin": null,
            "net_income": null,
            "revenue": null,
            "common_shares": null,
            "equity": null,
            "current_ratio": null,
            "debt_ratio": null,
            "inventory_turnover_ratio": null,
            "account_receivable_turnover_ratio": null,
            "reinvestment_rate": null,
            "research_to_sale_ratio": null,
            "price_fair": 0,
            "eps_avg_yearly": 0,
            "eps_latest_yearly": 0,
            "eps_growth_yearly": 0
        },
        "20084": {
            "year_quarter": 20084,
            "year": 2008,
            "quarter": 4,
            "eps": null,
            "eps_growth_year": null,
            "eps_4q": null,
            "eps_4q_growth_year": null,
            "roe": null,
            "gross_profit": null,
            "gross_margin": null,
            "net_income": null,
            "revenue": null,
            "common_shares": 6554251,
            "equity": 7369873,
            "current_ratio": null,
            "debt_ratio": null,
            "inventory_turnover_ratio": null,
            "account_receivable_turnover_ratio": null,
            "reinvestment_rate": null,
            "research_to_sale_ratio": null,
            "price_fair": 0,
            "eps_avg_yearly": 0,
            "eps_latest_yearly": 0,
            "eps_growth_yearly": 0
        },
        "20091": {
            "year_quarter": 20091,
            "year": 2009,
            "quarter": 1,
            "eps": null,
            "eps_growth_year": null,
            "eps_4q": null,
            "eps_4q_growth_year": null,
            "roe": null,
            "gross_profit": null,
            "gross_margin": null,
            "net_income": 36697,
            "revenue": 535351,
            "common_shares": 6554251,
            "equity": 7417510,
            "current_ratio": null,
            "debt_ratio": null,
            "inventory_turnover_ratio": null,
            "account_receivable_turnover_ratio": null,
            "reinvestment_rate": null,
            "research_to_sale_ratio": null,
            "price_fair": 0,
            "eps_avg_yearly": 0,
            "eps_latest_yearly": 0,
            "eps_growth_yearly": 0
        },
        "20092": {
            "year_quarter": 20092,
            "year": 2009,
            "quarter": 2,
            "eps": null,
            "eps_growth_year": null,
            "eps_4q": null,
            "eps_4q_growth_year": null,
            "roe": null,
            "gross_profit": null,
            "gross_margin": null,
            "net_income": 107938,
            "revenue": 909308,
            "common_shares": 6554251,
            "equity": 7478634,
            "current_ratio": null,
            "debt_ratio": null,
            "inventory_turnover_ratio": null,
            "account_receivable_turnover_ratio": null,
            "reinvestment_rate": null,
            "research_to_sale_ratio": null,
            "price_fair": 0,
            "eps_avg_yearly": 0,
            "eps_latest_yearly": 0,
            "eps_growth_yearly": 0
        },
        "20093": {
            "year_quarter": 20093,
            "year": 2009,
            "quarter": 3,
            "eps": null,
            "eps_growth_year": null,
            "eps_4q": null,
            "eps_4q_growth_year": null,
            "roe": null,
            "gross_profit": null,
            "gross_margin": null,
            "net_income": 139499,
            "revenue": 767870,
            "common_shares": 6554251,
            "equity": 7614418,
            "current_ratio": null,
            "debt_ratio": null,
            "inventory_turnover_ratio": null,
            "account_receivable_turnover_ratio": null,
            "reinvestment_rate": null,
            "research_to_sale_ratio": null,
            "price_fair": 0,
            "eps_avg_yearly": 0,
            "eps_latest_yearly": 0,
            "eps_growth_yearly": 0
        },
        "20094": {
            "year_quarter": 20094,
            "year": 2009,
            "quarter": 4,
            "eps": null,
            "eps_growth_year": null,
            "eps_4q": null,
            "eps_4q_growth_year": null,
            "roe": null,
            "gross_profit": null,
            "gross_margin": null,
            "net_income": 93789,
            "revenue": 764287,
            "common_shares": 6554251,
            "equity": 7704375,
            "current_ratio": 143.66,
            "debt_ratio": 61.36,
            "inventory_turnover_ratio": null,
            "account_receivable_turnover_ratio": null,
            "reinvestment_rate": null,
            "research_to_sale_ratio": null,
            "price_fair": 0,
            "eps_avg_yearly": 0,
            "eps_latest_yearly": 0,
            "eps_growth_yearly": 0
        },
        "20101": {
            "year_quarter": 20101,
            "year": 2010,
            "quarter": 1,
            "eps": -0.16,
            "eps_growth_year": null,
            "eps_4q": -0.16,
            "eps_4q_growth_year": null,
            "roe": -1.31,
            "gross_profit": null,
            "gross_margin": null,
            "net_income": -99991,
            "revenue": 623594,
            "common_shares": 6554251,
            "equity": 7604280,
            "current_ratio": 143.68,
            "debt_ratio": 61.25,
            "inventory_turnover_ratio": null,
            "account_receivable_turnover_ratio": 1.16,
            "reinvestment_rate": null,
            "research_to_sale_ratio": null,
            "price_fair": 0,
            "eps_avg_yearly": 0,
            "eps_latest_yearly": 0,
            "eps_growth_yearly": 0
        },
        "20102": {
            "year_quarter": 20102,
            "year": 2010,
            "quarter": 2,
            "eps": -0.19,
            "eps_growth_year": null,
            "eps_4q": -0.34,
            "eps_4q_growth_year": null,
            "roe": -1.66,
            "gross_profit": null,
            "gross_margin": null,
            "net_income": -125126,
            "revenue": 622353,
            "common_shares": 6554251,
            "equity": 7502442,
            "current_ratio": 145.78,
            "debt_ratio": 60.77,
            "inventory_turnover_ratio": null,
            "account_receivable_turnover_ratio": 1.35,
            "reinvestment_rate": null,
            "research_to_sale_ratio": null,
            "price_fair": 0,
            "eps_avg_yearly": 0,
            "eps_latest_yearly": 0,
            "eps_growth_yearly": 0
        },
        "20103": {
            "year_quarter": 20103,
            "year": 2010,
            "quarter": 3,
            "eps": 0.34,
            "eps_growth_year": null,
            "eps_4q": 0,
            "eps_4q_growth_year": null,
            "roe": 2.98,
            "gross_profit": null,
            "gross_margin": null,
            "net_income": 226887,
            "revenue": 716865,
            "common_shares": 6816422,
            "equity": 7738450,
            "current_ratio": 141.3,
            "debt_ratio": 62.57,
            "inventory_turnover_ratio": null,
            "account_receivable_turnover_ratio": 2.02,
            "reinvestment_rate": null,
            "research_to_sale_ratio": null,
            "price_fair": 0,
            "eps_avg_yearly": 0,
            "eps_latest_yearly": 0,
            "eps_growth_yearly": 0
        },
        "20104": {
            "year_quarter": 20104,
            "year": 2010,
            "quarter": 4,
            "eps": 0.18,
            "eps_growth_year": null,
            "eps_4q": 0.18,
            "eps_4q_growth_year": null,
            "roe": 1.53,
            "gross_profit": null,
            "gross_margin": null,
            "net_income": 119310,
            "revenue": 630788,
            "common_shares": 6816422,
            "equity": 7842338,
            "current_ratio": 135.23,
            "debt_ratio": 66.37,
            "inventory_turnover_ratio": null,
            "account_receivable_turnover_ratio": 1.31,
            "reinvestment_rate": null,
            "research_to_sale_ratio": null,
            "price_fair": 2.16,
            "eps_avg_yearly": 0.72,
            "eps_latest_yearly": 0.72,
            "eps_growth_yearly": -188.24
        },
        "20111": {
            "year_quarter": 20111,
            "year": 2011,
            "quarter": 1,
            "eps": -0.13,
            "eps_growth_year": null,
            "eps_4q": 0.2,
            "eps_4q_growth_year": null,
            "roe": -1.08,
            "gross_profit": null,
            "gross_margin": null,
            "net_income": -85723,
            "revenue": 666138,
            "common_shares": 6816422,
            "equity": 8004785,
            "current_ratio": 134.61,
            "debt_ratio": 65.92,
            "inventory_turnover_ratio": null,
            "account_receivable_turnover_ratio": 1.39,
            "reinvestment_rate": null,
            "research_to_sale_ratio": null,
            "price_fair": 2.16,
            "eps_avg_yearly": 0.72,
            "eps_latest_yearly": 0.72,
            "eps_growth_yearly": -188.24
        },
        "20112": {
            "year_quarter": 20112,
            "year": 2011,
            "quarter": 2,
            "eps": -0.05,
            "eps_growth_year": null,
            "eps_4q": 0.32,
            "eps_4q_growth_year": null,
            "roe": -0.45,
            "gross_profit": null,
            "gross_margin": null,
            "net_income": -36140,
            "revenue": 594320,
            "common_shares": 6816422,
            "equity": 7966017,
            "current_ratio": 133.41,
            "debt_ratio": 65.91,
            "inventory_turnover_ratio": null,
            "account_receivable_turnover_ratio": 1.45,
            "reinvestment_rate": null,
            "research_to_sale_ratio": null,
            "price_fair": 2.16,
            "eps_avg_yearly": 0.72,
            "eps_latest_yearly": 0.72,
            "eps_growth_yearly": -188.24
        },
        "20113": {
            "year_quarter": 20113,
            "year": 2011,
            "quarter": 3,
            "eps": -0.21,
            "eps_growth_year": -162.85,
            "eps_4q": -0.22,
            "eps_4q_growth_year": -42777.89,
            "roe": -1.83,
            "gross_profit": null,
            "gross_margin": null,
            "net_income": -144959,
            "revenue": 1231942,
            "common_shares": 6918669,
            "equity": 7843090,
            "current_ratio": 134.19,
            "debt_ratio": 65.64,
            "inventory_turnover_ratio": null,
            "account_receivable_turnover_ratio": 2.49,
            "reinvestment_rate": null,
            "research_to_sale_ratio": null,
            "price_fair": 2.16,
            "eps_avg_yearly": 0.72,
            "eps_latest_yearly": 0.72,
            "eps_growth_yearly": -188.24
        },
        "20114": {
            "year_quarter": 20114,
            "year": 2011,
            "quarter": 4,
            "eps": -0.15,
            "eps_growth_year": -183.13,
            "eps_4q": -0.54,
            "eps_4q_growth_year": -403.67,
            "roe": -1.29,
            "gross_profit": null,
            "gross_margin": null,
            "net_income": -100705,
            "revenue": 1058267,
            "common_shares": 6918038,
            "equity": 7743159,
            "current_ratio": 131.28,
            "debt_ratio": 66.7,
            "inventory_turnover_ratio": null,
            "account_receivable_turnover_ratio": 2.07,
            "reinvestment_rate": null,
            "research_to_sale_ratio": null,
            "price_fair": 2.16,
            "eps_avg_yearly": 0.72,
            "eps_latest_yearly": 0.72,
            "eps_growth_yearly": -188.24
        },
        "20121": {
            "year_quarter": 20121,
            "year": 2012,
            "quarter": 1,
            "eps": 0.06,
            "eps_growth_year": null,
            "eps_4q": -0.35,
            "eps_4q_growth_year": -279.69,
            "roe": 0.52,
            "gross_profit": null,
            "gross_margin": null,
            "net_income": 40642,
            "revenue": 861351,
            "common_shares": 6918038,
            "equity": 7777817,
            "current_ratio": 129.4,
            "debt_ratio": 68.66,
            "inventory_turnover_ratio": null,
            "account_receivable_turnover_ratio": 1.5,
            "reinvestment_rate": null,
            "research_to_sale_ratio": null,
            "price_fair": 2.16,
            "eps_avg_yearly": 0.72,
            "eps_latest_yearly": 0.72,
            "eps_growth_yearly": -188.24
        },
        "20122": {
            "year_quarter": 20122,
            "year": 2012,
            "quarter": 2,
            "eps": -0.11,
            "eps_growth_year": null,
            "eps_4q": -0.41,
            "eps_4q_growth_year": -227,
            "roe": -0.98,
            "gross_profit": null,
            "gross_margin": null,
            "net_income": -75517,
            "revenue": 551234,
            "common_shares": 6918038,
            "equity": 7705845,
            "current_ratio": 122.46,
            "debt_ratio": 72.61,
            "inventory_turnover_ratio": null,
            "account_receivable_turnover_ratio": 0.8,
            "reinvestment_rate": null,
            "research_to_sale_ratio": null,
            "price_fair": 2.16,
            "eps_avg_yearly": 0.72,
            "eps_latest_yearly": 0.72,
            "eps_growth_yearly": -188.24
        },
        "20123": {
            "year_quarter": 20123,
            "year": 2012,
            "quarter": 3,
            "eps": 0.04,
            "eps_growth_year": null,
            "eps_4q": -0.16,
            "eps_4q_growth_year": null,
            "roe": 0.36,
            "gross_profit": null,
            "gross_margin": null,
            "net_income": 28136,
            "revenue": 769864,
            "common_shares": 6918038,
            "equity": 7729188,
            "current_ratio": 123.44,
            "debt_ratio": 71.21,
            "inventory_turnover_ratio": null,
            "account_receivable_turnover_ratio": 1.09,
            "reinvestment_rate": null,
            "research_to_sale_ratio": null,
            "price_fair": 2.16,
            "eps_avg_yearly": 0.72,
            "eps_latest_yearly": 0.72,
            "eps_growth_yearly": -188.24
        },
        "20124": {
            "year_quarter": 20124,
            "year": 2012,
            "quarter": 4,
            "eps": 0.02,
            "eps_growth_year": null,
            "eps_4q": 0.01,
            "eps_4q_growth_year": null,
            "roe": 0.21,
            "gross_profit": null,
            "gross_margin": null,
            "net_income": 16347,
            "revenue": 572494,
            "common_shares": 6918038,
            "equity": 7748472,
            "current_ratio": 123.17,
            "debt_ratio": 72.05,
            "inventory_turnover_ratio": null,
            "account_receivable_turnover_ratio": 0.84,
            "reinvestment_rate": 116.15,
            "research_to_sale_ratio": null,
            "price_fair": 1.2,
            "eps_avg_yearly": 0.4,
            "eps_latest_yearly": 0.08,
            "eps_growth_yearly": -194.12
        },
        "20131": {
            "year_quarter": 20131,
            "year": 2013,
            "quarter": 1,
            "eps": -0.03,
            "eps_growth_year": -150,
            "eps_4q": -0.08,
            "eps_4q_growth_year": null,
            "roe": -0.3,
            "gross_profit": null,
            "gross_margin": null,
            "net_income": -22958,
            "revenue": 480918,
            "common_shares": 6918038,
            "equity": 7759709,
            "current_ratio": 112.7,
            "debt_ratio": 82.57,
            "inventory_turnover_ratio": null,
            "account_receivable_turnover_ratio": 0.1,
            "reinvestment_rate": 1166.64,
            "research_to_sale_ratio": null,
            "price_fair": 1.2,
            "eps_avg_yearly": 0.4,
            "eps_latest_yearly": 0.08,
            "eps_growth_yearly": -194.12
        },
        "20132": {
            "year_quarter": 20132,
            "year": 2013,
            "quarter": 2,
            "eps": -0.07,
            "eps_growth_year": null,
            "eps_4q": -0.04,
            "eps_4q_growth_year": null,
            "roe": -0.64,
            "gross_profit": null,
            "gross_margin": null,
            "net_income": -49186,
            "revenue": 433661,
            "common_shares": 6883368,
            "equity": 7713084,
            "current_ratio": 113,
            "debt_ratio": 82.37,
            "inventory_turnover_ratio": null,
            "account_receivable_turnover_ratio": 0.05,
            "reinvestment_rate": null,
            "research_to_sale_ratio": null,
            "price_fair": 1.2,
            "eps_avg_yearly": 0.4,
            "eps_latest_yearly": 0.08,
            "eps_growth_yearly": -194.12
        },
        "20133": {
            "year_quarter": 20133,
            "year": 2013,
            "quarter": 3,
            "eps": 0,
            "eps_growth_year": -100,
            "eps_4q": -0.08,
            "eps_4q_growth_year": null,
            "roe": 0.04,
            "gross_profit": null,
            "gross_margin": null,
            "net_income": 2889,
            "revenue": 523104,
            "common_shares": 6883368,
            "equity": 7707489,
            "current_ratio": 113.68,
            "debt_ratio": 81.7,
            "inventory_turnover_ratio": null,
            "account_receivable_turnover_ratio": 0.07,
            "reinvestment_rate": null,
            "research_to_sale_ratio": null,
            "price_fair": 1.2,
            "eps_avg_yearly": 0.4,
            "eps_latest_yearly": 0.08,
            "eps_growth_yearly": -194.12
        },
        "20134": {
            "year_quarter": 20134,
            "year": 2013,
            "quarter": 4,
            "eps": 0.13,
            "eps_growth_year": 472.4,
            "eps_4q": 0.03,
            "eps_4q_growth_year": 144.77,
            "roe": 1.18,
            "gross_profit": null,
            "gross_margin": null,
            "net_income": 91091,
            "revenue": 645836,
            "common_shares": 6883368,
            "equity": 7790186,
            "current_ratio": 118.68,
            "debt_ratio": 76.66,
            "inventory_turnover_ratio": null,
            "account_receivable_turnover_ratio": 0.11,
            "reinvestment_rate": null,
            "research_to_sale_ratio": null,
            "price_fair": 1.2,
            "eps_avg_yearly": 0.4,
            "eps_latest_yearly": 0.08,
            "eps_growth_yearly": -194.12
        },
        "20141": {
            "year_quarter": 20141,
            "year": 2014,
            "quarter": 1,
            "eps": 0.12,
            "eps_growth_year": null,
            "eps_4q": 0.18,
            "eps_4q_growth_year": null,
            "roe": 1.08,
            "gross_profit": null,
            "gross_margin": null,
            "net_income": 85059,
            "revenue": 641123,
            "common_shares": 6883368,
            "equity": 7903397,
            "current_ratio": 111.58,
            "debt_ratio": 84.14,
            "inventory_turnover_ratio": null,
            "account_receivable_turnover_ratio": 0.11,
            "reinvestment_rate": null,
            "research_to_sale_ratio": null,
            "price_fair": 1.28,
            "eps_avg_yearly": 0.43,
            "eps_latest_yearly": 0.48,
            "eps_growth_yearly": -139.67
        },
        "20142": {
            "year_quarter": 20142,
            "year": 2014,
            "quarter": 2,
            "eps": 0.24,
            "eps_growth_year": null,
            "eps_4q": 0.5,
            "eps_4q_growth_year": null,
            "roe": 2.1,
            "gross_profit": null,
            "gross_margin": null,
            "net_income": 167620,
            "revenue": 772597,
            "common_shares": 6883368,
            "equity": 8081945,
            "current_ratio": 118.22,
            "debt_ratio": 77.45,
            "inventory_turnover_ratio": null,
            "account_receivable_turnover_ratio": 0.12,
            "reinvestment_rate": 247.67,
            "research_to_sale_ratio": null,
            "price_fair": 1.68,
            "eps_avg_yearly": 0.56,
            "eps_latest_yearly": 0.96,
            "eps_growth_yearly": -4.75
        },
        "20143": {
            "year_quarter": 20143,
            "year": 2014,
            "quarter": 3,
            "eps": -0.22,
            "eps_growth_year": null,
            "eps_4q": 0.28,
            "eps_4q_growth_year": null,
            "roe": -1.9,
            "gross_profit": null,
            "gross_margin": null,
            "net_income": -150606,
            "revenue": 413298,
            "common_shares": 6883368,
            "equity": 7747481,
            "current_ratio": 111.9,
            "debt_ratio": 83.66,
            "inventory_turnover_ratio": null,
            "account_receivable_turnover_ratio": 0.06,
            "reinvestment_rate": null,
            "research_to_sale_ratio": null,
            "price_fair": 1.68,
            "eps_avg_yearly": 0.56,
            "eps_latest_yearly": 0.96,
            "eps_growth_yearly": -4.75
        },
        "20144": {
            "year_quarter": 20144,
            "year": 2014,
            "quarter": 4,
            "eps": -0.04,
            "eps_growth_year": -133.06,
            "eps_4q": 0.11,
            "eps_4q_growth_year": 279.64,
            "roe": -0.36,
            "gross_profit": null,
            "gross_margin": null,
            "net_income": -27850,
            "revenue": 496554,
            "common_shares": 6883368,
            "equity": 7706410,
            "current_ratio": 115.18,
            "debt_ratio": 80.04,
            "inventory_turnover_ratio": null,
            "account_receivable_turnover_ratio": 0.08,
            "reinvestment_rate": null,
            "research_to_sale_ratio": null,
            "price_fair": 17.73,
            "eps_avg_yearly": 0.51,
            "eps_latest_yearly": 0.96,
            "eps_growth_yearly": 56.41
        },
        "20151": {
            "year_quarter": 20151,
            "year": 2015,
            "quarter": 1,
            "eps": 0.02,
            "eps_growth_year": -83.33,
            "eps_4q": -0,
            "eps_4q_growth_year": -100.09,
            "roe": 0.18,
            "gross_profit": null,
            "gross_margin": null,
            "net_income": 14137,
            "revenue": 538446,
            "common_shares": 6883368,
            "equity": 7690443,
            "current_ratio": 115.39,
            "debt_ratio": 80.28,
            "inventory_turnover_ratio": null,
            "account_receivable_turnover_ratio": 0.13,
            "reinvestment_rate": null,
            "research_to_sale_ratio": null,
            "price_fair": 17.73,
            "eps_avg_yearly": 0.51,
            "eps_latest_yearly": 0.96,
            "eps_growth_yearly": 56.41
        },
        "20152": {
            "year_quarter": 20152,
            "year": 2015,
            "quarter": 2,
            "eps": 0.32,
            "eps_growth_year": 33.33,
            "eps_4q": 0.07,
            "eps_4q_growth_year": -85.9,
            "roe": 2.77,
            "gross_profit": null,
            "gross_margin": null,
            "net_income": 215528,
            "revenue": 899313,
            "common_shares": 6883368,
            "equity": 7886563,
            "current_ratio": 117.51,
            "debt_ratio": 78.5,
            "inventory_turnover_ratio": null,
            "account_receivable_turnover_ratio": 0.19,
            "reinvestment_rate": 660.73,
            "research_to_sale_ratio": null,
            "price_fair": 24.5,
            "eps_avg_yearly": 0.7,
            "eps_latest_yearly": 1.28,
            "eps_growth_yearly": 1542.31
        },
        "20153": {
            "year_quarter": 20153,
            "year": 2015,
            "quarter": 3,
            "eps": -0.22,
            "eps_growth_year": null,
            "eps_4q": 0.08,
            "eps_4q_growth_year": -72.43,
            "roe": -1.86,
            "gross_profit": null,
            "gross_margin": null,
            "net_income": -144860,
            "revenue": 322471,
            "common_shares": 6883368,
            "equity": 7714230,
            "current_ratio": 116.9,
            "debt_ratio": 78.72,
            "inventory_turnover_ratio": null,
            "account_receivable_turnover_ratio": 0.06,
            "reinvestment_rate": 651.62,
            "research_to_sale_ratio": null,
            "price_fair": 24.5,
            "eps_avg_yearly": 0.7,
            "eps_latest_yearly": 1.28,
            "eps_growth_yearly": 1542.31
        },
        "20154": {
            "year_quarter": 20154,
            "year": 2015,
            "quarter": 4,
            "eps": 0.24,
            "eps_growth_year": null,
            "eps_4q": 0.36,
            "eps_4q_growth_year": 239.98,
            "roe": 2.01,
            "gross_profit": null,
            "gross_margin": null,
            "net_income": 155448,
            "revenue": 687577,
            "common_shares": 6883368,
            "equity": 7759514,
            "current_ratio": 118.78,
            "debt_ratio": 77.14,
            "inventory_turnover_ratio": null,
            "account_receivable_turnover_ratio": 0.2,
            "reinvestment_rate": 173.41,
            "research_to_sale_ratio": null,
            "price_fair": 24.5,
            "eps_avg_yearly": 0.7,
            "eps_latest_yearly": 1.28,
            "eps_growth_yearly": 1542.31
        },
        "20161": {
            "year_quarter": 20161,
            "year": 2016,
            "quarter": 1,
            "eps": 0.08,
            "eps_growth_year": 300,
            "eps_4q": 0.43,
            "eps_4q_growth_year": null,
            "roe": 0.66,
            "gross_profit": null,
            "gross_margin": null,
            "net_income": 51134,
            "revenue": 565643,
            "common_shares": 6583368,
            "equity": 7686121,
            "current_ratio": 116.18,
            "debt_ratio": 79.67,
            "inventory_turnover_ratio": null,
            "account_receivable_turnover_ratio": 0.23,
            "reinvestment_rate": 148.96,
            "research_to_sale_ratio": null,
            "price_fair": 21.84,
            "eps_avg_yearly": 0.62,
            "eps_latest_yearly": 0.32,
            "eps_growth_yearly": 1180.51
        },
        "20162": {
            "year_quarter": 20162,
            "year": 2016,
            "quarter": 2,
            "eps": -0.37,
            "eps_growth_year": -215.62,
            "eps_4q": -0.28,
            "eps_4q_growth_year": -498.85,
            "roe": -3.18,
            "gross_profit": null,
            "gross_margin": null,
            "net_income": -238461,
            "revenue": 256536,
            "common_shares": 6583368,
            "equity": 7322310,
            "current_ratio": 116.92,
            "debt_ratio": 78.61,
            "inventory_turnover_ratio": null,
            "account_receivable_turnover_ratio": 0.1,
            "reinvestment_rate": 280.59,
            "research_to_sale_ratio": null,
            "price_fair": 21.84,
            "eps_avg_yearly": 0.62,
            "eps_latest_yearly": 0.32,
            "eps_growth_yearly": 1180.51
        },
        "20163": {
            "year_quarter": 20163,
            "year": 2016,
            "quarter": 3,
            "eps": 0.09,
            "eps_growth_year": null,
            "eps_4q": 0.04,
            "eps_4q_growth_year": -54.86,
            "roe": 0.76,
            "gross_profit": null,
            "gross_margin": null,
            "net_income": 54979,
            "revenue": 560903,
            "common_shares": 6333368,
            "equity": 7207157,
            "current_ratio": 113.22,
            "debt_ratio": 82.41,
            "inventory_turnover_ratio": null,
            "account_receivable_turnover_ratio": 0.25,
            "reinvestment_rate": 246.99,
            "research_to_sale_ratio": null,
            "price_fair": 21.84,
            "eps_avg_yearly": 0.62,
            "eps_latest_yearly": 0.32,
            "eps_growth_yearly": 1180.51
        },
        "20164": {
            "year_quarter": 20164,
            "year": 2016,
            "quarter": 4,
            "eps": -0.37,
            "eps_growth_year": -257.35,
            "eps_4q": -0.6,
            "eps_4q_growth_year": -264.89,
            "roe": -3.13,
            "gross_profit": null,
            "gross_margin": null,
            "net_income": -220773,
            "revenue": 246883,
            "common_shares": 6333368,
            "equity": 6885101,
            "current_ratio": 119.43,
            "debt_ratio": 75.95,
            "inventory_turnover_ratio": null,
            "account_receivable_turnover_ratio": 0.11,
            "reinvestment_rate": null,
            "research_to_sale_ratio": null,
            "price_fair": 26.6,
            "eps_avg_yearly": 0.76,
            "eps_latest_yearly": 0.32,
            "eps_growth_yearly": 1525.64
        },
        "20171": {
            "year_quarter": 20171,
            "year": 2017,
            "quarter": 1,
            "eps": 0.2,
            "eps_growth_year": 150,
            "eps_4q": -0.48,
            "eps_4q_growth_year": -211.16,
            "roe": 1.75,
            "gross_profit": null,
            "gross_margin": null,
            "net_income": 121863,
            "revenue": 666957,
            "common_shares": 6333368,
            "equity": 7004349,
            "current_ratio": 120.22,
            "debt_ratio": 75.43,
            "inventory_turnover_ratio": null,
            "account_receivable_turnover_ratio": 0.26,
            "reinvestment_rate": -25.51,
            "research_to_sale_ratio": null,
            "price_fair": 26.6,
            "eps_avg_yearly": 0.76,
            "eps_latest_yearly": 0.32,
            "eps_growth_yearly": 1525.64
        },
        "20172": {
            "year_quarter": 20172,
            "year": 2017,
            "quarter": 2,
            "eps": -0.08,
            "eps_growth_year": null,
            "eps_4q": -0.15,
            "eps_4q_growth_year": null,
            "roe": -0.63,
            "gross_profit": null,
            "gross_margin": null,
            "net_income": -44158,
            "revenue": 517760,
            "common_shares": 6333368,
            "equity": 6972543,
            "current_ratio": 119.45,
            "debt_ratio": 76.34,
            "inventory_turnover_ratio": null,
            "account_receivable_turnover_ratio": 0.16,
            "reinvestment_rate": -22.99,
            "research_to_sale_ratio": null,
            "price_fair": 26.6,
            "eps_avg_yearly": 0.76,
            "eps_latest_yearly": 0.32,
            "eps_growth_yearly": 1525.64
        },
        "20173": {
            "year_quarter": 20173,
            "year": 2017,
            "quarter": 3,
            "eps": 0.64,
            "eps_growth_year": 611.11,
            "eps_4q": 0.39,
            "eps_4q_growth_year": 1008.75,
            "roe": 5.3,
            "gross_profit": null,
            "gross_margin": null,
            "net_income": 380161,
            "revenue": 935533,
            "common_shares": 6333368,
            "equity": 7376293,
            "current_ratio": 122.21,
            "debt_ratio": 74.32,
            "inventory_turnover_ratio": null,
            "account_receivable_turnover_ratio": 0.26,
            "reinvestment_rate": -16.66,
            "research_to_sale_ratio": null,
            "price_fair": 26.6,
            "eps_avg_yearly": 0.76,
            "eps_latest_yearly": 0.32,
            "eps_growth_yearly": 1525.64
        },
        "20174": {
            "year_quarter": 20174,
            "year": 2017,
            "quarter": 4,
            "eps": 0.39,
            "eps_growth_year": null,
            "eps_4q": 1.15,
            "eps_4q_growth_year": null,
            "roe": 3.11,
            "gross_profit": null,
            "gross_margin": null,
            "net_income": 232172,
            "revenue": 723772,
            "common_shares": 6133368,
            "equity": 7555646,
            "current_ratio": 118,
            "debt_ratio": 78.01,
            "inventory_turnover_ratio": null,
            "account_receivable_turnover_ratio": 0.21,
            "reinvestment_rate": -2.75,
            "research_to_sale_ratio": null,
            "price_fair": 32.2,
            "eps_avg_yearly": 0.92,
            "eps_latest_yearly": 1.56,
            "eps_growth_yearly": 1189.26
        },
        "20181": {
            "year_quarter": 20181,
            "year": 2018,
            "quarter": 1,
            "eps": -0.26,
            "eps_growth_year": -230,
            "eps_4q": 0.69,
            "eps_4q_growth_year": null,
            "roe": -2.17,
            "gross_profit": null,
            "gross_margin": null,
            "net_income": -163647,
            "revenue": 225979,
            "common_shares": 6133368,
            "equity": 7542945,
            "current_ratio": 120.75,
            "debt_ratio": 74.15,
            "inventory_turnover_ratio": null,
            "account_receivable_turnover_ratio": 0.07,
            "reinvestment_rate": -27.37,
            "research_to_sale_ratio": null,
            "price_fair": 36.05,
            "eps_avg_yearly": 1.03,
            "eps_latest_yearly": 1.56,
            "eps_growth_yearly": 1494.27
        },
        "20182": {
            "year_quarter": 20182,
            "year": 2018,
            "quarter": 2,
            "eps": 0.18,
            "eps_growth_year": null,
            "eps_4q": 0.9,
            "eps_4q_growth_year": null,
            "roe": 1.5,
            "gross_profit": null,
            "gross_margin": null,
            "net_income": 113248,
            "revenue": 583857,
            "common_shares": 6133368,
            "equity": 7516954,
            "current_ratio": 119.18,
            "debt_ratio": 75.7,
            "inventory_turnover_ratio": null,
            "account_receivable_turnover_ratio": 0.18,
            "reinvestment_rate": -19.5,
            "research_to_sale_ratio": null,
            "price_fair": 36.87,
            "eps_avg_yearly": 1.05,
            "eps_latest_yearly": 1.56,
            "eps_growth_yearly": 1859.03
        },
        "20183": {
            "year_quarter": 20183,
            "year": 2018,
            "quarter": 3,
            "eps": -0.15,
            "eps_growth_year": -123.44,
            "eps_4q": 0.14,
            "eps_4q_growth_year": -64.25,
            "roe": -1.26,
            "gross_profit": null,
            "gross_margin": null,
            "net_income": -94489,
            "revenue": 264771,
            "common_shares": 6460803,
            "equity": 7425376,
            "current_ratio": 125.07,
            "debt_ratio": 70.85,
            "inventory_turnover_ratio": null,
            "account_receivable_turnover_ratio": 0.07,
            "reinvestment_rate": -5.44,
            "research_to_sale_ratio": null,
            "price_fair": 36.87,
            "eps_avg_yearly": 1.05,
            "eps_latest_yearly": 1.56,
            "eps_growth_yearly": 1859.03
        },
        "20184": {
            "year_quarter": 20184,
            "year": 2018,
            "quarter": 4,
            "eps": -0.23,
            "eps_growth_year": -157.92,
            "eps_4q": -0.46,
            "eps_4q_growth_year": -140.22,
            "roe": -1.83,
            "gross_profit": null,
            "gross_margin": null,
            "net_income": -132860,
            "revenue": 320708,
            "common_shares": 6260803,
            "equity": 7081662,
            "current_ratio": 131.08,
            "debt_ratio": 65.76,
            "inventory_turnover_ratio": null,
            "account_receivable_turnover_ratio": 0.11,
            "reinvestment_rate": 0.22,
            "research_to_sale_ratio": null,
            "price_fair": 36.87,
            "eps_avg_yearly": 1.05,
            "eps_latest_yearly": 1.56,
            "eps_growth_yearly": 1859.03
        },
        "20191": {
            "year_quarter": 20191,
            "year": 2019,
            "quarter": 1,
            "eps": 0.09,
            "eps_growth_year": null,
            "eps_4q": -0.11,
            "eps_4q_growth_year": -116.56,
            "roe": 0.78,
            "gross_profit": null,
            "gross_margin": null,
            "net_income": 55313,
            "revenue": 540832,
            "common_shares": 6060803,
            "equity": 7106274,
            "current_ratio": 120.8,
            "debt_ratio": 73.97,
            "inventory_turnover_ratio": null,
            "account_receivable_turnover_ratio": 0.14,
            "reinvestment_rate": -18.94,
            "research_to_sale_ratio": null,
            "price_fair": 36.87,
            "eps_avg_yearly": 1.05,
            "eps_latest_yearly": 1.56,
            "eps_growth_yearly": 1859.03
        },
        "20192": {
            "year_quarter": 20192,
            "year": 2019,
            "quarter": 2,
            "eps": 0.02,
            "eps_growth_year": -88.89,
            "eps_4q": -0.27,
            "eps_4q_growth_year": -129.82,
            "roe": 0.21,
            "gross_profit": null,
            "gross_margin": null,
            "net_income": 15300,
            "revenue": 437802,
            "common_shares": 6060803,
            "equity": 7152990,
            "current_ratio": 120.2,
            "debt_ratio": 72.05,
            "inventory_turnover_ratio": null,
            "account_receivable_turnover_ratio": 0.08,
            "reinvestment_rate": -85.19,
            "research_to_sale_ratio": null,
            "price_fair": 1.96,
            "eps_avg_yearly": 0.65,
            "eps_latest_yearly": 0.08,
            "eps_growth_yearly": -244.68
        },
        "20193": {
            "year_quarter": 20193,
            "year": 2019,
            "quarter": 3,
            "eps": 0.13,
            "eps_growth_year": null,
            "eps_4q": 0.02,
            "eps_4q_growth_year": -82.62,
            "roe": 1.14,
            "gross_profit": null,
            "gross_margin": null,
            "net_income": 82247,
            "revenue": 587668,
            "common_shares": 6237227,
            "equity": 7262804,
            "current_ratio": 120.33,
            "debt_ratio": 70.75,
            "inventory_turnover_ratio": null,
            "account_receivable_turnover_ratio": 0.13,
            "reinvestment_rate": -66.66,
            "research_to_sale_ratio": null,
            "price_fair": 21.7,
            "eps_avg_yearly": 0.62,
            "eps_latest_yearly": 0.52,
            "eps_growth_yearly": 366.49
        },
        "20194": {
            "year_quarter": 20194,
            "year": 2019,
            "quarter": 4,
            "eps": 0.23,
            "eps_growth_year": null,
            "eps_4q": 0.48,
            "eps_4q_growth_year": null,
            "roe": 1.86,
            "gross_profit": null,
            "gross_margin": null,
            "net_income": 135507,
            "revenue": 607237,
            "common_shares": 6103227,
            "equity": 7296992,
            "current_ratio": 118.86,
            "debt_ratio": 71.56,
            "inventory_turnover_ratio": null,
            "account_receivable_turnover_ratio": 0.16,
            "reinvestment_rate": -93.92,
            "research_to_sale_ratio": null,
            "price_fair": 23.8,
            "eps_avg_yearly": 0.68,
            "eps_latest_yearly": 0.92,
            "eps_growth_yearly": 354.73
        },
        "20201": {
            "year_quarter": 20201,
            "year": 2020,
            "quarter": 1,
            "eps": -0.16,
            "eps_growth_year": -277.78,
            "eps_4q": 0.23,
            "eps_4q_growth_year": null,
            "roe": -1.26,
            "gross_profit": null,
            "gross_margin": null,
            "net_income": -90784,
            "revenue": 472852,
            "common_shares": 5903227,
            "equity": 7139036,
            "current_ratio": 117.16,
            "debt_ratio": 71.35,
            "inventory_turnover_ratio": null,
            "account_receivable_turnover_ratio": 0.13,
            "reinvestment_rate": -129.12,
            "research_to_sale_ratio": null,
            "price_fair": 26.95,
            "eps_avg_yearly": 0.77,
            "eps_latest_yearly": 0.92,
            "eps_growth_yearly": 510.08
        },
        "20202": {
            "year_quarter": 20202,
            "year": 2020,
            "quarter": 2,
            "eps": 0.7,
            "eps_growth_year": 3400,
            "eps_4q": 0.91,
            "eps_4q_growth_year": null,
            "roe": 5.73,
            "gross_profit": null,
            "gross_margin": null,
            "net_income": 418040,
            "revenue": 940501,
            "common_shares": 5903227,
            "equity": 7453872,
            "current_ratio": 116.2,
            "debt_ratio": 72.53,
            "inventory_turnover_ratio": null,
            "account_receivable_turnover_ratio": 0.23,
            "reinvestment_rate": -29.72,
            "research_to_sale_ratio": null,
            "price_fair": 26.95,
            "eps_avg_yearly": 0.77,
            "eps_latest_yearly": 0.92,
            "eps_growth_yearly": 510.08
        },
        "20203": {
            "year_quarter": 20203,
            "year": 2020,
            "quarter": 3,
            "eps": 0.51,
            "eps_growth_year": 292.31,
            "eps_4q": 1.28,
            "eps_4q_growth_year": 5139.35,
            "roe": 3.95,
            "gross_profit": null,
            "gross_margin": null,
            "net_income": 302538,
            "revenue": 927162,
            "common_shares": 5944550,
            "equity": 7855442,
            "current_ratio": 118.92,
            "debt_ratio": 68.84,
            "inventory_turnover_ratio": null,
            "account_receivable_turnover_ratio": 0.25,
            "reinvestment_rate": -22.97,
            "research_to_sale_ratio": null,
            "price_fair": 35.84,
            "eps_avg_yearly": 1.02,
            "eps_latest_yearly": 2.04,
            "eps_growth_yearly": 386.35
        },
        "20204": {
            "year_quarter": 20204,
            "year": 2020,
            "quarter": 4,
            "eps": 0.77,
            "eps_growth_year": 240.24,
            "eps_4q": 1.83,
            "eps_4q_growth_year": 280.3,
            "roe": 5.71,
            "gross_profit": null,
            "gross_margin": null,
            "net_income": 460020,
            "revenue": 998474,
            "common_shares": 5944550,
            "equity": 8267374,
            "current_ratio": 112.7,
            "debt_ratio": 76.78,
            "inventory_turnover_ratio": null,
            "account_receivable_turnover_ratio": 0.22,
            "reinvestment_rate": -8.63,
            "research_to_sale_ratio": null,
            "price_fair": 47.83,
            "eps_avg_yearly": 1.37,
            "eps_latest_yearly": 3.08,
            "eps_growth_yearly": 355.95
        },
        "20211": {
            "year_quarter": 20211,
            "year": 2021,
            "quarter": 1,
            "eps": 0.59,
            "eps_growth_year": null,
            "eps_4q": 2.57,
            "eps_4q_growth_year": 1008.63,
            "roe": 4.14,
            "gross_profit": null,
            "gross_margin": null,
            "net_income": 350774,
            "revenue": 1103119,
            "common_shares": 5944550,
            "equity": 8672706,
            "current_ratio": 113.77,
            "debt_ratio": 76.33,
            "inventory_turnover_ratio": null,
            "account_receivable_turnover_ratio": 0.16,
            "reinvestment_rate": -6.54,
            "research_to_sale_ratio": null,
            "price_fair": 52.8,
            "eps_avg_yearly": 1.51,
            "eps_latest_yearly": 2.36,
            "eps_growth_yearly": 291.74
        },
        "20212": {
            "year_quarter": 20212,
            "year": 2021,
            "quarter": 2,
            "eps": 0.57,
            "eps_growth_year": -18.57,
            "eps_4q": 2.43,
            "eps_4q_growth_year": 167.95,
            "roe": 3.82,
            "gross_profit": null,
            "gross_margin": null,
            "net_income": 337201,
            "revenue": 1105703,
            "common_shares": 5944550,
            "equity": 8989233,
            "current_ratio": 112.5,
            "debt_ratio": 78.07,
            "inventory_turnover_ratio": null,
            "account_receivable_turnover_ratio": 0.12,
            "reinvestment_rate": -5.27,
            "research_to_sale_ratio": null,
            "price_fair": 56.18,
            "eps_avg_yearly": 1.61,
            "eps_latest_yearly": 2.28,
            "eps_growth_yearly": 253.58
        },
        "20213": {
            "year_quarter": 20213,
            "year": 2021,
            "quarter": 3,
            "eps": 0.1,
            "eps_growth_year": -80.39,
            "eps_4q": 2.02,
            "eps_4q_growth_year": 58.21,
            "roe": 0.68,
            "gross_profit": null,
            "gross_margin": null,
            "net_income": 58772,
            "revenue": 724207,
            "common_shares": 5944550,
            "equity": 8386290,
            "current_ratio": 111.2,
            "debt_ratio": 77.73,
            "inventory_turnover_ratio": null,
            "account_receivable_turnover_ratio": 0.08,
            "reinvestment_rate": -3.8,
            "research_to_sale_ratio": null,
            "price_fair": 51.49,
            "eps_avg_yearly": 1.47,
            "eps_latest_yearly": 0.4,
            "eps_growth_yearly": 188.75
        },
        "20214": {
            "year_quarter": 20214,
            "year": 2021,
            "quarter": 4,
            "eps": 1.08,
            "eps_growth_year": 39.88,
            "eps_4q": 2.33,
            "eps_4q_growth_year": 27.74,
            "roe": 7.43,
            "gross_profit": null,
            "gross_margin": null,
            "net_income": 643355,
            "revenue": 1365816,
            "common_shares": 5944550,
            "equity": 8929980,
            "current_ratio": 113.06,
            "debt_ratio": 77.33,
            "inventory_turnover_ratio": null,
            "account_receivable_turnover_ratio": 0.2,
            "reinvestment_rate": -6.78,
            "research_to_sale_ratio": null,
            "price_fair": 62.22,
            "eps_avg_yearly": 1.78,
            "eps_latest_yearly": 4.32,
            "eps_growth_yearly": 641.67
        },
        "20221": {
            "year_quarter": 20221,
            "year": 2022,
            "quarter": 1,
            "eps": -0.29,
            "eps_growth_year": -149.15,
            "eps_4q": 1.45,
            "eps_4q_growth_year": -43.61,
            "roe": -1.98,
            "gross_profit": null,
            "gross_margin": null,
            "net_income": -174156,
            "revenue": 422883,
            "common_shares": 5944550,
            "equity": 8692788,
            "current_ratio": 113.99,
            "debt_ratio": 75.58,
            "inventory_turnover_ratio": null,
            "account_receivable_turnover_ratio": 0.06,
            "reinvestment_rate": -2.96,
            "research_to_sale_ratio": null,
            "price_fair": 62.22,
            "eps_avg_yearly": 1.78,
            "eps_latest_yearly": 4.32,
            "eps_growth_yearly": 641.67
        },
        "20222": {
            "year_quarter": 20222,
            "year": 2022,
            "quarter": 2,
            "eps": -0.4,
            "eps_growth_year": -170.18,
            "eps_4q": 0.49,
            "eps_4q_growth_year": -79.94,
            "roe": -2.89,
            "gross_profit": null,
            "gross_margin": null,
            "net_income": -233694,
            "revenue": 353153,
            "common_shares": 5944550,
            "equity": 7467679,
            "current_ratio": 109.24,
            "debt_ratio": 79.69,
            "inventory_turnover_ratio": null,
            "account_receivable_turnover_ratio": 0.05,
            "reinvestment_rate": -4.37,
            "research_to_sale_ratio": null,
            "price_fair": 62.22,
            "eps_avg_yearly": 1.78,
            "eps_latest_yearly": 4.32,
            "eps_growth_yearly": 641.67
        },
        "20223": {
            "year_quarter": 20223,
            "year": 2022,
            "quarter": 3,
            "eps": 0.25,
            "eps_growth_year": 150,
            "eps_4q": 0.64,
            "eps_4q_growth_year": -68.31,
            "roe": 2,
            "gross_profit": null,
            "gross_margin": null,
            "net_income": 150328,
            "revenue": 705446,
            "common_shares": 5944550,
            "equity": 7558768,
            "current_ratio": 111.62,
            "debt_ratio": 77.29,
            "inventory_turnover_ratio": null,
            "account_receivable_turnover_ratio": 0.11,
            "reinvestment_rate": -5.2,
            "research_to_sale_ratio": null,
            "price_fair": 62.22,
            "eps_avg_yearly": 1.78,
            "eps_latest_yearly": 4.32,
            "eps_growth_yearly": 641.67
        },
        "20224": {
            "year_quarter": 20224,
            "year": 2022,
            "quarter": 4,
            "eps": 0.19,
            "eps_growth_year": -82.47,
            "eps_4q": -0.25,
            "eps_4q_growth_year": -110.73,
            "roe": 1.47,
            "gross_profit": null,
            "gross_margin": null,
            "net_income": 113822,
            "revenue": 575296,
            "common_shares": 5944550,
            "equity": 7897771,
            "current_ratio": 108.86,
            "debt_ratio": 77.97,
            "inventory_turnover_ratio": null,
            "account_receivable_turnover_ratio": 0.13,
            "reinvestment_rate": -4.43,
            "research_to_sale_ratio": null,
            "price_fair": 58.66,
            "eps_avg_yearly": 1.68,
            "eps_latest_yearly": 0.76,
            "eps_growth_yearly": 567.9
        },
        "20231": {
            "year_quarter": 20231,
            "year": 2023,
            "quarter": 1,
            "eps": 0.71,
            "eps_growth_year": null,
            "eps_4q": 0.75,
            "eps_4q_growth_year": -48.25,
            "roe": 5.19,
            "gross_profit": null,
            "gross_margin": null,
            "net_income": 420165,
            "revenue": 989147,
            "common_shares": 5944550,
            "equity": 8300360,
            "current_ratio": 110.77,
            "debt_ratio": 77.11,
            "inventory_turnover_ratio": null,
            "account_receivable_turnover_ratio": 0.17,
            "reinvestment_rate": -1.53,
            "research_to_sale_ratio": null,
            "price_fair": 62.36,
            "eps_avg_yearly": 1.78,
            "eps_latest_yearly": 2.84,
            "eps_growth_yearly": 615.8
        }
    },
    "months": {
        "2001-06": {
            "month": "2001-06",
            "price": "6.71",
            "revenue": 96994
        },
        "2001-07": {
            "month": "2001-07",
            "price": "6.10",
            "revenue": 84719
        },
        "2001-08": {
            "month": "2001-08",
            "price": "6.79",
            "revenue": 79604
        },
        "2001-09": {
            "month": "2001-09",
            "price": "6.09",
            "revenue": 53215
        },
        "2001-10": {
            "month": "2001-10",
            "price": "6.39",
            "revenue": 49883
        },
        "2001-11": {
            "month": "2001-11",
            "price": "6.80",
            "revenue": 112629
        },
        "2001-12": {
            "month": "2001-12",
            "price": "8.96",
            "revenue": 366905
        },
        "2002-01": {
            "month": "2002-01",
            "price": "9.71",
            "revenue": 289609
        },
        "2002-02": {
            "month": "2002-02",
            "price": "10.81",
            "revenue": 172232
        },
        "2002-03": {
            "month": "2002-03",
            "price": "12.07",
            "revenue": 189525
        },
        "2002-04": {
            "month": "2002-04",
            "price": "13.28",
            "revenue": 176946
        },
        "2002-05": {
            "month": "2002-05",
            "price": "11.11",
            "revenue": 126304
        },
        "2002-06": {
            "month": "2002-06",
            "price": "10.19",
            "revenue": 96433
        },
        "2002-07": {
            "month": "2002-07",
            "price": "9.19",
            "revenue": 98690
        },
        "2002-08": {
            "month": "2002-08",
            "price": "7.99",
            "revenue": 96313
        },
        "2002-09": {
            "month": "2002-09",
            "price": "7.06",
            "revenue": 84185
        },
        "2002-10": {
            "month": "2002-10",
            "price": "7.17",
            "revenue": 109999
        },
        "2002-11": {
            "month": "2002-11",
            "price": "7.50",
            "revenue": 118962
        },
        "2002-12": {
            "month": "2002-12",
            "price": "6.92",
            "revenue": 110359
        },
        "2003-01": {
            "month": "2003-01",
            "price": "8.12",
            "revenue": 173486
        },
        "2003-02": {
            "month": "2003-02",
            "price": "7.94",
            "revenue": 54362
        },
        "2003-03": {
            "month": "2003-03",
            "price": "7.28",
            "revenue": 238839
        },
        "2003-04": {
            "month": "2003-04",
            "price": "7.12",
            "revenue": 93534
        },
        "2003-05": {
            "month": "2003-05",
            "price": "6.27",
            "revenue": 92782
        },
        "2003-06": {
            "month": "2003-06",
            "price": "7.38",
            "revenue": 141863
        },
        "2003-07": {
            "month": "2003-07",
            "price": "7.95",
            "revenue": 176260
        },
        "2003-08": {
            "month": "2003-08",
            "price": "7.51",
            "revenue": 131584
        },
        "2003-09": {
            "month": "2003-09",
            "price": "7.25",
            "revenue": 116769
        },
        "2003-10": {
            "month": "2003-10",
            "price": "7.46",
            "revenue": 146368
        },
        "2003-11": {
            "month": "2003-11",
            "price": "7.49",
            "revenue": 250797
        },
        "2003-12": {
            "month": "2003-12",
            "price": "7.43",
            "revenue": 177188
        },
        "2004-01": {
            "month": "2004-01",
            "price": "9.17",
            "revenue": 230646
        },
        "2004-02": {
            "month": "2004-02",
            "price": "13.46",
            "revenue": 303630
        },
        "2004-03": {
            "month": "2004-03",
            "price": "15.49",
            "revenue": 342958
        },
        "2004-04": {
            "month": "2004-04",
            "price": "13.67",
            "revenue": 258493
        },
        "2004-05": {
            "month": "2004-05",
            "price": "11.26",
            "revenue": 82629
        },
        "2004-06": {
            "month": "2004-06",
            "price": "11.19",
            "revenue": 128440
        },
        "2004-07": {
            "month": "2004-07",
            "price": "10.41",
            "revenue": 116631
        },
        "2004-08": {
            "month": "2004-08",
            "price": "9.73",
            "revenue": 107949
        },
        "2004-09": {
            "month": "2004-09",
            "price": "11.09",
            "revenue": 118037
        },
        "2004-10": {
            "month": "2004-10",
            "price": "10.99",
            "revenue": 111182
        },
        "2004-11": {
            "month": "2004-11",
            "price": "10.90",
            "revenue": 80158
        },
        "2004-12": {
            "month": "2004-12",
            "price": "10.98",
            "revenue": 97930
        },
        "2005-01": {
            "month": "2005-01",
            "price": "10.69",
            "revenue": 75767
        },
        "2005-02": {
            "month": "2005-02",
            "price": "10.72",
            "revenue": 104793
        },
        "2005-03": {
            "month": "2005-03",
            "price": "10.37",
            "revenue": 131297
        },
        "2005-04": {
            "month": "2005-04",
            "price": "9.07",
            "revenue": 23646
        },
        "2005-05": {
            "month": "2005-05",
            "price": "8.28",
            "revenue": 97713
        },
        "2005-06": {
            "month": "2005-06",
            "price": "9.26",
            "revenue": 80139
        },
        "2005-07": {
            "month": "2005-07",
            "price": "9.48",
            "revenue": 217875
        },
        "2005-08": {
            "month": "2005-08",
            "price": "9.06",
            "revenue": 65616
        },
        "2005-09": {
            "month": "2005-09",
            "price": "8.13",
            "revenue": 105689
        },
        "2005-10": {
            "month": "2005-10",
            "price": "7.46",
            "revenue": 74028
        },
        "2005-11": {
            "month": "2005-11",
            "price": "7.11",
            "revenue": 324546
        },
        "2005-12": {
            "month": "2005-12",
            "price": "8.05",
            "revenue": 541213
        },
        "2006-01": {
            "month": "2006-01",
            "price": "8.81",
            "revenue": 269504
        },
        "2006-02": {
            "month": "2006-02",
            "price": "8.03",
            "revenue": 150582
        },
        "2006-03": {
            "month": "2006-03",
            "price": "7.68",
            "revenue": 162739
        },
        "2006-04": {
            "month": "2006-04",
            "price": "8.47",
            "revenue": 226004
        },
        "2006-05": {
            "month": "2006-05",
            "price": "9.40",
            "revenue": 142869
        },
        "2006-06": {
            "month": "2006-06",
            "price": "7.96",
            "revenue": 45788
        },
        "2006-07": {
            "month": "2006-07",
            "price": "7.56",
            "revenue": 78009
        },
        "2006-08": {
            "month": "2006-08",
            "price": "7.41",
            "revenue": 177513
        },
        "2006-09": {
            "month": "2006-09",
            "price": "7.46",
            "revenue": 148792
        },
        "2006-10": {
            "month": "2006-10",
            "price": "8.01",
            "revenue": 114091
        },
        "2006-11": {
            "month": "2006-11",
            "price": "8.35",
            "revenue": 264439
        },
        "2006-12": {
            "month": "2006-12",
            "price": "9.32",
            "revenue": 243447
        },
        "2007-01": {
            "month": "2007-01",
            "price": "10.06",
            "revenue": 144871
        },
        "2007-02": {
            "month": "2007-02",
            "price": "9.51",
            "revenue": 183412
        },
        "2007-03": {
            "month": "2007-03",
            "price": "8.90",
            "revenue": 214613
        },
        "2007-04": {
            "month": "2007-04",
            "price": "9.12",
            "revenue": 99200
        },
        "2007-05": {
            "month": "2007-05",
            "price": "8.69",
            "revenue": 290015
        },
        "2007-06": {
            "month": "2007-06",
            "price": "10.06",
            "revenue": 327730
        },
        "2007-07": {
            "month": "2007-07",
            "price": "16.27",
            "revenue": 582509
        },
        "2007-08": {
            "month": "2007-08",
            "price": "15.89",
            "revenue": 46682
        },
        "2007-09": {
            "month": "2007-09",
            "price": "15.86",
            "revenue": 282136
        },
        "2007-10": {
            "month": "2007-10",
            "price": "17.34",
            "revenue": 237604
        },
        "2007-11": {
            "month": "2007-11",
            "price": "14.89",
            "revenue": -117552
        },
        "2007-12": {
            "month": "2007-12",
            "price": "12.02",
            "revenue": 158369
        },
        "2008-01": {
            "month": "2008-01",
            "price": "12.83",
            "revenue": -34287
        },
        "2008-02": {
            "month": "2008-02",
            "price": "13.56",
            "revenue": 244127
        },
        "2008-03": {
            "month": "2008-03",
            "price": "15.80",
            "revenue": 199907
        },
        "2008-04": {
            "month": "2008-04",
            "price": "17.80",
            "revenue": 283706
        },
        "2008-05": {
            "month": "2008-05",
            "price": "16.17",
            "revenue": 106041
        },
        "2008-06": {
            "month": "2008-06",
            "price": "13.34",
            "revenue": -7632
        },
        "2008-07": {
            "month": "2008-07",
            "price": "11.52",
            "revenue": 88498
        },
        "2008-08": {
            "month": "2008-08",
            "price": "11.26",
            "revenue": 107516
        },
        "2008-09": {
            "month": "2008-09",
            "price": "9.21",
            "revenue": -41535
        },
        "2008-10": {
            "month": "2008-10",
            "price": "6.56",
            "revenue": 9141
        },
        "2008-11": {
            "month": "2008-11",
            "price": "6.63",
            "revenue": 51534
        },
        "2008-12": {
            "month": "2008-12",
            "price": "7.01",
            "revenue": 88961
        },
        "2009-01": {
            "month": "2009-01",
            "price": "6.75",
            "revenue": 57016
        },
        "2009-02": {
            "month": "2009-02",
            "price": "6.54",
            "revenue": 85353
        },
        "2009-03": {
            "month": "2009-03",
            "price": "7.31",
            "revenue": 137830
        },
        "2009-04": {
            "month": "2009-04",
            "price": "8.50",
            "revenue": 158434
        },
        "2009-05": {
            "month": "2009-05",
            "price": "10.17",
            "revenue": 224559
        },
        "2009-06": {
            "month": "2009-06",
            "price": "10.15",
            "revenue": 89393
        },
        "2009-07": {
            "month": "2009-07",
            "price": "10.32",
            "revenue": 205106
        },
        "2009-08": {
            "month": "2009-08",
            "price": "9.52",
            "revenue": 105517
        },
        "2009-09": {
            "month": "2009-09",
            "price": "10.44",
            "revenue": 263547
        },
        "2009-10": {
            "month": "2009-10",
            "price": "11.42",
            "revenue": 139767
        },
        "2009-11": {
            "month": "2009-11",
            "price": "10.80",
            "revenue": 180460
        },
        "2009-12": {
            "month": "2009-12",
            "price": "11.15",
            "revenue": 301562
        },
        "2010-01": {
            "month": "2010-01",
            "price": "11.80",
            "revenue": 89762
        },
        "2010-02": {
            "month": "2010-02",
            "price": "10.17",
            "revenue": 63649
        },
        "2010-03": {
            "month": "2010-03",
            "price": "10.24",
            "revenue": 234398
        },
        "2010-04": {
            "month": "2010-04",
            "price": "10.33",
            "revenue": 152053
        },
        "2010-05": {
            "month": "2010-05",
            "price": "9.42",
            "revenue": 106567
        },
        "2010-06": {
            "month": "2010-06",
            "price": "8.91",
            "revenue": 119683
        },
        "2010-07": {
            "month": "2010-07",
            "price": "9.32",
            "revenue": 243432
        },
        "2010-08": {
            "month": "2010-08",
            "price": "9.91",
            "revenue": 192733
        },
        "2010-09": {
            "month": "2010-09",
            "price": "9.49",
            "revenue": 256670
        },
        "2010-10": {
            "month": "2010-10",
            "price": "9.60",
            "revenue": 163020
        },
        "2010-11": {
            "month": "2010-11",
            "price": "9.39",
            "revenue": 194883
        },
        "2010-12": {
            "month": "2010-12",
            "price": "10.43",
            "revenue": 265323
        },
        "2011-01": {
            "month": "2011-01",
            "price": "10.92",
            "revenue": 186737
        },
        "2011-02": {
            "month": "2011-02",
            "price": "9.94",
            "revenue": 42069
        },
        "2011-03": {
            "month": "2011-03",
            "price": "9.15",
            "revenue": 193157
        },
        "2011-04": {
            "month": "2011-04",
            "price": "9.43",
            "revenue": 197153
        },
        "2011-05": {
            "month": "2011-05",
            "price": "9.51",
            "revenue": 149230
        },
        "2011-06": {
            "month": "2011-06",
            "price": "9.23",
            "revenue": 120042
        },
        "2011-07": {
            "month": "2011-07",
            "price": "9.12",
            "revenue": 222545
        },
        "2011-08": {
            "month": "2011-08",
            "price": "8.00",
            "revenue": 83613
        },
        "2011-09": {
            "month": "2011-09",
            "price": "7.13",
            "revenue": 106160
        },
        "2011-10": {
            "month": "2011-10",
            "price": "6.94",
            "revenue": 174844
        },
        "2011-11": {
            "month": "2011-11",
            "price": "6.62",
            "revenue": 79556
        },
        "2011-12": {
            "month": "2011-12",
            "price": "6.11",
            "revenue": 85035
        },
        "2012-01": {
            "month": "2012-01",
            "price": "6.26",
            "revenue": 138836
        },
        "2012-02": {
            "month": "2012-02",
            "price": "7.91",
            "revenue": 202086
        },
        "2012-03": {
            "month": "2012-03",
            "price": "7.75",
            "revenue": 175599
        },
        "2012-04": {
            "month": "2012-04",
            "price": "6.64",
            "revenue": 109179
        },
        "2012-05": {
            "month": "2012-05",
            "price": "6.16",
            "revenue": 156563
        },
        "2012-06": {
            "month": "2012-06",
            "price": "6.12",
            "revenue": 118854
        },
        "2012-07": {
            "month": "2012-07",
            "price": "6.20",
            "revenue": 160387
        },
        "2012-08": {
            "month": "2012-08",
            "price": "6.57",
            "revenue": 173105
        },
        "2012-09": {
            "month": "2012-09",
            "price": "6.70",
            "revenue": 172072
        },
        "2012-10": {
            "month": "2012-10",
            "price": "6.41",
            "revenue": 103534
        },
        "2012-11": {
            "month": "2012-11",
            "price": "6.16",
            "revenue": 160163
        },
        "2012-12": {
            "month": "2012-12",
            "price": "6.61",
            "revenue": 168141
        },
        "2013-01": {
            "month": "2013-01",
            "price": "6.85",
            "revenue": 175627
        },
        "2013-02": {
            "month": "2013-02",
            "price": "7.28",
            "revenue": 151724
        },
        "2013-03": {
            "month": "2013-03",
            "price": "7.14",
            "revenue": 153140
        },
        "2013-04": {
            "month": "2013-04",
            "price": "6.83",
            "revenue": 148265
        },
        "2013-05": {
            "month": "2013-05",
            "price": "7.67",
            "revenue": 181807
        },
        "2013-06": {
            "month": "2013-06",
            "price": "8.25",
            "revenue": 104015
        },
        "2013-07": {
            "month": "2013-07",
            "price": "7.96",
            "revenue": 184527
        },
        "2013-08": {
            "month": "2013-08",
            "price": "7.18",
            "revenue": 156563
        },
        "2013-09": {
            "month": "2013-09",
            "price": "7.75",
            "revenue": 182014
        },
        "2013-10": {
            "month": "2013-10",
            "price": "7.92",
            "revenue": 205403
        },
        "2013-11": {
            "month": "2013-11",
            "price": "7.49",
            "revenue": 193129
        },
        "2013-12": {
            "month": "2013-12",
            "price": "7.85",
            "revenue": 247424
        },
        "2014-01": {
            "month": "2014-01",
            "price": "8.87",
            "revenue": 162197
        },
        "2014-02": {
            "month": "2014-02",
            "price": "8.37",
            "revenue": 231775
        },
        "2014-03": {
            "month": "2014-03",
            "price": "8.50",
            "revenue": 247151
        },
        "2014-04": {
            "month": "2014-04",
            "price": "8.23",
            "revenue": 133335
        },
        "2014-05": {
            "month": "2014-05",
            "price": "7.73",
            "revenue": 346871
        },
        "2014-06": {
            "month": "2014-06",
            "price": "8.04",
            "revenue": 292391
        },
        "2014-07": {
            "month": "2014-07",
            "price": "8.78",
            "revenue": 164667
        },
        "2014-08": {
            "month": "2014-08",
            "price": "8.50",
            "revenue": 141958
        },
        "2014-09": {
            "month": "2014-09",
            "price": "8.42",
            "revenue": 106772
        },
        "2014-10": {
            "month": "2014-10",
            "price": "7.91",
            "revenue": 85632
        },
        "2014-11": {
            "month": "2014-11",
            "price": "7.72",
            "revenue": 175087
        },
        "2014-12": {
            "month": "2014-12",
            "price": "8.12",
            "revenue": 236667
        },
        "2015-01": {
            "month": "2015-01",
            "price": "8.15",
            "revenue": 205948
        },
        "2015-02": {
            "month": "2015-02",
            "price": "8.16",
            "revenue": 132912
        },
        "2015-03": {
            "month": "2015-03",
            "price": "8.01",
            "revenue": 199586
        },
        "2015-04": {
            "month": "2015-04",
            "price": "8.06",
            "revenue": 262719
        },
        "2015-05": {
            "month": "2015-05",
            "price": "7.90",
            "revenue": 353171
        },
        "2015-06": {
            "month": "2015-06",
            "price": "7.38",
            "revenue": 283423
        },
        "2015-07": {
            "month": "2015-07",
            "price": "6.97",
            "revenue": -69278
        },
        "2015-08": {
            "month": "2015-08",
            "price": "6.25",
            "revenue": 131933
        },
        "2015-09": {
            "month": "2015-09",
            "price": "6.30",
            "revenue": 259816
        },
        "2015-10": {
            "month": "2015-10",
            "price": "6.54",
            "revenue": 228323
        },
        "2015-11": {
            "month": "2015-11",
            "price": "6.69",
            "revenue": 249780
        },
        "2015-12": {
            "month": "2015-12",
            "price": "6.74",
            "revenue": 209740
        },
        "2016-01": {
            "month": "2016-01",
            "price": "6.79",
            "revenue": 171074
        },
        "2016-02": {
            "month": "2016-02",
            "price": "6.83",
            "revenue": 155364
        },
        "2016-03": {
            "month": "2016-03",
            "price": "6.81",
            "revenue": 239205
        },
        "2016-04": {
            "month": "2016-04",
            "price": "6.50",
            "revenue": 86816
        },
        "2016-05": {
            "month": "2016-05",
            "price": "6.10",
            "revenue": 37123
        },
        "2016-06": {
            "month": "2016-06",
            "price": "6.07",
            "revenue": 132597
        },
        "2016-07": {
            "month": "2016-07",
            "price": "6.56",
            "revenue": 206617
        },
        "2016-08": {
            "month": "2016-08",
            "price": "6.91",
            "revenue": 250253
        },
        "2016-09": {
            "month": "2016-09",
            "price": "6.34",
            "revenue": 104033
        },
        "2016-10": {
            "month": "2016-10",
            "price": "5.96",
            "revenue": 22167
        },
        "2016-11": {
            "month": "2016-11",
            "price": "6.40",
            "revenue": 124423
        },
        "2016-12": {
            "month": "2016-12",
            "price": "6.69",
            "revenue": 100293
        },
        "2017-01": {
            "month": "2017-01",
            "price": "6.34",
            "revenue": 162679
        },
        "2017-02": {
            "month": "2017-02",
            "price": "6.81",
            "revenue": 181246
        },
        "2017-03": {
            "month": "2017-03",
            "price": "6.91",
            "revenue": 320886
        },
        "2017-04": {
            "month": "2017-04",
            "price": "6.86",
            "revenue": 134907
        },
        "2017-05": {
            "month": "2017-05",
            "price": "6.72",
            "revenue": 195662
        },
        "2017-06": {
            "month": "2017-06",
            "price": "6.68",
            "revenue": 189337
        },
        "2017-07": {
            "month": "2017-07",
            "price": "6.69",
            "revenue": 307593
        },
        "2017-08": {
            "month": "2017-08",
            "price": "7.30",
            "revenue": 374543
        },
        "2017-09": {
            "month": "2017-09",
            "price": "8.51",
            "revenue": 253397
        },
        "2017-10": {
            "month": "2017-10",
            "price": "8.47",
            "revenue": 241557
        },
        "2017-11": {
            "month": "2017-11",
            "price": "8.57",
            "revenue": 315319
        },
        "2017-12": {
            "month": "2017-12",
            "price": "9.19",
            "revenue": 166896
        },
        "2018-01": {
            "month": "2018-01",
            "price": "9.45",
            "revenue": 346319
        },
        "2018-02": {
            "month": "2018-02",
            "price": "9.06",
            "revenue": -25063
        },
        "2018-03": {
            "month": "2018-03",
            "price": "9.04",
            "revenue": -95277
        },
        "2018-04": {
            "month": "2018-04",
            "price": "8.62",
            "revenue": 110015
        },
        "2018-05": {
            "month": "2018-05",
            "price": "8.15",
            "revenue": 391880
        },
        "2018-06": {
            "month": "2018-06",
            "price": "8.28",
            "revenue": 181172
        },
        "2018-07": {
            "month": "2018-07",
            "price": "7.91",
            "revenue": 136563
        },
        "2018-08": {
            "month": "2018-08",
            "price": "7.99",
            "revenue": -9513
        },
        "2018-09": {
            "month": "2018-09",
            "price": "7.43",
            "revenue": 38511
        },
        "2018-10": {
            "month": "2018-10",
            "price": "7.48",
            "revenue": 48594
        },
        "2018-11": {
            "month": "2018-11",
            "price": "6.96",
            "revenue": 145843
        },
        "2018-12": {
            "month": "2018-12",
            "price": "7.07",
            "revenue": 127646
        },
        "2019-01": {
            "month": "2019-01",
            "price": "7.54",
            "revenue": 177087
        },
        "2019-02": {
            "month": "2019-02",
            "price": "7.39",
            "revenue": 175947
        },
        "2019-03": {
            "month": "2019-03",
            "price": "7.40",
            "revenue": 187798
        },
        "2019-04": {
            "month": "2019-04",
            "price": "7.26",
            "revenue": 174621
        },
        "2019-05": {
            "month": "2019-05",
            "price": "7.18",
            "revenue": 112392
        },
        "2019-06": {
            "month": "2019-06",
            "price": "7.26",
            "revenue": 150789
        },
        "2019-07": {
            "month": "2019-07",
            "price": "7.47",
            "revenue": 266325
        },
        "2019-08": {
            "month": "2019-08",
            "price": "7.29",
            "revenue": 189941
        },
        "2019-09": {
            "month": "2019-09",
            "price": "7.34",
            "revenue": 131402
        },
        "2019-10": {
            "month": "2019-10",
            "price": "7.32",
            "revenue": 235559
        },
        "2019-11": {
            "month": "2019-11",
            "price": "8.03",
            "revenue": 186749
        },
        "2019-12": {
            "month": "2019-12",
            "price": "8.11",
            "revenue": 185117
        },
        "2020-01": {
            "month": "2020-01",
            "price": "7.84",
            "revenue": 62849
        },
        "2020-02": {
            "month": "2020-02",
            "price": "7.32",
            "revenue": 115837
        },
        "2020-03": {
            "month": "2020-03",
            "price": "6.61",
            "revenue": 294166
        },
        "2020-04": {
            "month": "2020-04",
            "price": "6.74",
            "revenue": 263944
        },
        "2020-05": {
            "month": "2020-05",
            "price": "7.00",
            "revenue": 253778
        },
        "2020-06": {
            "month": "2020-06",
            "price": "7.37",
            "revenue": 422936
        },
        "2020-07": {
            "month": "2020-07",
            "price": "8.92",
            "revenue": 732808
        },
        "2020-08": {
            "month": "2020-08",
            "price": "10.20",
            "revenue": 87515
        },
        "2020-09": {
            "month": "2020-09",
            "price": "9.95",
            "revenue": 106682
        },
        "2020-10": {
            "month": "2020-10",
            "price": "8.85",
            "revenue": 160002
        },
        "2020-11": {
            "month": "2020-11",
            "price": "9.33",
            "revenue": 484512
        },
        "2020-12": {
            "month": "2020-12",
            "price": "11.79",
            "revenue": 353960
        },
        "2021-01": {
            "month": "2021-01",
            "price": "14.81",
            "revenue": 480678
        },
        "2021-02": {
            "month": "2021-02",
            "price": "14.58",
            "revenue": 372971
        },
        "2021-03": {
            "month": "2021-03",
            "price": "15.52",
            "revenue": 249470
        },
        "2021-04": {
            "month": "2021-04",
            "price": "17.45",
            "revenue": 463640
        },
        "2021-05": {
            "month": "2021-05",
            "price": "17.18",
            "revenue": 8237
        },
        "2021-06": {
            "month": "2021-06",
            "price": "16.50",
            "revenue": 633826
        },
        "2021-07": {
            "month": "2021-07",
            "price": "16.46",
            "revenue": 364137
        },
        "2021-08": {
            "month": "2021-08",
            "price": "14.12",
            "revenue": 243980
        },
        "2021-09": {
            "month": "2021-09",
            "price": "12.46",
            "revenue": 116090
        },
        "2021-10": {
            "month": "2021-10",
            "price": "11.54",
            "revenue": 584122
        },
        "2021-11": {
            "month": "2021-11",
            "price": "13.37",
            "revenue": 571848
        },
        "2021-12": {
            "month": "2021-12",
            "price": "14.18",
            "revenue": 209879
        },
        "2022-01": {
            "month": "2022-01",
            "price": "14.43",
            "revenue": -43757
        },
        "2022-02": {
            "month": "2022-02",
            "price": "13.77",
            "revenue": 231037
        },
        "2022-03": {
            "month": "2022-03",
            "price": "13.97",
            "revenue": 235603
        },
        "2022-04": {
            "month": "2022-04",
            "price": "14.34",
            "revenue": 87455
        },
        "2022-05": {
            "month": "2022-05",
            "price": "13.06",
            "revenue": 206295
        },
        "2022-06": {
            "month": "2022-06",
            "price": "12.97",
            "revenue": 59403
        },
        "2022-07": {
            "month": "2022-07",
            "price": "10.17",
            "revenue": 224971
        },
        "2022-08": {
            "month": "2022-08",
            "price": "10.54",
            "revenue": 408202
        },
        "2022-09": {
            "month": "2022-09",
            "price": "10.24",
            "revenue": 72273
        },
        "2022-10": {
            "month": "2022-10",
            "price": "9.47",
            "revenue": -4466
        },
        "2022-11": {
            "month": "2022-11",
            "price": "9.83",
            "revenue": 453256
        },
        "2022-12": {
            "month": "2022-12",
            "price": "10.03",
            "revenue": 126506
        },
        "2023-01": {
            "month": "2023-01",
            "price": "9.70",
            "revenue": 331783
        },
        "2023-02": {
            "month": "2023-02",
            "price": "10.38",
            "revenue": 421225
        },
        "2023-03": {
            "month": "2023-03",
            "price": "10.83",
            "revenue": 236139
        },
        "2023-04": {
            "month": "2023-04",
            "price": "11.28",
            "revenue": 29748
        }
    }
}
