{
    "summary": {
        "stock_name": "大展證",
        "stock_id": "6020",
        "category": "金融",
        "main_business": "在集中交易市場及營業處所受託買賣有價證券。<br>在集中交易市場及營業處所自行買賣有價證券。<br>承銷有價證券、期貨交易輔助人及有價證券買賣融資融券業務。",
        "website_url": "http://www.tachan.com.tw",
        "ceo": "李俊龍",
        "pe_ratio": 15,
        "report_year_from": 2001,
        "report_year_to": 2023,
        "age": 23,
        "eps_negative_percentage": 21,
        "eps_growth_avg": {
            "last_all": 4.96,
            "last_2y": 0,
            "last_4y": 50,
            "last_8y": 14.44,
            "last_12y": 4.96,
            "last_16y": null,
            "last_20y": null,
            "at_2006_last_3y": null,
            "at_2007_last_3y": null,
            "at_2008_last_3y": null,
            "at_2009_last_3y": null,
            "at_2010_last_3y": null,
            "at_2011_last_3y": null,
            "at_2012_last_3y": null,
            "at_2013_last_3y": null,
            "at_2014_last_3y": -17.16,
            "at_2015_last_3y": -17.16,
            "at_2016_last_3y": -17.16,
            "at_2017_last_3y": -17.16,
            "at_2018_last_3y": -32.98,
            "at_2019_last_3y": 33.68,
            "at_2020_last_3y": 50.26,
            "at_2021_last_3y": 50.26,
            "at_2022_last_3y": 50,
            "at_2023_last_3y": 33.33,
            "at_2024_last_3y": 33.33,
            "at_2006_last_all": null,
            "at_2007_last_all": null,
            "at_2008_last_all": null,
            "at_2009_last_all": null,
            "at_2010_last_all": null,
            "at_2011_last_all": null,
            "at_2012_last_all": -100,
            "at_2013_last_all": 0,
            "at_2014_last_all": -17.16,
            "at_2015_last_all": -37.87,
            "at_2016_last_all": -37.87,
            "at_2017_last_all": -10.3,
            "at_2018_last_all": -25.07,
            "at_2019_last_all": -7.21,
            "at_2020_last_all": 6.2,
            "at_2021_last_all": 16.62,
            "at_2022_last_all": 4.96,
            "at_2023_last_all": 4.96,
            "at_2024_last_all": 4.96
        },
        "latest_eps": 1.25,
        "latest_price": 18.9,
        "latest_roe": 7.33,
        "latest_gross_margin": null,
        "latest_equity": 4549841,
        "latest_revenue": 168160,
        "latest_gross_profit": null,
        "latest_net_income": 107953,
        "latest_debt_ratio": 36.27,
        "latest_current_ratio": 233.18,
        "latest_account_receivable_turnover_ratio": 0.61,
        "latest_inventory_turnover_ratio": null,
        "latest_reinvestment_rate": 0.17,
        "latest_research_to_sale_ratio": null
    },
    "eps_dividends": {
        "2000": {
            "cash": 0.01,
            "stock": 1.62,
            "eps": 0
        },
        "2001": {
            "cash": 0.8,
            "stock": 0,
            "eps": 0
        },
        "2002": {
            "cash": 0.38,
            "stock": 0,
            "eps": 0
        },
        "2003": {
            "cash": 0,
            "stock": 0.41,
            "eps": 0
        },
        "2004": {
            "cash": 0,
            "stock": 0.4,
            "eps": 0
        },
        "2005": {
            "cash": 0.53,
            "stock": 0.5,
            "eps": 0
        },
        "2006": {
            "cash": 0.58,
            "stock": 0,
            "eps": 0
        },
        "2007": {
            "cash": 0.65,
            "stock": 0,
            "eps": 0
        },
        "2008": {
            "cash": 1.21,
            "stock": 0,
            "eps": 0
        },
        "2009": {
            "cash": 0,
            "stock": 0,
            "eps": 0
        },
        "2010": {
            "cash": 0.54,
            "stock": 0,
            "eps": 0.96
        },
        "2011": {
            "cash": 0.64,
            "stock": 0,
            "eps": -0.81
        },
        "2012": {
            "cash": 0,
            "stock": 0,
            "eps": 0.43
        },
        "2013": {
            "cash": 0.03,
            "stock": 0,
            "eps": 1.34
        },
        "2014": {
            "cash": 0.12,
            "stock": 0.85,
            "eps": 0.65
        },
        "2015": {
            "cash": 0.42,
            "stock": 0,
            "eps": -0.01
        },
        "2016": {
            "cash": 0,
            "stock": 0,
            "eps": 0.09
        },
        "2017": {
            "cash": 0.08,
            "stock": 0,
            "eps": 0.95
        },
        "2018": {
            "cash": 0.66,
            "stock": 0,
            "eps": 0.01
        },
        "2019": {
            "cash": 0.03,
            "stock": 0,
            "eps": 0.45
        },
        "2020": {
            "cash": 0.32,
            "stock": 0,
            "eps": 1.03
        },
        "2021": {
            "cash": 0.72,
            "stock": 0,
            "eps": 3.39
        },
        "2022": {
            "cash": 2.38,
            "stock": 0,
            "eps": -1.07
        },
        "2023": {
            "cash": 0,
            "stock": 0,
            "eps": 1.2
        }
    },
    "dividends": {
        "2000-06-21": {
            "cash": 0.01,
            "stock": 1.62
        },
        "2001-05-22": {
            "cash": 0.8,
            "stock": 0
        },
        "2002-06-27": {
            "cash": 0.38,
            "stock": 0
        },
        "2003-06-18": {
            "cash": 0,
            "stock": 0.41
        },
        "2004-03-29": {
            "cash": 0,
            "stock": 0.4
        },
        "2005-03-31": {
            "cash": 0.53,
            "stock": 0.5
        },
        "2006-03-13": {
            "cash": 0.58,
            "stock": 0
        },
        "2007-03-27": {
            "cash": 0.65,
            "stock": 0
        },
        "2008-04-09": {
            "cash": 1.21,
            "stock": 0
        },
        "2010-03-30": {
            "cash": 0.54,
            "stock": 0
        },
        "2011-03-31": {
            "cash": 0.64,
            "stock": 0
        },
        "2013-06-24": {
            "cash": 0.03,
            "stock": 0
        },
        "2014-09-22": {
            "cash": 0.12,
            "stock": 0.85
        },
        "2015-08-06": {
            "cash": 0.42,
            "stock": 0
        },
        "2017-09-19": {
            "cash": 0.08,
            "stock": 0
        },
        "2018-08-13": {
            "cash": 0.66,
            "stock": 0
        },
        "2019-09-25": {
            "cash": 0.03,
            "stock": 0
        },
        "2020-08-25": {
            "cash": 0.32,
            "stock": 0
        },
        "2021-08-16": {
            "cash": 0.72,
            "stock": 0
        },
        "2022-05-10": {
            "cash": 2.38,
            "stock": 0
        }
    },
    "prices": {
        "200101": "無",
        "200102": "無",
        "200103": "無",
        "200104": "無",
        "200105": "無",
        "200106": "無",
        "200107": "無",
        "200108": "無",
        "200109": "無",
        "200110": "無",
        "200111": "無",
        "200112": "無",
        "200201": "無",
        "200202": "無",
        "200203": "無",
        "200204": "無",
        "200205": "無",
        "200206": "無",
        "200207": "無",
        "200208": "無",
        "200209": "無",
        "200210": "無",
        "200211": "無",
        "200212": "無",
        "200301": "14.31",
        "200302": "13.26",
        "200303": "12.95",
        "200304": "13.08",
        "200305": "12.38",
        "200306": "13.68",
        "200307": "14.00",
        "200308": "13.99",
        "200309": "14.28",
        "200310": "14.69",
        "200311": "14.55",
        "200312": "14.50",
        "200401": "14.78",
        "200402": "19.61",
        "200403": "26.73",
        "200404": "26.91",
        "200405": "20.92",
        "200406": "20.44",
        "200407": "18.67",
        "200408": "18.78",
        "200409": "20.10",
        "200410": "19.92",
        "200411": "19.11",
        "200412": "18.23",
        "200501": "17.62",
        "200502": "17.74",
        "200503": "18.34",
        "200504": "17.02",
        "200505": "15.82",
        "200506": "16.76",
        "200507": "17.24",
        "200508": "17.35",
        "200509": "15.76",
        "200510": "14.86",
        "200511": "14.25",
        "200512": "14.56",
        "200601": "15.98",
        "200602": "15.24",
        "200603": "14.93",
        "200604": "15.57",
        "200605": "16.35",
        "200606": "14.23",
        "200607": "13.81",
        "200608": "14.54",
        "200609": "14.44",
        "200610": "14.45",
        "200611": "14.61",
        "200612": "17.13",
        "200701": "16.75",
        "200702": "16.42",
        "200703": "16.13",
        "200704": "16.06",
        "200705": "15.70",
        "200706": "17.18",
        "200707": "27.10",
        "200708": "25.87",
        "200709": "26.56",
        "200710": "28.83",
        "200711": "23.67",
        "200712": "19.02",
        "200801": "19.22",
        "200802": "19.72",
        "200803": "21.88",
        "200804": "24.51",
        "200805": "22.16",
        "200806": "17.40",
        "200807": "14.99",
        "200808": "15.24",
        "200809": "13.53",
        "200810": "10.85",
        "200811": "10.64",
        "200812": "10.70",
        "200901": "10.83",
        "200902": "11.05",
        "200903": "12.34",
        "200904": "13.89",
        "200905": "15.43",
        "200906": "15.34",
        "200907": "14.79",
        "200908": "14.44",
        "200909": "16.10",
        "200910": "18.04",
        "200911": "16.37",
        "200912": "17.14",
        "201001": "17.89",
        "201002": "15.70",
        "201003": "16.10",
        "201004": "16.20",
        "201005": "15.87",
        "201006": "16.09",
        "201007": "16.16",
        "201008": "17.12",
        "201009": "17.03",
        "201010": "17.12",
        "201011": "17.03",
        "201012": "18.38",
        "201101": "19.04",
        "201102": "17.66",
        "201103": "17.20",
        "201104": "17.45",
        "201105": "18.00",
        "201106": "17.68",
        "201107": "17.15",
        "201108": "15.52",
        "201109": "14.46",
        "201110": "13.72",
        "201111": "12.98",
        "201112": "12.17",
        "201201": "12.24",
        "201202": "15.36",
        "201203": "15.34",
        "201204": "13.96",
        "201205": "13.37",
        "201206": "12.99",
        "201207": "12.90",
        "201208": "13.05",
        "201209": "13.69",
        "201210": "13.67",
        "201211": "13.08",
        "201212": "13.10",
        "201301": "13.40",
        "201302": "13.57",
        "201303": "13.49",
        "201304": "13.32",
        "201305": "14.18",
        "201306": "16.88",
        "201307": "16.07",
        "201308": "16.16",
        "201309": "17.92",
        "201310": "18.51",
        "201311": "17.64",
        "201312": "18.55",
        "201401": "23.05",
        "201402": "21.46",
        "201403": "22.31",
        "201404": "21.11",
        "201405": "19.60",
        "201406": "21.62",
        "201407": "22.50",
        "201408": "20.45",
        "201409": "18.83",
        "201410": "17.20",
        "201411": "16.35",
        "201412": "18.11",
        "201501": "18.54",
        "201502": "18.36",
        "201503": "17.73",
        "201504": "17.81",
        "201505": "17.76",
        "201506": "16.09",
        "201507": "13.99",
        "201508": "12.16",
        "201509": "12.59",
        "201510": "12.97",
        "201511": "13.93",
        "201512": "13.41",
        "201601": "12.75",
        "201602": "13.02",
        "201603": "13.26",
        "201604": "12.48",
        "201605": "12.22",
        "201606": "12.15",
        "201607": "12.45",
        "201608": "12.19",
        "201609": "11.96",
        "201610": "11.82",
        "201611": "11.72",
        "201612": "11.93",
        "201701": "11.96",
        "201702": "12.79",
        "201703": "13.07",
        "201704": "12.94",
        "201705": "12.90",
        "201706": "12.82",
        "201707": "12.92",
        "201708": "13.06",
        "201709": "14.27",
        "201710": "14.64",
        "201711": "14.76",
        "201712": "15.00",
        "201801": "15.03",
        "201802": "14.22",
        "201803": "14.10",
        "201804": "14.03",
        "201805": "14.06",
        "201806": "14.28",
        "201807": "13.98",
        "201808": "14.04",
        "201809": "13.70",
        "201810": "13.17",
        "201811": "12.96",
        "201812": "13.02",
        "201901": "12.92",
        "201902": "12.97",
        "201903": "13.00",
        "201904": "12.99",
        "201905": "12.79",
        "201906": "12.77",
        "201907": "12.91",
        "201908": "12.93",
        "201909": "12.89",
        "201910": "12.89",
        "201911": "13.04",
        "201912": "13.00",
        "202001": "13.02",
        "202002": "12.70",
        "202003": "12.13",
        "202004": "12.04",
        "202005": "12.26",
        "202006": "12.40",
        "202007": "13.76",
        "202008": "14.31",
        "202009": "13.97",
        "202010": "13.51",
        "202011": "13.86",
        "202012": "14.67",
        "202101": "18.89",
        "202102": "18.42",
        "202103": "19.14",
        "202104": "22.64",
        "202105": "23.64",
        "202106": "22.35",
        "202107": "22.01",
        "202108": "21.53",
        "202109": "21.02",
        "202110": "21.04",
        "202111": "22.17",
        "202112": "22.94",
        "202201": "23.02",
        "202202": "22.55",
        "202203": "21.92",
        "202204": "21.81",
        "202205": "19.43",
        "202206": "19.05",
        "202207": "18.86",
        "202208": "18.94",
        "202209": "18.64",
        "202210": "18.54",
        "202211": "18.60",
        "202212": "18.55",
        "202301": "18.63",
        "202302": "18.84",
        "202303": "18.82",
        "202304": "18.69",
        "202305": "18.63",
        "202306": "18.92",
        "202307": "18.89",
        "202308": "18.84",
        "202309": "18.70",
        "202310": "18.64",
        "202311": "18.77",
        "202312": "18.84"
    },
    "quarters": {
        "20011": {
            "year_quarter": 20011,
            "year": 2001,
            "quarter": 1,
            "eps": null,
            "eps_growth_year": null,
            "eps_4q": null,
            "eps_4q_growth_year": null,
            "roe": null,
            "roe_4q": 0,
            "gross_profit": null,
            "gross_margin": null,
            "gross_margin_4q_avg": 0,
            "net_income": null,
            "net_income_4q": null,
            "revenue": null,
            "revenue_4q": null,
            "common_shares": null,
            "book_valuer_per_share": null,
            "book_valuer_per_share_4q_avg": 0,
            "equity": null,
            "current_ratio": null,
            "debt_ratio": null,
            "inventory_turnover_ratio": null,
            "account_receivable_turnover_ratio": null,
            "reinvestment_rate": null,
            "research_to_sale_ratio": null,
            "price_fair": 0,
            "eps_avg_yearly": 0,
            "eps_latest_yearly": 0,
            "eps_growth_yearly": 0
        },
        "20012": {
            "year_quarter": 20012,
            "year": 2001,
            "quarter": 2,
            "eps": null,
            "eps_growth_year": null,
            "eps_4q": null,
            "eps_4q_growth_year": null,
            "roe": null,
            "roe_4q": 0,
            "gross_profit": null,
            "gross_margin": null,
            "gross_margin_4q_avg": 0,
            "net_income": null,
            "net_income_4q": null,
            "revenue": null,
            "revenue_4q": null,
            "common_shares": null,
            "book_valuer_per_share": null,
            "book_valuer_per_share_4q_avg": 0,
            "equity": null,
            "current_ratio": null,
            "debt_ratio": null,
            "inventory_turnover_ratio": null,
            "account_receivable_turnover_ratio": null,
            "reinvestment_rate": null,
            "research_to_sale_ratio": null,
            "price_fair": 0,
            "eps_avg_yearly": 0,
            "eps_latest_yearly": 0,
            "eps_growth_yearly": 0
        },
        "20013": {
            "year_quarter": 20013,
            "year": 2001,
            "quarter": 3,
            "eps": null,
            "eps_growth_year": null,
            "eps_4q": null,
            "eps_4q_growth_year": null,
            "roe": null,
            "roe_4q": 0,
            "gross_profit": null,
            "gross_margin": null,
            "gross_margin_4q_avg": 0,
            "net_income": null,
            "net_income_4q": null,
            "revenue": null,
            "revenue_4q": null,
            "common_shares": null,
            "book_valuer_per_share": null,
            "book_valuer_per_share_4q_avg": 0,
            "equity": null,
            "current_ratio": null,
            "debt_ratio": null,
            "inventory_turnover_ratio": null,
            "account_receivable_turnover_ratio": null,
            "reinvestment_rate": null,
            "research_to_sale_ratio": null,
            "price_fair": 0,
            "eps_avg_yearly": 0,
            "eps_latest_yearly": 0,
            "eps_growth_yearly": 0
        },
        "20014": {
            "year_quarter": 20014,
            "year": 2001,
            "quarter": 4,
            "eps": null,
            "eps_growth_year": null,
            "eps_4q": null,
            "eps_4q_growth_year": null,
            "roe": null,
            "roe_4q": 0,
            "gross_profit": null,
            "gross_margin": null,
            "gross_margin_4q_avg": 0,
            "net_income": null,
            "net_income_4q": null,
            "revenue": null,
            "revenue_4q": null,
            "common_shares": null,
            "book_valuer_per_share": null,
            "book_valuer_per_share_4q_avg": 0,
            "equity": null,
            "current_ratio": null,
            "debt_ratio": null,
            "inventory_turnover_ratio": null,
            "account_receivable_turnover_ratio": null,
            "reinvestment_rate": null,
            "research_to_sale_ratio": null,
            "price_fair": 0,
            "eps_avg_yearly": 0,
            "eps_latest_yearly": 0,
            "eps_growth_yearly": 0
        },
        "20021": {
            "year_quarter": 20021,
            "year": 2002,
            "quarter": 1,
            "eps": null,
            "eps_growth_year": null,
            "eps_4q": null,
            "eps_4q_growth_year": null,
            "roe": null,
            "roe_4q": 0,
            "gross_profit": null,
            "gross_margin": null,
            "gross_margin_4q_avg": 0,
            "net_income": null,
            "net_income_4q": null,
            "revenue": null,
            "revenue_4q": null,
            "common_shares": null,
            "book_valuer_per_share": null,
            "book_valuer_per_share_4q_avg": 0,
            "equity": null,
            "current_ratio": null,
            "debt_ratio": null,
            "inventory_turnover_ratio": null,
            "account_receivable_turnover_ratio": null,
            "reinvestment_rate": null,
            "research_to_sale_ratio": null,
            "price_fair": 0,
            "eps_avg_yearly": 0,
            "eps_latest_yearly": 0,
            "eps_growth_yearly": 0
        },
        "20022": {
            "year_quarter": 20022,
            "year": 2002,
            "quarter": 2,
            "eps": null,
            "eps_growth_year": null,
            "eps_4q": null,
            "eps_4q_growth_year": null,
            "roe": null,
            "roe_4q": 0,
            "gross_profit": null,
            "gross_margin": null,
            "gross_margin_4q_avg": 0,
            "net_income": null,
            "net_income_4q": null,
            "revenue": null,
            "revenue_4q": null,
            "common_shares": null,
            "book_valuer_per_share": null,
            "book_valuer_per_share_4q_avg": 0,
            "equity": null,
            "current_ratio": null,
            "debt_ratio": null,
            "inventory_turnover_ratio": null,
            "account_receivable_turnover_ratio": null,
            "reinvestment_rate": null,
            "research_to_sale_ratio": null,
            "price_fair": 0,
            "eps_avg_yearly": 0,
            "eps_latest_yearly": 0,
            "eps_growth_yearly": 0
        },
        "20023": {
            "year_quarter": 20023,
            "year": 2002,
            "quarter": 3,
            "eps": null,
            "eps_growth_year": null,
            "eps_4q": null,
            "eps_4q_growth_year": null,
            "roe": null,
            "roe_4q": 0,
            "gross_profit": null,
            "gross_margin": null,
            "gross_margin_4q_avg": 0,
            "net_income": null,
            "net_income_4q": null,
            "revenue": null,
            "revenue_4q": null,
            "common_shares": null,
            "book_valuer_per_share": null,
            "book_valuer_per_share_4q_avg": 0,
            "equity": null,
            "current_ratio": null,
            "debt_ratio": null,
            "inventory_turnover_ratio": null,
            "account_receivable_turnover_ratio": null,
            "reinvestment_rate": null,
            "research_to_sale_ratio": null,
            "price_fair": 0,
            "eps_avg_yearly": 0,
            "eps_latest_yearly": 0,
            "eps_growth_yearly": 0
        },
        "20024": {
            "year_quarter": 20024,
            "year": 2002,
            "quarter": 4,
            "eps": null,
            "eps_growth_year": null,
            "eps_4q": null,
            "eps_4q_growth_year": null,
            "roe": null,
            "roe_4q": 0,
            "gross_profit": null,
            "gross_margin": null,
            "gross_margin_4q_avg": 0,
            "net_income": null,
            "net_income_4q": null,
            "revenue": null,
            "revenue_4q": null,
            "common_shares": null,
            "book_valuer_per_share": null,
            "book_valuer_per_share_4q_avg": 0,
            "equity": null,
            "current_ratio": null,
            "debt_ratio": null,
            "inventory_turnover_ratio": null,
            "account_receivable_turnover_ratio": null,
            "reinvestment_rate": null,
            "research_to_sale_ratio": null,
            "price_fair": 0,
            "eps_avg_yearly": 0,
            "eps_latest_yearly": 0,
            "eps_growth_yearly": 0
        },
        "20031": {
            "year_quarter": 20031,
            "year": 2003,
            "quarter": 1,
            "eps": null,
            "eps_growth_year": null,
            "eps_4q": null,
            "eps_4q_growth_year": null,
            "roe": null,
            "roe_4q": 0,
            "gross_profit": null,
            "gross_margin": null,
            "gross_margin_4q_avg": 0,
            "net_income": null,
            "net_income_4q": null,
            "revenue": null,
            "revenue_4q": null,
            "common_shares": null,
            "book_valuer_per_share": null,
            "book_valuer_per_share_4q_avg": 0,
            "equity": null,
            "current_ratio": null,
            "debt_ratio": null,
            "inventory_turnover_ratio": null,
            "account_receivable_turnover_ratio": null,
            "reinvestment_rate": null,
            "research_to_sale_ratio": null,
            "price_fair": 0,
            "eps_avg_yearly": 0,
            "eps_latest_yearly": 0,
            "eps_growth_yearly": 0
        },
        "20032": {
            "year_quarter": 20032,
            "year": 2003,
            "quarter": 2,
            "eps": null,
            "eps_growth_year": null,
            "eps_4q": null,
            "eps_4q_growth_year": null,
            "roe": null,
            "roe_4q": 0,
            "gross_profit": null,
            "gross_margin": null,
            "gross_margin_4q_avg": 0,
            "net_income": null,
            "net_income_4q": null,
            "revenue": null,
            "revenue_4q": null,
            "common_shares": null,
            "book_valuer_per_share": null,
            "book_valuer_per_share_4q_avg": 0,
            "equity": null,
            "current_ratio": null,
            "debt_ratio": null,
            "inventory_turnover_ratio": null,
            "account_receivable_turnover_ratio": null,
            "reinvestment_rate": null,
            "research_to_sale_ratio": null,
            "price_fair": 0,
            "eps_avg_yearly": 0,
            "eps_latest_yearly": 0,
            "eps_growth_yearly": 0
        },
        "20033": {
            "year_quarter": 20033,
            "year": 2003,
            "quarter": 3,
            "eps": null,
            "eps_growth_year": null,
            "eps_4q": null,
            "eps_4q_growth_year": null,
            "roe": null,
            "roe_4q": 0,
            "gross_profit": null,
            "gross_margin": null,
            "gross_margin_4q_avg": 0,
            "net_income": null,
            "net_income_4q": null,
            "revenue": null,
            "revenue_4q": null,
            "common_shares": null,
            "book_valuer_per_share": null,
            "book_valuer_per_share_4q_avg": 0,
            "equity": null,
            "current_ratio": null,
            "debt_ratio": null,
            "inventory_turnover_ratio": null,
            "account_receivable_turnover_ratio": null,
            "reinvestment_rate": null,
            "research_to_sale_ratio": null,
            "price_fair": 0,
            "eps_avg_yearly": 0,
            "eps_latest_yearly": 0,
            "eps_growth_yearly": 0
        },
        "20034": {
            "year_quarter": 20034,
            "year": 2003,
            "quarter": 4,
            "eps": null,
            "eps_growth_year": null,
            "eps_4q": null,
            "eps_4q_growth_year": null,
            "roe": null,
            "roe_4q": 0,
            "gross_profit": null,
            "gross_margin": null,
            "gross_margin_4q_avg": 0,
            "net_income": null,
            "net_income_4q": null,
            "revenue": null,
            "revenue_4q": null,
            "common_shares": null,
            "book_valuer_per_share": null,
            "book_valuer_per_share_4q_avg": 0,
            "equity": null,
            "current_ratio": null,
            "debt_ratio": null,
            "inventory_turnover_ratio": null,
            "account_receivable_turnover_ratio": null,
            "reinvestment_rate": null,
            "research_to_sale_ratio": null,
            "price_fair": 0,
            "eps_avg_yearly": 0,
            "eps_latest_yearly": 0,
            "eps_growth_yearly": 0
        },
        "20041": {
            "year_quarter": 20041,
            "year": 2004,
            "quarter": 1,
            "eps": null,
            "eps_growth_year": null,
            "eps_4q": null,
            "eps_4q_growth_year": null,
            "roe": null,
            "roe_4q": 0,
            "gross_profit": null,
            "gross_margin": null,
            "gross_margin_4q_avg": 0,
            "net_income": null,
            "net_income_4q": null,
            "revenue": null,
            "revenue_4q": null,
            "common_shares": null,
            "book_valuer_per_share": null,
            "book_valuer_per_share_4q_avg": 0,
            "equity": null,
            "current_ratio": null,
            "debt_ratio": null,
            "inventory_turnover_ratio": null,
            "account_receivable_turnover_ratio": null,
            "reinvestment_rate": null,
            "research_to_sale_ratio": null,
            "price_fair": 0,
            "eps_avg_yearly": 0,
            "eps_latest_yearly": 0,
            "eps_growth_yearly": 0
        },
        "20042": {
            "year_quarter": 20042,
            "year": 2004,
            "quarter": 2,
            "eps": null,
            "eps_growth_year": null,
            "eps_4q": null,
            "eps_4q_growth_year": null,
            "roe": null,
            "roe_4q": 0,
            "gross_profit": null,
            "gross_margin": null,
            "gross_margin_4q_avg": 0,
            "net_income": null,
            "net_income_4q": null,
            "revenue": null,
            "revenue_4q": null,
            "common_shares": null,
            "book_valuer_per_share": null,
            "book_valuer_per_share_4q_avg": 0,
            "equity": null,
            "current_ratio": null,
            "debt_ratio": null,
            "inventory_turnover_ratio": null,
            "account_receivable_turnover_ratio": null,
            "reinvestment_rate": null,
            "research_to_sale_ratio": null,
            "price_fair": 0,
            "eps_avg_yearly": 0,
            "eps_latest_yearly": 0,
            "eps_growth_yearly": 0
        },
        "20043": {
            "year_quarter": 20043,
            "year": 2004,
            "quarter": 3,
            "eps": null,
            "eps_growth_year": null,
            "eps_4q": null,
            "eps_4q_growth_year": null,
            "roe": null,
            "roe_4q": 0,
            "gross_profit": null,
            "gross_margin": null,
            "gross_margin_4q_avg": 0,
            "net_income": null,
            "net_income_4q": null,
            "revenue": null,
            "revenue_4q": null,
            "common_shares": null,
            "book_valuer_per_share": null,
            "book_valuer_per_share_4q_avg": 0,
            "equity": null,
            "current_ratio": null,
            "debt_ratio": null,
            "inventory_turnover_ratio": null,
            "account_receivable_turnover_ratio": null,
            "reinvestment_rate": null,
            "research_to_sale_ratio": null,
            "price_fair": 0,
            "eps_avg_yearly": 0,
            "eps_latest_yearly": 0,
            "eps_growth_yearly": 0
        },
        "20044": {
            "year_quarter": 20044,
            "year": 2004,
            "quarter": 4,
            "eps": null,
            "eps_growth_year": null,
            "eps_4q": null,
            "eps_4q_growth_year": null,
            "roe": null,
            "roe_4q": 0,
            "gross_profit": null,
            "gross_margin": null,
            "gross_margin_4q_avg": 0,
            "net_income": null,
            "net_income_4q": null,
            "revenue": null,
            "revenue_4q": null,
            "common_shares": null,
            "book_valuer_per_share": null,
            "book_valuer_per_share_4q_avg": 0,
            "equity": null,
            "current_ratio": null,
            "debt_ratio": null,
            "inventory_turnover_ratio": null,
            "account_receivable_turnover_ratio": null,
            "reinvestment_rate": null,
            "research_to_sale_ratio": null,
            "price_fair": 0,
            "eps_avg_yearly": 0,
            "eps_latest_yearly": 0,
            "eps_growth_yearly": 0
        },
        "20051": {
            "year_quarter": 20051,
            "year": 2005,
            "quarter": 1,
            "eps": null,
            "eps_growth_year": null,
            "eps_4q": null,
            "eps_4q_growth_year": null,
            "roe": null,
            "roe_4q": 0,
            "gross_profit": null,
            "gross_margin": null,
            "gross_margin_4q_avg": 0,
            "net_income": null,
            "net_income_4q": null,
            "revenue": null,
            "revenue_4q": null,
            "common_shares": null,
            "book_valuer_per_share": null,
            "book_valuer_per_share_4q_avg": 0,
            "equity": null,
            "current_ratio": null,
            "debt_ratio": null,
            "inventory_turnover_ratio": null,
            "account_receivable_turnover_ratio": null,
            "reinvestment_rate": null,
            "research_to_sale_ratio": null,
            "price_fair": 0,
            "eps_avg_yearly": 0,
            "eps_latest_yearly": 0,
            "eps_growth_yearly": 0
        },
        "20052": {
            "year_quarter": 20052,
            "year": 2005,
            "quarter": 2,
            "eps": null,
            "eps_growth_year": null,
            "eps_4q": null,
            "eps_4q_growth_year": null,
            "roe": null,
            "roe_4q": 0,
            "gross_profit": null,
            "gross_margin": null,
            "gross_margin_4q_avg": 0,
            "net_income": null,
            "net_income_4q": null,
            "revenue": null,
            "revenue_4q": null,
            "common_shares": null,
            "book_valuer_per_share": null,
            "book_valuer_per_share_4q_avg": 0,
            "equity": null,
            "current_ratio": null,
            "debt_ratio": null,
            "inventory_turnover_ratio": null,
            "account_receivable_turnover_ratio": null,
            "reinvestment_rate": null,
            "research_to_sale_ratio": null,
            "price_fair": 0,
            "eps_avg_yearly": 0,
            "eps_latest_yearly": 0,
            "eps_growth_yearly": 0
        },
        "20053": {
            "year_quarter": 20053,
            "year": 2005,
            "quarter": 3,
            "eps": null,
            "eps_growth_year": null,
            "eps_4q": null,
            "eps_4q_growth_year": null,
            "roe": null,
            "roe_4q": 0,
            "gross_profit": null,
            "gross_margin": null,
            "gross_margin_4q_avg": 0,
            "net_income": null,
            "net_income_4q": null,
            "revenue": null,
            "revenue_4q": null,
            "common_shares": null,
            "book_valuer_per_share": null,
            "book_valuer_per_share_4q_avg": 0,
            "equity": null,
            "current_ratio": null,
            "debt_ratio": null,
            "inventory_turnover_ratio": null,
            "account_receivable_turnover_ratio": null,
            "reinvestment_rate": null,
            "research_to_sale_ratio": null,
            "price_fair": 0,
            "eps_avg_yearly": 0,
            "eps_latest_yearly": 0,
            "eps_growth_yearly": 0
        },
        "20054": {
            "year_quarter": 20054,
            "year": 2005,
            "quarter": 4,
            "eps": null,
            "eps_growth_year": null,
            "eps_4q": null,
            "eps_4q_growth_year": null,
            "roe": null,
            "roe_4q": 0,
            "gross_profit": null,
            "gross_margin": null,
            "gross_margin_4q_avg": 0,
            "net_income": null,
            "net_income_4q": null,
            "revenue": null,
            "revenue_4q": null,
            "common_shares": null,
            "book_valuer_per_share": null,
            "book_valuer_per_share_4q_avg": 0,
            "equity": null,
            "current_ratio": null,
            "debt_ratio": null,
            "inventory_turnover_ratio": null,
            "account_receivable_turnover_ratio": null,
            "reinvestment_rate": null,
            "research_to_sale_ratio": null,
            "price_fair": 0,
            "eps_avg_yearly": 0,
            "eps_latest_yearly": 0,
            "eps_growth_yearly": 0
        },
        "20061": {
            "year_quarter": 20061,
            "year": 2006,
            "quarter": 1,
            "eps": null,
            "eps_growth_year": null,
            "eps_4q": null,
            "eps_4q_growth_year": null,
            "roe": null,
            "roe_4q": 0,
            "gross_profit": null,
            "gross_margin": null,
            "gross_margin_4q_avg": 0,
            "net_income": null,
            "net_income_4q": null,
            "revenue": null,
            "revenue_4q": null,
            "common_shares": null,
            "book_valuer_per_share": null,
            "book_valuer_per_share_4q_avg": 0,
            "equity": null,
            "current_ratio": null,
            "debt_ratio": null,
            "inventory_turnover_ratio": null,
            "account_receivable_turnover_ratio": null,
            "reinvestment_rate": null,
            "research_to_sale_ratio": null,
            "price_fair": 0,
            "eps_avg_yearly": 0,
            "eps_latest_yearly": 0,
            "eps_growth_yearly": 0
        },
        "20062": {
            "year_quarter": 20062,
            "year": 2006,
            "quarter": 2,
            "eps": null,
            "eps_growth_year": null,
            "eps_4q": null,
            "eps_4q_growth_year": null,
            "roe": null,
            "roe_4q": 0,
            "gross_profit": null,
            "gross_margin": null,
            "gross_margin_4q_avg": 0,
            "net_income": null,
            "net_income_4q": null,
            "revenue": null,
            "revenue_4q": null,
            "common_shares": null,
            "book_valuer_per_share": null,
            "book_valuer_per_share_4q_avg": 0,
            "equity": null,
            "current_ratio": null,
            "debt_ratio": null,
            "inventory_turnover_ratio": null,
            "account_receivable_turnover_ratio": null,
            "reinvestment_rate": null,
            "research_to_sale_ratio": null,
            "price_fair": 0,
            "eps_avg_yearly": 0,
            "eps_latest_yearly": 0,
            "eps_growth_yearly": 0
        },
        "20063": {
            "year_quarter": 20063,
            "year": 2006,
            "quarter": 3,
            "eps": null,
            "eps_growth_year": null,
            "eps_4q": null,
            "eps_4q_growth_year": null,
            "roe": null,
            "roe_4q": 0,
            "gross_profit": null,
            "gross_margin": null,
            "gross_margin_4q_avg": 0,
            "net_income": null,
            "net_income_4q": null,
            "revenue": null,
            "revenue_4q": null,
            "common_shares": null,
            "book_valuer_per_share": null,
            "book_valuer_per_share_4q_avg": 0,
            "equity": null,
            "current_ratio": null,
            "debt_ratio": null,
            "inventory_turnover_ratio": null,
            "account_receivable_turnover_ratio": null,
            "reinvestment_rate": null,
            "research_to_sale_ratio": null,
            "price_fair": 0,
            "eps_avg_yearly": 0,
            "eps_latest_yearly": 0,
            "eps_growth_yearly": 0
        },
        "20064": {
            "year_quarter": 20064,
            "year": 2006,
            "quarter": 4,
            "eps": null,
            "eps_growth_year": null,
            "eps_4q": null,
            "eps_4q_growth_year": null,
            "roe": null,
            "roe_4q": 0,
            "gross_profit": null,
            "gross_margin": null,
            "gross_margin_4q_avg": 0,
            "net_income": null,
            "net_income_4q": null,
            "revenue": null,
            "revenue_4q": null,
            "common_shares": null,
            "book_valuer_per_share": null,
            "book_valuer_per_share_4q_avg": 0,
            "equity": null,
            "current_ratio": null,
            "debt_ratio": null,
            "inventory_turnover_ratio": null,
            "account_receivable_turnover_ratio": null,
            "reinvestment_rate": null,
            "research_to_sale_ratio": null,
            "price_fair": 0,
            "eps_avg_yearly": 0,
            "eps_latest_yearly": 0,
            "eps_growth_yearly": 0
        },
        "20071": {
            "year_quarter": 20071,
            "year": 2007,
            "quarter": 1,
            "eps": null,
            "eps_growth_year": null,
            "eps_4q": null,
            "eps_4q_growth_year": null,
            "roe": null,
            "roe_4q": 0,
            "gross_profit": null,
            "gross_margin": null,
            "gross_margin_4q_avg": 0,
            "net_income": null,
            "net_income_4q": null,
            "revenue": null,
            "revenue_4q": null,
            "common_shares": null,
            "book_valuer_per_share": null,
            "book_valuer_per_share_4q_avg": 0,
            "equity": null,
            "current_ratio": null,
            "debt_ratio": null,
            "inventory_turnover_ratio": null,
            "account_receivable_turnover_ratio": null,
            "reinvestment_rate": null,
            "research_to_sale_ratio": null,
            "price_fair": 0,
            "eps_avg_yearly": 0,
            "eps_latest_yearly": 0,
            "eps_growth_yearly": 0
        },
        "20072": {
            "year_quarter": 20072,
            "year": 2007,
            "quarter": 2,
            "eps": null,
            "eps_growth_year": null,
            "eps_4q": null,
            "eps_4q_growth_year": null,
            "roe": null,
            "roe_4q": 0,
            "gross_profit": null,
            "gross_margin": null,
            "gross_margin_4q_avg": 0,
            "net_income": null,
            "net_income_4q": null,
            "revenue": null,
            "revenue_4q": null,
            "common_shares": null,
            "book_valuer_per_share": null,
            "book_valuer_per_share_4q_avg": 0,
            "equity": null,
            "current_ratio": null,
            "debt_ratio": null,
            "inventory_turnover_ratio": null,
            "account_receivable_turnover_ratio": null,
            "reinvestment_rate": null,
            "research_to_sale_ratio": null,
            "price_fair": 0,
            "eps_avg_yearly": 0,
            "eps_latest_yearly": 0,
            "eps_growth_yearly": 0
        },
        "20073": {
            "year_quarter": 20073,
            "year": 2007,
            "quarter": 3,
            "eps": null,
            "eps_growth_year": null,
            "eps_4q": null,
            "eps_4q_growth_year": null,
            "roe": null,
            "roe_4q": 0,
            "gross_profit": null,
            "gross_margin": null,
            "gross_margin_4q_avg": 0,
            "net_income": null,
            "net_income_4q": null,
            "revenue": null,
            "revenue_4q": null,
            "common_shares": null,
            "book_valuer_per_share": null,
            "book_valuer_per_share_4q_avg": 0,
            "equity": null,
            "current_ratio": null,
            "debt_ratio": null,
            "inventory_turnover_ratio": null,
            "account_receivable_turnover_ratio": null,
            "reinvestment_rate": null,
            "research_to_sale_ratio": null,
            "price_fair": 0,
            "eps_avg_yearly": 0,
            "eps_latest_yearly": 0,
            "eps_growth_yearly": 0
        },
        "20074": {
            "year_quarter": 20074,
            "year": 2007,
            "quarter": 4,
            "eps": null,
            "eps_growth_year": null,
            "eps_4q": null,
            "eps_4q_growth_year": null,
            "roe": null,
            "roe_4q": 0,
            "gross_profit": null,
            "gross_margin": null,
            "gross_margin_4q_avg": 0,
            "net_income": null,
            "net_income_4q": null,
            "revenue": null,
            "revenue_4q": null,
            "common_shares": null,
            "book_valuer_per_share": null,
            "book_valuer_per_share_4q_avg": 0,
            "equity": null,
            "current_ratio": null,
            "debt_ratio": null,
            "inventory_turnover_ratio": null,
            "account_receivable_turnover_ratio": null,
            "reinvestment_rate": null,
            "research_to_sale_ratio": null,
            "price_fair": 0,
            "eps_avg_yearly": 0,
            "eps_latest_yearly": 0,
            "eps_growth_yearly": 0
        },
        "20081": {
            "year_quarter": 20081,
            "year": 2008,
            "quarter": 1,
            "eps": null,
            "eps_growth_year": null,
            "eps_4q": null,
            "eps_4q_growth_year": null,
            "roe": null,
            "roe_4q": 0,
            "gross_profit": null,
            "gross_margin": null,
            "gross_margin_4q_avg": 0,
            "net_income": null,
            "net_income_4q": null,
            "revenue": null,
            "revenue_4q": null,
            "common_shares": null,
            "book_valuer_per_share": null,
            "book_valuer_per_share_4q_avg": 0,
            "equity": null,
            "current_ratio": null,
            "debt_ratio": null,
            "inventory_turnover_ratio": null,
            "account_receivable_turnover_ratio": null,
            "reinvestment_rate": null,
            "research_to_sale_ratio": null,
            "price_fair": 0,
            "eps_avg_yearly": 0,
            "eps_latest_yearly": 0,
            "eps_growth_yearly": 0
        },
        "20082": {
            "year_quarter": 20082,
            "year": 2008,
            "quarter": 2,
            "eps": null,
            "eps_growth_year": null,
            "eps_4q": null,
            "eps_4q_growth_year": null,
            "roe": null,
            "roe_4q": 0,
            "gross_profit": null,
            "gross_margin": null,
            "gross_margin_4q_avg": 0,
            "net_income": null,
            "net_income_4q": null,
            "revenue": null,
            "revenue_4q": null,
            "common_shares": null,
            "book_valuer_per_share": null,
            "book_valuer_per_share_4q_avg": 0,
            "equity": null,
            "current_ratio": null,
            "debt_ratio": null,
            "inventory_turnover_ratio": null,
            "account_receivable_turnover_ratio": null,
            "reinvestment_rate": null,
            "research_to_sale_ratio": null,
            "price_fair": 0,
            "eps_avg_yearly": 0,
            "eps_latest_yearly": 0,
            "eps_growth_yearly": 0
        },
        "20083": {
            "year_quarter": 20083,
            "year": 2008,
            "quarter": 3,
            "eps": null,
            "eps_growth_year": null,
            "eps_4q": null,
            "eps_4q_growth_year": null,
            "roe": null,
            "roe_4q": 0,
            "gross_profit": null,
            "gross_margin": null,
            "gross_margin_4q_avg": 0,
            "net_income": null,
            "net_income_4q": null,
            "revenue": null,
            "revenue_4q": null,
            "common_shares": null,
            "book_valuer_per_share": null,
            "book_valuer_per_share_4q_avg": 0,
            "equity": null,
            "current_ratio": null,
            "debt_ratio": null,
            "inventory_turnover_ratio": null,
            "account_receivable_turnover_ratio": null,
            "reinvestment_rate": null,
            "research_to_sale_ratio": null,
            "price_fair": 0,
            "eps_avg_yearly": 0,
            "eps_latest_yearly": 0,
            "eps_growth_yearly": 0
        },
        "20084": {
            "year_quarter": 20084,
            "year": 2008,
            "quarter": 4,
            "eps": null,
            "eps_growth_year": null,
            "eps_4q": null,
            "eps_4q_growth_year": null,
            "roe": null,
            "roe_4q": 0,
            "gross_profit": null,
            "gross_margin": null,
            "gross_margin_4q_avg": 0,
            "net_income": null,
            "net_income_4q": null,
            "revenue": null,
            "revenue_4q": null,
            "common_shares": 2325836,
            "book_valuer_per_share": null,
            "book_valuer_per_share_4q_avg": 0,
            "equity": 3144833,
            "current_ratio": null,
            "debt_ratio": null,
            "inventory_turnover_ratio": null,
            "account_receivable_turnover_ratio": null,
            "reinvestment_rate": null,
            "research_to_sale_ratio": null,
            "price_fair": 0,
            "eps_avg_yearly": 0,
            "eps_latest_yearly": 0,
            "eps_growth_yearly": 0
        },
        "20091": {
            "year_quarter": 20091,
            "year": 2009,
            "quarter": 1,
            "eps": null,
            "eps_growth_year": null,
            "eps_4q": null,
            "eps_4q_growth_year": null,
            "roe": null,
            "roe_4q": 0,
            "gross_profit": null,
            "gross_margin": null,
            "gross_margin_4q_avg": 0,
            "net_income": 15125,
            "net_income_4q": null,
            "revenue": 62919,
            "revenue_4q": null,
            "common_shares": 2325836,
            "book_valuer_per_share": null,
            "book_valuer_per_share_4q_avg": 0,
            "equity": 3159955,
            "current_ratio": null,
            "debt_ratio": null,
            "inventory_turnover_ratio": null,
            "account_receivable_turnover_ratio": null,
            "reinvestment_rate": null,
            "research_to_sale_ratio": null,
            "price_fair": 0,
            "eps_avg_yearly": 0,
            "eps_latest_yearly": 0,
            "eps_growth_yearly": 0
        },
        "20092": {
            "year_quarter": 20092,
            "year": 2009,
            "quarter": 2,
            "eps": null,
            "eps_growth_year": null,
            "eps_4q": null,
            "eps_4q_growth_year": null,
            "roe": null,
            "roe_4q": 0,
            "gross_profit": null,
            "gross_margin": null,
            "gross_margin_4q_avg": 0,
            "net_income": 67156,
            "net_income_4q": null,
            "revenue": 141035,
            "revenue_4q": null,
            "common_shares": 2325836,
            "book_valuer_per_share": null,
            "book_valuer_per_share_4q_avg": 0,
            "equity": 3227009,
            "current_ratio": null,
            "debt_ratio": null,
            "inventory_turnover_ratio": null,
            "account_receivable_turnover_ratio": null,
            "reinvestment_rate": null,
            "research_to_sale_ratio": null,
            "price_fair": 0,
            "eps_avg_yearly": 0,
            "eps_latest_yearly": 0,
            "eps_growth_yearly": 0
        },
        "20093": {
            "year_quarter": 20093,
            "year": 2009,
            "quarter": 3,
            "eps": null,
            "eps_growth_year": null,
            "eps_4q": null,
            "eps_4q_growth_year": null,
            "roe": null,
            "roe_4q": 0,
            "gross_profit": null,
            "gross_margin": null,
            "gross_margin_4q_avg": 0,
            "net_income": 33799,
            "net_income_4q": null,
            "revenue": 139890,
            "revenue_4q": null,
            "common_shares": 2325836,
            "book_valuer_per_share": null,
            "book_valuer_per_share_4q_avg": 0,
            "equity": 3261057,
            "current_ratio": null,
            "debt_ratio": null,
            "inventory_turnover_ratio": null,
            "account_receivable_turnover_ratio": null,
            "reinvestment_rate": null,
            "research_to_sale_ratio": null,
            "price_fair": 0,
            "eps_avg_yearly": 0,
            "eps_latest_yearly": 0,
            "eps_growth_yearly": 0
        },
        "20094": {
            "year_quarter": 20094,
            "year": 2009,
            "quarter": 4,
            "eps": null,
            "eps_growth_year": null,
            "eps_4q": null,
            "eps_4q_growth_year": null,
            "roe": null,
            "roe_4q": 0,
            "gross_profit": null,
            "gross_margin": null,
            "gross_margin_4q_avg": 0,
            "net_income": 63058,
            "net_income_4q": null,
            "revenue": 144733,
            "revenue_4q": null,
            "common_shares": 2325836,
            "book_valuer_per_share": 14.3,
            "book_valuer_per_share_4q_avg": 3.58,
            "equity": 3327378,
            "current_ratio": 275.69,
            "debt_ratio": 34.55,
            "inventory_turnover_ratio": null,
            "account_receivable_turnover_ratio": null,
            "reinvestment_rate": null,
            "research_to_sale_ratio": null,
            "price_fair": 0,
            "eps_avg_yearly": 0,
            "eps_latest_yearly": 0,
            "eps_growth_yearly": 0
        },
        "20101": {
            "year_quarter": 20101,
            "year": 2010,
            "quarter": 1,
            "eps": 0,
            "eps_growth_year": null,
            "eps_4q": 0,
            "eps_4q_growth_year": null,
            "roe": 0.03,
            "roe_4q": 0.03,
            "gross_profit": null,
            "gross_margin": null,
            "gross_margin_4q_avg": 0,
            "net_income": 1044,
            "net_income_4q": null,
            "revenue": 84237,
            "revenue_4q": null,
            "common_shares": 2325836,
            "book_valuer_per_share": 14.32,
            "book_valuer_per_share_4q_avg": 7.16,
            "equity": 3331393,
            "current_ratio": 240.71,
            "debt_ratio": 39.22,
            "inventory_turnover_ratio": null,
            "account_receivable_turnover_ratio": 0.63,
            "reinvestment_rate": null,
            "research_to_sale_ratio": null,
            "price_fair": 0,
            "eps_avg_yearly": 0,
            "eps_latest_yearly": 0,
            "eps_growth_yearly": 0
        },
        "20102": {
            "year_quarter": 20102,
            "year": 2010,
            "quarter": 2,
            "eps": -0.21,
            "eps_growth_year": null,
            "eps_4q": -0.21,
            "eps_4q_growth_year": null,
            "roe": -1.53,
            "roe_4q": -1.5,
            "gross_profit": null,
            "gross_margin": null,
            "gross_margin_4q_avg": 0,
            "net_income": -49548,
            "net_income_4q": null,
            "revenue": 31883,
            "revenue_4q": null,
            "common_shares": 2325836,
            "book_valuer_per_share": 13.54,
            "book_valuer_per_share_4q_avg": 10.54,
            "equity": 3149768,
            "current_ratio": 215.55,
            "debt_ratio": 43.39,
            "inventory_turnover_ratio": null,
            "account_receivable_turnover_ratio": 0.22,
            "reinvestment_rate": null,
            "research_to_sale_ratio": null,
            "price_fair": 0,
            "eps_avg_yearly": 0,
            "eps_latest_yearly": 0,
            "eps_growth_yearly": 0
        },
        "20103": {
            "year_quarter": 20103,
            "year": 2010,
            "quarter": 3,
            "eps": 0.73,
            "eps_growth_year": null,
            "eps_4q": 0.52,
            "eps_4q_growth_year": null,
            "roe": 5.21,
            "roe_4q": 3.7099999999999995,
            "gross_profit": null,
            "gross_margin": null,
            "gross_margin_4q_avg": 0,
            "net_income": 168847,
            "net_income_4q": null,
            "revenue": 195560,
            "revenue_4q": null,
            "common_shares": 2325836,
            "book_valuer_per_share": 14.33,
            "book_valuer_per_share_4q_avg": 14.12,
            "equity": 3333304,
            "current_ratio": 222.88,
            "debt_ratio": 42.32,
            "inventory_turnover_ratio": null,
            "account_receivable_turnover_ratio": 1.17,
            "reinvestment_rate": null,
            "research_to_sale_ratio": null,
            "price_fair": 0,
            "eps_avg_yearly": 0,
            "eps_latest_yearly": 0,
            "eps_growth_yearly": 0
        },
        "20104": {
            "year_quarter": 20104,
            "year": 2010,
            "quarter": 4,
            "eps": 0.44,
            "eps_growth_year": null,
            "eps_4q": 0.95,
            "eps_4q_growth_year": null,
            "roe": 3.01,
            "roe_4q": 6.719999999999999,
            "gross_profit": null,
            "gross_margin": null,
            "gross_margin_4q_avg": 0,
            "net_income": 101533,
            "net_income_4q": null,
            "revenue": 217127,
            "revenue_4q": null,
            "common_shares": 2325836,
            "book_valuer_per_share": 14.68,
            "book_valuer_per_share_4q_avg": 14.22,
            "equity": 3413799,
            "current_ratio": 302.85,
            "debt_ratio": 32.1,
            "inventory_turnover_ratio": null,
            "account_receivable_turnover_ratio": 1.49,
            "reinvestment_rate": null,
            "research_to_sale_ratio": null,
            "price_fair": 5.28,
            "eps_avg_yearly": 1.76,
            "eps_latest_yearly": 1.76,
            "eps_growth_yearly": -158.9
        },
        "20111": {
            "year_quarter": 20111,
            "year": 2011,
            "quarter": 1,
            "eps": -0.12,
            "eps_growth_year": null,
            "eps_4q": 0.83,
            "eps_4q_growth_year": 18404.92,
            "roe": -0.79,
            "roe_4q": 5.8999999999999995,
            "gross_profit": null,
            "gross_margin": null,
            "gross_margin_4q_avg": 0,
            "net_income": -27456,
            "net_income_4q": null,
            "revenue": 69998,
            "revenue_4q": null,
            "common_shares": 2325836,
            "book_valuer_per_share": 15.17,
            "book_valuer_per_share_4q_avg": 14.43,
            "equity": 3528712,
            "current_ratio": 271.26,
            "debt_ratio": 32.95,
            "inventory_turnover_ratio": null,
            "account_receivable_turnover_ratio": 0.39,
            "reinvestment_rate": null,
            "research_to_sale_ratio": null,
            "price_fair": 5.28,
            "eps_avg_yearly": 1.76,
            "eps_latest_yearly": 1.76,
            "eps_growth_yearly": -158.9
        },
        "20112": {
            "year_quarter": 20112,
            "year": 2011,
            "quarter": 2,
            "eps": -0.15,
            "eps_growth_year": null,
            "eps_4q": 0.89,
            "eps_4q_growth_year": null,
            "roe": -1.03,
            "roe_4q": 6.3999999999999995,
            "gross_profit": null,
            "gross_margin": null,
            "gross_margin_4q_avg": 0,
            "net_income": -35511,
            "net_income_4q": null,
            "revenue": 49004,
            "revenue_4q": null,
            "common_shares": 2325836,
            "book_valuer_per_share": 14.38,
            "book_valuer_per_share_4q_avg": 14.64,
            "equity": 3344754,
            "current_ratio": 259.98,
            "debt_ratio": 33.88,
            "inventory_turnover_ratio": null,
            "account_receivable_turnover_ratio": 0.2,
            "reinvestment_rate": null,
            "research_to_sale_ratio": null,
            "price_fair": 5.28,
            "eps_avg_yearly": 1.76,
            "eps_latest_yearly": 1.76,
            "eps_growth_yearly": -158.9
        },
        "20113": {
            "year_quarter": 20113,
            "year": 2011,
            "quarter": 3,
            "eps": -0.33,
            "eps_growth_year": -146.06,
            "eps_4q": -0.17,
            "eps_4q_growth_year": -132.58,
            "roe": -2.35,
            "roe_4q": -1.1600000000000001,
            "gross_profit": null,
            "gross_margin": null,
            "gross_margin_4q_avg": 0,
            "net_income": -77766,
            "net_income_4q": null,
            "revenue": 91056,
            "revenue_4q": null,
            "common_shares": 2325836,
            "book_valuer_per_share": 14.04,
            "book_valuer_per_share_4q_avg": 14.57,
            "equity": 3266987,
            "current_ratio": 284.92,
            "debt_ratio": 30.85,
            "inventory_turnover_ratio": null,
            "account_receivable_turnover_ratio": 0.72,
            "reinvestment_rate": null,
            "research_to_sale_ratio": null,
            "price_fair": 5.28,
            "eps_avg_yearly": 1.76,
            "eps_latest_yearly": 1.76,
            "eps_growth_yearly": -158.9
        },
        "20114": {
            "year_quarter": 20114,
            "year": 2011,
            "quarter": 4,
            "eps": -0.21,
            "eps_growth_year": -148.19,
            "eps_4q": -0.82,
            "eps_4q_growth_year": -185.48,
            "roe": -1.51,
            "roe_4q": -5.680000000000001,
            "gross_profit": null,
            "gross_margin": null,
            "gross_margin_4q_avg": 0,
            "net_income": -48927,
            "net_income_4q": null,
            "revenue": 48971,
            "revenue_4q": null,
            "common_shares": 2325836,
            "book_valuer_per_share": 13.82,
            "book_valuer_per_share_4q_avg": 14.35,
            "equity": 3215198,
            "current_ratio": 316.21,
            "debt_ratio": 27.73,
            "inventory_turnover_ratio": null,
            "account_receivable_turnover_ratio": 2.32,
            "reinvestment_rate": null,
            "research_to_sale_ratio": null,
            "price_fair": 5.28,
            "eps_avg_yearly": 1.76,
            "eps_latest_yearly": 1.76,
            "eps_growth_yearly": -158.9
        },
        "20121": {
            "year_quarter": 20121,
            "year": 2012,
            "quarter": 1,
            "eps": 0.39,
            "eps_growth_year": null,
            "eps_4q": -0.31,
            "eps_4q_growth_year": -137.44,
            "roe": 2.75,
            "roe_4q": -2.14,
            "gross_profit": null,
            "gross_margin": null,
            "gross_margin_4q_avg": 0,
            "net_income": 89810,
            "net_income_4q": null,
            "revenue": 90694,
            "revenue_4q": null,
            "common_shares": 2325836,
            "book_valuer_per_share": 14.21,
            "book_valuer_per_share_4q_avg": 14.11,
            "equity": 3305006,
            "current_ratio": 564.58,
            "debt_ratio": 15.81,
            "inventory_turnover_ratio": null,
            "account_receivable_turnover_ratio": 0.8,
            "reinvestment_rate": null,
            "research_to_sale_ratio": null,
            "price_fair": 5.28,
            "eps_avg_yearly": 1.76,
            "eps_latest_yearly": 1.76,
            "eps_growth_yearly": -158.9
        },
        "20122": {
            "year_quarter": 20122,
            "year": 2012,
            "quarter": 2,
            "eps": -0.17,
            "eps_growth_year": null,
            "eps_4q": -0.33,
            "eps_4q_growth_year": -137.08,
            "roe": -1.22,
            "roe_4q": -2.33,
            "gross_profit": null,
            "gross_margin": null,
            "gross_margin_4q_avg": 0,
            "net_income": -40024,
            "net_income_4q": null,
            "revenue": 29936,
            "revenue_4q": null,
            "common_shares": 2325836,
            "book_valuer_per_share": 14.04,
            "book_valuer_per_share_4q_avg": 14.03,
            "equity": 3264984,
            "current_ratio": 346.32,
            "debt_ratio": 24.74,
            "inventory_turnover_ratio": null,
            "account_receivable_turnover_ratio": 0.21,
            "reinvestment_rate": null,
            "research_to_sale_ratio": null,
            "price_fair": 5.28,
            "eps_avg_yearly": 1.76,
            "eps_latest_yearly": 1.76,
            "eps_growth_yearly": -158.9
        },
        "20123": {
            "year_quarter": 20123,
            "year": 2012,
            "quarter": 3,
            "eps": 0.23,
            "eps_growth_year": null,
            "eps_4q": 0.23,
            "eps_4q_growth_year": null,
            "roe": 1.62,
            "roe_4q": 1.6400000000000003,
            "gross_profit": null,
            "gross_margin": null,
            "gross_margin_4q_avg": 0,
            "net_income": 53191,
            "net_income_4q": null,
            "revenue": 97929,
            "revenue_4q": null,
            "common_shares": 2325836,
            "book_valuer_per_share": 14.26,
            "book_valuer_per_share_4q_avg": 14.08,
            "equity": 3318172,
            "current_ratio": 347.43,
            "debt_ratio": 24.9,
            "inventory_turnover_ratio": null,
            "account_receivable_turnover_ratio": 1.27,
            "reinvestment_rate": null,
            "research_to_sale_ratio": null,
            "price_fair": 5.28,
            "eps_avg_yearly": 1.76,
            "eps_latest_yearly": 1.76,
            "eps_growth_yearly": -158.9
        },
        "20124": {
            "year_quarter": 20124,
            "year": 2012,
            "quarter": 4,
            "eps": -0.02,
            "eps_growth_year": null,
            "eps_4q": 0.42,
            "eps_4q_growth_year": null,
            "roe": -0.16,
            "roe_4q": 2.99,
            "gross_profit": null,
            "gross_margin": null,
            "gross_margin_4q_avg": 0,
            "net_income": -5405,
            "net_income_4q": null,
            "revenue": 40669,
            "revenue_4q": null,
            "common_shares": 2325836,
            "book_valuer_per_share": 14.25,
            "book_valuer_per_share_4q_avg": 14.19,
            "equity": 3315543,
            "current_ratio": 427.02,
            "debt_ratio": 20.25,
            "inventory_turnover_ratio": null,
            "account_receivable_turnover_ratio": 0.47,
            "reinvestment_rate": -8.1,
            "research_to_sale_ratio": null,
            "price_fair": 5.28,
            "eps_avg_yearly": 1.76,
            "eps_latest_yearly": 1.76,
            "eps_growth_yearly": -158.9
        },
        "20131": {
            "year_quarter": 20131,
            "year": 2013,
            "quarter": 1,
            "eps": 0.41,
            "eps_growth_year": 5.13,
            "eps_4q": 0.44,
            "eps_4q_growth_year": null,
            "roe": 2.83,
            "roe_4q": 3.0700000000000003,
            "gross_profit": null,
            "gross_margin": null,
            "gross_margin_4q_avg": 0,
            "net_income": 95130,
            "net_income_4q": null,
            "revenue": 87890,
            "revenue_4q": null,
            "common_shares": 2325836,
            "book_valuer_per_share": 14.68,
            "book_valuer_per_share_4q_avg": 14.31,
            "equity": 3414395,
            "current_ratio": 367.84,
            "debt_ratio": 23.58,
            "inventory_turnover_ratio": null,
            "account_receivable_turnover_ratio": 0.38,
            "reinvestment_rate": 32.22,
            "research_to_sale_ratio": null,
            "price_fair": 5.28,
            "eps_avg_yearly": 1.76,
            "eps_latest_yearly": 1.76,
            "eps_growth_yearly": -158.9
        },
        "20132": {
            "year_quarter": 20132,
            "year": 2013,
            "quarter": 2,
            "eps": 0.44,
            "eps_growth_year": null,
            "eps_4q": 1.05,
            "eps_4q_growth_year": null,
            "roe": 2.94,
            "roe_4q": 7.2299999999999995,
            "gross_profit": null,
            "gross_margin": null,
            "gross_margin_4q_avg": 0,
            "net_income": 101856,
            "net_income_4q": null,
            "revenue": 139142,
            "revenue_4q": null,
            "common_shares": 2325836,
            "book_valuer_per_share": 15.09,
            "book_valuer_per_share_4q_avg": 14.57,
            "equity": 3509856,
            "current_ratio": 399.25,
            "debt_ratio": 21.82,
            "inventory_turnover_ratio": null,
            "account_receivable_turnover_ratio": 0.41,
            "reinvestment_rate": 29.44,
            "research_to_sale_ratio": null,
            "price_fair": 5.28,
            "eps_avg_yearly": 1.76,
            "eps_latest_yearly": 1.76,
            "eps_growth_yearly": -64.82
        },
        "20133": {
            "year_quarter": 20133,
            "year": 2013,
            "quarter": 3,
            "eps": 0.29,
            "eps_growth_year": 26.81,
            "eps_4q": 1.12,
            "eps_4q_growth_year": 381.12,
            "roe": 1.93,
            "roe_4q": 7.54,
            "gross_profit": null,
            "gross_margin": null,
            "gross_margin_4q_avg": 0,
            "net_income": 68438,
            "net_income_4q": null,
            "revenue": 122480,
            "revenue_4q": null,
            "common_shares": 2325836,
            "book_valuer_per_share": 15.38,
            "book_valuer_per_share_4q_avg": 14.85,
            "equity": 3578294,
            "current_ratio": 457.83,
            "debt_ratio": 19.11,
            "inventory_turnover_ratio": null,
            "account_receivable_turnover_ratio": 0.48,
            "reinvestment_rate": 27.05,
            "research_to_sale_ratio": null,
            "price_fair": 4.68,
            "eps_avg_yearly": 1.56,
            "eps_latest_yearly": 1.16,
            "eps_growth_yearly": -88.67
        },
        "20134": {
            "year_quarter": 20134,
            "year": 2013,
            "quarter": 4,
            "eps": 0.2,
            "eps_growth_year": null,
            "eps_4q": 1.35,
            "eps_4q_growth_year": 220.81,
            "roe": 1.32,
            "roe_4q": 9.02,
            "gross_profit": null,
            "gross_margin": null,
            "gross_margin_4q_avg": 0,
            "net_income": 47579,
            "net_income_4q": null,
            "revenue": 95783,
            "revenue_4q": null,
            "common_shares": 2325836,
            "book_valuer_per_share": 15.59,
            "book_valuer_per_share_4q_avg": 15.19,
            "equity": 3627573,
            "current_ratio": 420.61,
            "debt_ratio": 20.84,
            "inventory_turnover_ratio": null,
            "account_receivable_turnover_ratio": 0.5,
            "reinvestment_rate": 24.9,
            "research_to_sale_ratio": null,
            "price_fair": 4.11,
            "eps_avg_yearly": 1.37,
            "eps_latest_yearly": 0.8,
            "eps_growth_yearly": -97.53
        },
        "20141": {
            "year_quarter": 20141,
            "year": 2014,
            "quarter": 1,
            "eps": 0.35,
            "eps_growth_year": -14.63,
            "eps_4q": 1.28,
            "eps_4q_growth_year": 190.4,
            "roe": 2.2,
            "roe_4q": 8.39,
            "gross_profit": null,
            "gross_margin": null,
            "gross_margin_4q_avg": 0,
            "net_income": 80907,
            "net_income_4q": null,
            "revenue": 133699,
            "revenue_4q": null,
            "common_shares": 2325836,
            "book_valuer_per_share": 15.94,
            "book_valuer_per_share_4q_avg": 15.5,
            "equity": 3728480,
            "current_ratio": 402.34,
            "debt_ratio": 21.85,
            "inventory_turnover_ratio": null,
            "account_receivable_turnover_ratio": 0.61,
            "reinvestment_rate": 20.42,
            "research_to_sale_ratio": null,
            "price_fair": 4.13,
            "eps_avg_yearly": 1.38,
            "eps_latest_yearly": 1.4,
            "eps_growth_yearly": -18.03
        },
        "20142": {
            "year_quarter": 20142,
            "year": 2014,
            "quarter": 2,
            "eps": 0.91,
            "eps_growth_year": 106.82,
            "eps_4q": 1.62,
            "eps_4q_growth_year": 54.24,
            "roe": 5.57,
            "roe_4q": 11.02,
            "gross_profit": null,
            "gross_margin": null,
            "gross_margin_4q_avg": 0,
            "net_income": 212699,
            "net_income_4q": null,
            "revenue": 255781,
            "revenue_4q": null,
            "common_shares": 2325836,
            "book_valuer_per_share": 16.74,
            "book_valuer_per_share_4q_avg": 15.91,
            "equity": 3914432,
            "current_ratio": 338.98,
            "debt_ratio": 26.1,
            "inventory_turnover_ratio": null,
            "account_receivable_turnover_ratio": 0.76,
            "reinvestment_rate": 15.21,
            "research_to_sale_ratio": null,
            "price_fair": 61.37,
            "eps_avg_yearly": 1.75,
            "eps_latest_yearly": 3.64,
            "eps_growth_yearly": 91.64
        },
        "20143": {
            "year_quarter": 20143,
            "year": 2014,
            "quarter": 3,
            "eps": -0.51,
            "eps_growth_year": -275.86,
            "eps_4q": 0.85,
            "eps_4q_growth_year": -24.26,
            "roe": -3.31,
            "roe_4q": 5.780000000000001,
            "gross_profit": null,
            "gross_margin": null,
            "gross_margin_4q_avg": 0,
            "net_income": -127421,
            "net_income_4q": null,
            "revenue": -82056,
            "revenue_4q": null,
            "common_shares": 2523532,
            "book_valuer_per_share": 14.93,
            "book_valuer_per_share_4q_avg": 15.8,
            "equity": 3787011,
            "current_ratio": 392.57,
            "debt_ratio": 22.42,
            "inventory_turnover_ratio": null,
            "account_receivable_turnover_ratio": -0.21,
            "reinvestment_rate": 24.39,
            "research_to_sale_ratio": null,
            "price_fair": 61.37,
            "eps_avg_yearly": 1.75,
            "eps_latest_yearly": 3.64,
            "eps_growth_yearly": 91.64
        },
        "20144": {
            "year_quarter": 20144,
            "year": 2014,
            "quarter": 4,
            "eps": -0.1,
            "eps_growth_year": -150.44,
            "eps_4q": 0.56,
            "eps_4q_growth_year": -58.76,
            "roe": -0.67,
            "roe_4q": 3.7900000000000005,
            "gross_profit": null,
            "gross_margin": null,
            "gross_margin_4q_avg": 0,
            "net_income": -25303,
            "net_income_4q": null,
            "revenue": -15777,
            "revenue_4q": null,
            "common_shares": 2523532,
            "book_valuer_per_share": 14.86,
            "book_valuer_per_share_4q_avg": 15.62,
            "equity": 3770083,
            "current_ratio": 419.6,
            "debt_ratio": 20.81,
            "inventory_turnover_ratio": null,
            "account_receivable_turnover_ratio": -0.05,
            "reinvestment_rate": 28.37,
            "research_to_sale_ratio": null,
            "price_fair": 61.32,
            "eps_avg_yearly": 1.75,
            "eps_latest_yearly": 3.64,
            "eps_growth_yearly": 141.75
        },
        "20151": {
            "year_quarter": 20151,
            "year": 2015,
            "quarter": 1,
            "eps": 0.06,
            "eps_growth_year": -82.86,
            "eps_4q": 0.3,
            "eps_4q_growth_year": -77,
            "roe": 0.4,
            "roe_4q": 1.9900000000000002,
            "gross_profit": null,
            "gross_margin": null,
            "gross_margin_4q_avg": 0,
            "net_income": 14930,
            "net_income_4q": null,
            "revenue": 51754,
            "revenue_4q": null,
            "common_shares": 2523532,
            "book_valuer_per_share": 14.92,
            "book_valuer_per_share_4q_avg": 15.36,
            "equity": 3784775,
            "current_ratio": 388.3,
            "debt_ratio": 22.54,
            "inventory_turnover_ratio": null,
            "account_receivable_turnover_ratio": 0.18,
            "reinvestment_rate": 26.63,
            "research_to_sale_ratio": null,
            "price_fair": 61.32,
            "eps_avg_yearly": 1.75,
            "eps_latest_yearly": 3.64,
            "eps_growth_yearly": 141.75
        },
        "20152": {
            "year_quarter": 20152,
            "year": 2015,
            "quarter": 2,
            "eps": -0.25,
            "eps_growth_year": -127.47,
            "eps_4q": -0.8,
            "eps_4q_growth_year": -149.13,
            "roe": -1.71,
            "roe_4q": -5.29,
            "gross_profit": null,
            "gross_margin": null,
            "gross_margin_4q_avg": 0,
            "net_income": -63331,
            "net_income_4q": null,
            "revenue": -15160,
            "revenue_4q": null,
            "common_shares": 2523532,
            "book_valuer_per_share": 14.24,
            "book_valuer_per_share_4q_avg": 14.74,
            "equity": 3614976,
            "current_ratio": 341.16,
            "debt_ratio": 25.55,
            "inventory_turnover_ratio": null,
            "account_receivable_turnover_ratio": -0.05,
            "reinvestment_rate": 9.29,
            "research_to_sale_ratio": null,
            "price_fair": 61.32,
            "eps_avg_yearly": 1.75,
            "eps_latest_yearly": 3.64,
            "eps_growth_yearly": 141.75
        },
        "20153": {
            "year_quarter": 20153,
            "year": 2015,
            "quarter": 3,
            "eps": -0.02,
            "eps_growth_year": null,
            "eps_4q": -0.31,
            "eps_4q_growth_year": -136.75,
            "roe": -0.14,
            "roe_4q": -2.12,
            "gross_profit": null,
            "gross_margin": null,
            "gross_margin_4q_avg": 0,
            "net_income": -5121,
            "net_income_4q": null,
            "revenue": -9643,
            "revenue_4q": null,
            "common_shares": 2523532,
            "book_valuer_per_share": 14.22,
            "book_valuer_per_share_4q_avg": 14.56,
            "equity": 3609855,
            "current_ratio": 400.11,
            "debt_ratio": 21.69,
            "inventory_turnover_ratio": null,
            "account_receivable_turnover_ratio": -0.03,
            "reinvestment_rate": 8.96,
            "research_to_sale_ratio": null,
            "price_fair": 61.32,
            "eps_avg_yearly": 1.75,
            "eps_latest_yearly": 3.64,
            "eps_growth_yearly": 141.75
        },
        "20154": {
            "year_quarter": 20154,
            "year": 2015,
            "quarter": 4,
            "eps": 0.2,
            "eps_growth_year": null,
            "eps_4q": -0.01,
            "eps_4q_growth_year": -101.07,
            "roe": 1.4,
            "roe_4q": -0.050000000000000155,
            "gross_profit": null,
            "gross_margin": null,
            "gross_margin_4q_avg": 0,
            "net_income": 50899,
            "net_income_4q": null,
            "revenue": 87398,
            "revenue_4q": null,
            "common_shares": 2523532,
            "book_valuer_per_share": 14.45,
            "book_valuer_per_share_4q_avg": 14.46,
            "equity": 3667214,
            "current_ratio": 462.52,
            "debt_ratio": 18.62,
            "inventory_turnover_ratio": null,
            "account_receivable_turnover_ratio": 0.53,
            "reinvestment_rate": 8.41,
            "research_to_sale_ratio": null,
            "price_fair": 61.32,
            "eps_avg_yearly": 1.75,
            "eps_latest_yearly": 3.64,
            "eps_growth_yearly": 141.75
        },
        "20161": {
            "year_quarter": 20161,
            "year": 2016,
            "quarter": 1,
            "eps": 0.11,
            "eps_growth_year": 83.33,
            "eps_4q": 0.04,
            "eps_4q_growth_year": -86.32,
            "roe": 0.73,
            "roe_4q": 0.2799999999999998,
            "gross_profit": null,
            "gross_margin": null,
            "gross_margin_4q_avg": 0,
            "net_income": 27020,
            "net_income_4q": null,
            "revenue": 54500,
            "revenue_4q": null,
            "common_shares": 2523532,
            "book_valuer_per_share": 14.56,
            "book_valuer_per_share_4q_avg": 14.37,
            "equity": 3694234,
            "current_ratio": 301.68,
            "debt_ratio": 28.92,
            "inventory_turnover_ratio": null,
            "account_receivable_turnover_ratio": 0.2,
            "reinvestment_rate": 9.76,
            "research_to_sale_ratio": null,
            "price_fair": 53.67,
            "eps_avg_yearly": 1.53,
            "eps_latest_yearly": 0.44,
            "eps_growth_yearly": 88.13
        },
        "20162": {
            "year_quarter": 20162,
            "year": 2016,
            "quarter": 2,
            "eps": -0.09,
            "eps_growth_year": null,
            "eps_4q": 0.2,
            "eps_4q_growth_year": null,
            "roe": -0.64,
            "roe_4q": 1.3499999999999996,
            "gross_profit": null,
            "gross_margin": null,
            "gross_margin_4q_avg": 0,
            "net_income": -23599,
            "net_income_4q": null,
            "revenue": 7080,
            "revenue_4q": null,
            "common_shares": 2523532,
            "book_valuer_per_share": 14.47,
            "book_valuer_per_share_4q_avg": 14.43,
            "equity": 3650955,
            "current_ratio": 463.16,
            "debt_ratio": 18.49,
            "inventory_turnover_ratio": null,
            "account_receivable_turnover_ratio": 0.02,
            "reinvestment_rate": 9.72,
            "research_to_sale_ratio": null,
            "price_fair": 53.67,
            "eps_avg_yearly": 1.53,
            "eps_latest_yearly": 0.44,
            "eps_growth_yearly": 88.13
        },
        "20163": {
            "year_quarter": 20163,
            "year": 2016,
            "quarter": 3,
            "eps": 0.16,
            "eps_growth_year": null,
            "eps_4q": 0.37,
            "eps_4q_growth_year": null,
            "roe": 1.09,
            "roe_4q": 2.58,
            "gross_profit": null,
            "gross_margin": null,
            "gross_margin_4q_avg": 0,
            "net_income": 40169,
            "net_income_4q": null,
            "revenue": 60062,
            "revenue_4q": null,
            "common_shares": 2523532,
            "book_valuer_per_share": 14.62,
            "book_valuer_per_share_4q_avg": 14.53,
            "equity": 3691124,
            "current_ratio": 538.39,
            "debt_ratio": 15.87,
            "inventory_turnover_ratio": null,
            "account_receivable_turnover_ratio": 0.28,
            "reinvestment_rate": 13.29,
            "research_to_sale_ratio": null,
            "price_fair": 53.67,
            "eps_avg_yearly": 1.53,
            "eps_latest_yearly": 0.44,
            "eps_growth_yearly": 88.13
        },
        "20164": {
            "year_quarter": 20164,
            "year": 2016,
            "quarter": 4,
            "eps": -0.09,
            "eps_growth_year": -143.44,
            "eps_4q": 0.08,
            "eps_4q_growth_year": null,
            "roe": -0.6,
            "roe_4q": 0.5800000000000001,
            "gross_profit": null,
            "gross_margin": null,
            "gross_margin_4q_avg": 0,
            "net_income": -22148,
            "net_income_4q": null,
            "revenue": 475,
            "revenue_4q": null,
            "common_shares": 2523532,
            "book_valuer_per_share": 14.54,
            "book_valuer_per_share_4q_avg": 14.55,
            "equity": 3669408,
            "current_ratio": 525.91,
            "debt_ratio": 16.23,
            "inventory_turnover_ratio": null,
            "account_receivable_turnover_ratio": 0,
            "reinvestment_rate": 13.93,
            "research_to_sale_ratio": null,
            "price_fair": 53.67,
            "eps_avg_yearly": 1.53,
            "eps_latest_yearly": 0.44,
            "eps_growth_yearly": 88.13
        },
        "20171": {
            "year_quarter": 20171,
            "year": 2017,
            "quarter": 1,
            "eps": 0.36,
            "eps_growth_year": 227.27,
            "eps_4q": 0.34,
            "eps_4q_growth_year": 743.31,
            "roe": 2.47,
            "roe_4q": 2.32,
            "gross_profit": null,
            "gross_margin": null,
            "gross_margin_4q_avg": 0,
            "net_income": 91737,
            "net_income_4q": null,
            "revenue": 112212,
            "revenue_4q": null,
            "common_shares": 2523532,
            "book_valuer_per_share": 14.9,
            "book_valuer_per_share_4q_avg": 14.63,
            "equity": 3761145,
            "current_ratio": 508.26,
            "debt_ratio": 16.87,
            "inventory_turnover_ratio": null,
            "account_receivable_turnover_ratio": 0.87,
            "reinvestment_rate": -17.31,
            "research_to_sale_ratio": null,
            "price_fair": 53.67,
            "eps_avg_yearly": 1.53,
            "eps_latest_yearly": 0.44,
            "eps_growth_yearly": 88.13
        },
        "20172": {
            "year_quarter": 20172,
            "year": 2017,
            "quarter": 2,
            "eps": 0.01,
            "eps_growth_year": null,
            "eps_4q": 0.45,
            "eps_4q_growth_year": 127.92,
            "roe": 0.09,
            "roe_4q": 3.05,
            "gross_profit": null,
            "gross_margin": null,
            "gross_margin_4q_avg": 0,
            "net_income": 3388,
            "net_income_4q": null,
            "revenue": 30764,
            "revenue_4q": null,
            "common_shares": 2523532,
            "book_valuer_per_share": 14.84,
            "book_valuer_per_share_4q_avg": 14.73,
            "equity": 3744597,
            "current_ratio": 375.79,
            "debt_ratio": 23.02,
            "inventory_turnover_ratio": null,
            "account_receivable_turnover_ratio": 0.18,
            "reinvestment_rate": -21.65,
            "research_to_sale_ratio": null,
            "price_fair": 35.45,
            "eps_avg_yearly": 1.25,
            "eps_latest_yearly": 0.04,
            "eps_growth_yearly": 18.43
        },
        "20173": {
            "year_quarter": 20173,
            "year": 2017,
            "quarter": 3,
            "eps": 0.49,
            "eps_growth_year": 206.25,
            "eps_4q": 0.78,
            "eps_4q_growth_year": 107.12,
            "roe": 3.23,
            "roe_4q": 5.19,
            "gross_profit": null,
            "gross_margin": null,
            "gross_margin_4q_avg": 0,
            "net_income": 122936,
            "net_income_4q": null,
            "revenue": 163132,
            "revenue_4q": null,
            "common_shares": 2523532,
            "book_valuer_per_share": 15.32,
            "book_valuer_per_share_4q_avg": 14.9,
            "equity": 3867533,
            "current_ratio": 418.3,
            "debt_ratio": 20.71,
            "inventory_turnover_ratio": null,
            "account_receivable_turnover_ratio": 0.83,
            "reinvestment_rate": -18.64,
            "research_to_sale_ratio": null,
            "price_fair": 48.3,
            "eps_avg_yearly": 1.38,
            "eps_latest_yearly": 1.96,
            "eps_growth_yearly": 3241.16
        },
        "20174": {
            "year_quarter": 20174,
            "year": 2017,
            "quarter": 4,
            "eps": 0.09,
            "eps_growth_year": null,
            "eps_4q": 0.95,
            "eps_4q_growth_year": 1018.01,
            "roe": 0.56,
            "roe_4q": 6.35,
            "gross_profit": null,
            "gross_margin": null,
            "gross_margin_4q_avg": 0,
            "net_income": 21712,
            "net_income_4q": null,
            "revenue": 70542,
            "revenue_4q": null,
            "common_shares": 2523532,
            "book_valuer_per_share": 15.41,
            "book_valuer_per_share_4q_avg": 15.12,
            "equity": 3889786,
            "current_ratio": 483.8,
            "debt_ratio": 17.85,
            "inventory_turnover_ratio": null,
            "account_receivable_turnover_ratio": 0.37,
            "reinvestment_rate": -17.73,
            "research_to_sale_ratio": null,
            "price_fair": 45.73,
            "eps_avg_yearly": 1.31,
            "eps_latest_yearly": 0.36,
            "eps_growth_yearly": 3207.43
        },
        "20181": {
            "year_quarter": 20181,
            "year": 2018,
            "quarter": 1,
            "eps": -0.03,
            "eps_growth_year": -108.33,
            "eps_4q": 0.56,
            "eps_4q_growth_year": 63.25,
            "roe": -0.19,
            "roe_4q": 3.69,
            "gross_profit": null,
            "gross_margin": null,
            "gross_margin_4q_avg": 0,
            "net_income": -7526,
            "net_income_4q": null,
            "revenue": 24868,
            "revenue_4q": null,
            "common_shares": 2523532,
            "book_valuer_per_share": 15.88,
            "book_valuer_per_share_4q_avg": 15.36,
            "equity": 4008684,
            "current_ratio": 425.1,
            "debt_ratio": 19.87,
            "inventory_turnover_ratio": null,
            "account_receivable_turnover_ratio": 0.13,
            "reinvestment_rate": -62.01,
            "research_to_sale_ratio": null,
            "price_fair": 45.08,
            "eps_avg_yearly": 1.29,
            "eps_latest_yearly": 0.36,
            "eps_growth_yearly": 3788.92
        },
        "20182": {
            "year_quarter": 20182,
            "year": 2018,
            "quarter": 2,
            "eps": 0.33,
            "eps_growth_year": 3200,
            "eps_4q": 0.87,
            "eps_4q_growth_year": 93.77,
            "roe": 2.08,
            "roe_4q": 5.68,
            "gross_profit": null,
            "gross_margin": null,
            "gross_margin_4q_avg": 0,
            "net_income": 82109,
            "net_income_4q": null,
            "revenue": 126078,
            "revenue_4q": null,
            "common_shares": 2523532,
            "book_valuer_per_share": 15.4,
            "book_valuer_per_share_4q_avg": 15.5,
            "equity": 3885815,
            "current_ratio": 382.28,
            "debt_ratio": 22.25,
            "inventory_turnover_ratio": null,
            "account_receivable_turnover_ratio": 0.62,
            "reinvestment_rate": -115.55,
            "research_to_sale_ratio": null,
            "price_fair": 24.5,
            "eps_avg_yearly": 0.7,
            "eps_latest_yearly": 0.36,
            "eps_growth_yearly": 4576.15
        },
        "20183": {
            "year_quarter": 20183,
            "year": 2018,
            "quarter": 3,
            "eps": -0.18,
            "eps_growth_year": -136.73,
            "eps_4q": 0.2,
            "eps_4q_growth_year": -73.7,
            "roe": -1.15,
            "roe_4q": 1.3000000000000003,
            "gross_profit": null,
            "gross_margin": null,
            "gross_margin_4q_avg": 0,
            "net_income": -44764,
            "net_income_4q": null,
            "revenue": -31052,
            "revenue_4q": null,
            "common_shares": 2523532,
            "book_valuer_per_share": 15.43,
            "book_valuer_per_share_4q_avg": 15.53,
            "equity": 3894583,
            "current_ratio": 445.67,
            "debt_ratio": 18.98,
            "inventory_turnover_ratio": null,
            "account_receivable_turnover_ratio": -0.2,
            "reinvestment_rate": -79,
            "research_to_sale_ratio": null,
            "price_fair": 24.5,
            "eps_avg_yearly": 0.7,
            "eps_latest_yearly": 0.36,
            "eps_growth_yearly": 4576.15
        },
        "20184": {
            "year_quarter": 20184,
            "year": 2018,
            "quarter": 4,
            "eps": -0.11,
            "eps_growth_year": -227.97,
            "eps_4q": 0.01,
            "eps_4q_growth_year": -99.15,
            "roe": -0.72,
            "roe_4q": 0.020000000000000184,
            "gross_profit": null,
            "gross_margin": null,
            "gross_margin_4q_avg": 0,
            "net_income": -27785,
            "net_income_4q": null,
            "revenue": -9117,
            "revenue_4q": null,
            "common_shares": 2523532,
            "book_valuer_per_share": 15.25,
            "book_valuer_per_share_4q_avg": 15.49,
            "equity": 3850046,
            "current_ratio": 455.45,
            "debt_ratio": 18.62,
            "inventory_turnover_ratio": null,
            "account_receivable_turnover_ratio": -0.07,
            "reinvestment_rate": -75.76,
            "research_to_sale_ratio": null,
            "price_fair": 24.5,
            "eps_avg_yearly": 0.7,
            "eps_latest_yearly": 0.36,
            "eps_growth_yearly": 4576.15
        },
        "20191": {
            "year_quarter": 20191,
            "year": 2019,
            "quarter": 1,
            "eps": 0.25,
            "eps_growth_year": null,
            "eps_4q": 0.29,
            "eps_4q_growth_year": -47.81,
            "roe": 1.64,
            "roe_4q": 1.85,
            "gross_profit": null,
            "gross_margin": null,
            "gross_margin_4q_avg": 0,
            "net_income": 63768,
            "net_income_4q": null,
            "revenue": 91127,
            "revenue_4q": null,
            "common_shares": 2523532,
            "book_valuer_per_share": 15.56,
            "book_valuer_per_share_4q_avg": 15.41,
            "equity": 3926863,
            "current_ratio": 489.19,
            "debt_ratio": 17.37,
            "inventory_turnover_ratio": null,
            "account_receivable_turnover_ratio": 0.54,
            "reinvestment_rate": -63.52,
            "research_to_sale_ratio": null,
            "price_fair": 24.5,
            "eps_avg_yearly": 0.7,
            "eps_latest_yearly": 0.36,
            "eps_growth_yearly": 4576.15
        },
        "20192": {
            "year_quarter": 20192,
            "year": 2019,
            "quarter": 2,
            "eps": -0.27,
            "eps_growth_year": -181.82,
            "eps_4q": -0.3,
            "eps_4q_growth_year": -135,
            "roe": -1.74,
            "roe_4q": -1.97,
            "gross_profit": null,
            "gross_margin": null,
            "gross_margin_4q_avg": 0,
            "net_income": -67953,
            "net_income_4q": null,
            "revenue": -34948,
            "revenue_4q": null,
            "common_shares": 2523532,
            "book_valuer_per_share": 15.44,
            "book_valuer_per_share_4q_avg": 15.42,
            "equity": 3896648,
            "current_ratio": 329.11,
            "debt_ratio": 25.78,
            "inventory_turnover_ratio": null,
            "account_receivable_turnover_ratio": -0.19,
            "reinvestment_rate": -43.78,
            "research_to_sale_ratio": null,
            "price_fair": 24.5,
            "eps_avg_yearly": 0.7,
            "eps_latest_yearly": 0.36,
            "eps_growth_yearly": 4576.15
        },
        "20193": {
            "year_quarter": 20193,
            "year": 2019,
            "quarter": 3,
            "eps": 0.2,
            "eps_growth_year": null,
            "eps_4q": 0.08,
            "eps_4q_growth_year": -62.94,
            "roe": 1.3,
            "roe_4q": 0.48,
            "gross_profit": null,
            "gross_margin": null,
            "gross_margin_4q_avg": 0,
            "net_income": 51060,
            "net_income_4q": null,
            "revenue": 64370,
            "revenue_4q": null,
            "common_shares": 2523532,
            "book_valuer_per_share": 15.67,
            "book_valuer_per_share_4q_avg": 15.48,
            "equity": 3954534,
            "current_ratio": 273.2,
            "debt_ratio": 31.38,
            "inventory_turnover_ratio": null,
            "account_receivable_turnover_ratio": 0.37,
            "reinvestment_rate": -38.1,
            "research_to_sale_ratio": null,
            "price_fair": 24.5,
            "eps_avg_yearly": 0.7,
            "eps_latest_yearly": 0.36,
            "eps_growth_yearly": 4576.15
        },
        "20194": {
            "year_quarter": 20194,
            "year": 2019,
            "quarter": 4,
            "eps": 0.27,
            "eps_growth_year": null,
            "eps_4q": 0.46,
            "eps_4q_growth_year": 5598,
            "roe": 1.73,
            "roe_4q": 2.93,
            "gross_profit": null,
            "gross_margin": null,
            "gross_margin_4q_avg": 0,
            "net_income": 68964,
            "net_income_4q": null,
            "revenue": 108046,
            "revenue_4q": null,
            "common_shares": 2523532,
            "book_valuer_per_share": 15.83,
            "book_valuer_per_share_4q_avg": 15.63,
            "equity": 3995991,
            "current_ratio": 256.17,
            "debt_ratio": 33.8,
            "inventory_turnover_ratio": null,
            "account_receivable_turnover_ratio": 0.59,
            "reinvestment_rate": -32.66,
            "research_to_sale_ratio": null,
            "price_fair": 27.16,
            "eps_avg_yearly": 0.78,
            "eps_latest_yearly": 1.08,
            "eps_growth_yearly": 3688.92
        },
        "20201": {
            "year_quarter": 20201,
            "year": 2020,
            "quarter": 1,
            "eps": -0.5,
            "eps_growth_year": -300,
            "eps_4q": -0.29,
            "eps_4q_growth_year": -199.49,
            "roe": -3.2,
            "roe_4q": -1.9100000000000001,
            "gross_profit": null,
            "gross_margin": null,
            "gross_margin_4q_avg": 0,
            "net_income": -125031,
            "net_income_4q": null,
            "revenue": -80831,
            "revenue_4q": null,
            "common_shares": 2523532,
            "book_valuer_per_share": 15.18,
            "book_valuer_per_share_4q_avg": 15.53,
            "equity": 3830101,
            "current_ratio": 231,
            "debt_ratio": 37.93,
            "inventory_turnover_ratio": null,
            "account_receivable_turnover_ratio": -0.38,
            "reinvestment_rate": -55.26,
            "research_to_sale_ratio": null,
            "price_fair": 30.1,
            "eps_avg_yearly": 0.86,
            "eps_latest_yearly": 1.08,
            "eps_growth_yearly": 4656.15
        },
        "20202": {
            "year_quarter": 20202,
            "year": 2020,
            "quarter": 2,
            "eps": 0.6,
            "eps_growth_year": null,
            "eps_4q": 0.58,
            "eps_4q_growth_year": null,
            "roe": 3.88,
            "roe_4q": 3.71,
            "gross_profit": null,
            "gross_margin": null,
            "gross_margin_4q_avg": 0,
            "net_income": 150138,
            "net_income_4q": null,
            "revenue": 182019,
            "revenue_4q": null,
            "common_shares": 2523532,
            "book_valuer_per_share": 15.45,
            "book_valuer_per_share_4q_avg": 15.53,
            "equity": 3899842,
            "current_ratio": 220.32,
            "debt_ratio": 40.03,
            "inventory_turnover_ratio": null,
            "account_receivable_turnover_ratio": 0.69,
            "reinvestment_rate": -31.26,
            "research_to_sale_ratio": null,
            "price_fair": 30.1,
            "eps_avg_yearly": 0.86,
            "eps_latest_yearly": 1.08,
            "eps_growth_yearly": 4656.15
        },
        "20203": {
            "year_quarter": 20203,
            "year": 2020,
            "quarter": 3,
            "eps": 0.32,
            "eps_growth_year": 60,
            "eps_4q": 0.69,
            "eps_4q_growth_year": 816.64,
            "roe": 2.04,
            "roe_4q": 4.449999999999999,
            "gross_profit": null,
            "gross_margin": null,
            "gross_margin_4q_avg": 0,
            "net_income": 80939,
            "net_income_4q": null,
            "revenue": 126278,
            "revenue_4q": null,
            "common_shares": 2523532,
            "book_valuer_per_share": 15.98,
            "book_valuer_per_share_4q_avg": 15.61,
            "equity": 4034114,
            "current_ratio": 221.25,
            "debt_ratio": 39.66,
            "inventory_turnover_ratio": null,
            "account_receivable_turnover_ratio": 0.5,
            "reinvestment_rate": -28.58,
            "research_to_sale_ratio": null,
            "price_fair": 33.04,
            "eps_avg_yearly": 0.94,
            "eps_latest_yearly": 1.28,
            "eps_growth_yearly": 3687.58
        },
        "20204": {
            "year_quarter": 20204,
            "year": 2020,
            "quarter": 4,
            "eps": 0.61,
            "eps_growth_year": 123.58,
            "eps_4q": 1.03,
            "eps_4q_growth_year": 124.66,
            "roe": 3.76,
            "roe_4q": 6.4799999999999995,
            "gross_profit": null,
            "gross_margin": null,
            "gross_margin_4q_avg": 0,
            "net_income": 154193,
            "net_income_4q": null,
            "revenue": 229708,
            "revenue_4q": null,
            "common_shares": 2523532,
            "book_valuer_per_share": 16.53,
            "book_valuer_per_share_4q_avg": 15.79,
            "equity": 4170838,
            "current_ratio": 219.02,
            "debt_ratio": 40.41,
            "inventory_turnover_ratio": null,
            "account_receivable_turnover_ratio": 0.7,
            "reinvestment_rate": -20.51,
            "research_to_sale_ratio": null,
            "price_fair": 41.77,
            "eps_avg_yearly": 1.19,
            "eps_latest_yearly": 2.44,
            "eps_growth_yearly": 3133.4
        },
        "20211": {
            "year_quarter": 20211,
            "year": 2021,
            "quarter": 1,
            "eps": 1.17,
            "eps_growth_year": null,
            "eps_4q": 2.7,
            "eps_4q_growth_year": null,
            "roe": 6.87,
            "roe_4q": 16.549999999999997,
            "gross_profit": null,
            "gross_margin": null,
            "gross_margin_4q_avg": 0,
            "net_income": 295320,
            "net_income_4q": null,
            "revenue": 384282,
            "revenue_4q": null,
            "common_shares": 2523532,
            "book_valuer_per_share": 17.54,
            "book_valuer_per_share_4q_avg": 16.38,
            "equity": 4427836,
            "current_ratio": 220.29,
            "debt_ratio": 40.7,
            "inventory_turnover_ratio": null,
            "account_receivable_turnover_ratio": 0.73,
            "reinvestment_rate": -15.48,
            "research_to_sale_ratio": null,
            "price_fair": 59.2,
            "eps_avg_yearly": 1.69,
            "eps_latest_yearly": 4.68,
            "eps_growth_yearly": 2738.23
        },
        "20212": {
            "year_quarter": 20212,
            "year": 2021,
            "quarter": 2,
            "eps": 0.48,
            "eps_growth_year": -20,
            "eps_4q": 2.59,
            "eps_4q_growth_year": 349.73,
            "roe": 2.77,
            "roe_4q": 15.440000000000001,
            "gross_profit": null,
            "gross_margin": null,
            "gross_margin_4q_avg": 0,
            "net_income": 122255,
            "net_income_4q": null,
            "revenue": 233117,
            "revenue_4q": null,
            "common_shares": 2523532,
            "book_valuer_per_share": 17.42,
            "book_valuer_per_share_4q_avg": 16.87,
            "equity": 4397288,
            "current_ratio": 216.91,
            "debt_ratio": 41.09,
            "inventory_turnover_ratio": null,
            "account_receivable_turnover_ratio": 0.34,
            "reinvestment_rate": -13.57,
            "research_to_sale_ratio": null,
            "price_fair": 68.6,
            "eps_avg_yearly": 1.96,
            "eps_latest_yearly": 1.92,
            "eps_growth_yearly": 2760.09
        },
        "20213": {
            "year_quarter": 20213,
            "year": 2021,
            "quarter": 3,
            "eps": 0.62,
            "eps_growth_year": 93.75,
            "eps_4q": 2.89,
            "eps_4q_growth_year": 316.3,
            "roe": 3.47,
            "roe_4q": 16.869999999999997,
            "gross_profit": null,
            "gross_margin": null,
            "gross_margin_4q_avg": 0,
            "net_income": 156813,
            "net_income_4q": null,
            "revenue": 236214,
            "revenue_4q": null,
            "common_shares": 2523532,
            "book_valuer_per_share": 18.39,
            "book_valuer_per_share_4q_avg": 17.47,
            "equity": 4640674,
            "current_ratio": 245.29,
            "debt_ratio": 35.73,
            "inventory_turnover_ratio": null,
            "account_receivable_turnover_ratio": 0.41,
            "reinvestment_rate": -11.68,
            "research_to_sale_ratio": null,
            "price_fair": 71.2,
            "eps_avg_yearly": 2.03,
            "eps_latest_yearly": 2.48,
            "eps_growth_yearly": 33.9
        },
        "20214": {
            "year_quarter": 20214,
            "year": 2021,
            "quarter": 4,
            "eps": 1.12,
            "eps_growth_year": 83.62,
            "eps_4q": 3.4,
            "eps_4q_growth_year": 229.51,
            "roe": 5.92,
            "roe_4q": 19.03,
            "gross_profit": null,
            "gross_margin": null,
            "gross_margin_4q_avg": 0,
            "net_income": 283124,
            "net_income_4q": null,
            "revenue": 405413,
            "revenue_4q": null,
            "common_shares": 2523532,
            "book_valuer_per_share": 19.49,
            "book_valuer_per_share_4q_avg": 18.21,
            "equity": 4917689,
            "current_ratio": 240.86,
            "debt_ratio": 36.79,
            "inventory_turnover_ratio": null,
            "account_receivable_turnover_ratio": 0.69,
            "reinvestment_rate": -9.36,
            "research_to_sale_ratio": null,
            "price_fair": 91.8,
            "eps_avg_yearly": 2.62,
            "eps_latest_yearly": 4.48,
            "eps_growth_yearly": 126.63
        },
        "20221": {
            "year_quarter": 20221,
            "year": 2022,
            "quarter": 1,
            "eps": -0.56,
            "eps_growth_year": -147.86,
            "eps_4q": 1.67,
            "eps_4q_growth_year": -38.13,
            "roe": -3.1,
            "roe_4q": 9.06,
            "gross_profit": null,
            "gross_margin": null,
            "gross_margin_4q_avg": 0,
            "net_income": -141145,
            "net_income_4q": null,
            "revenue": -108148,
            "revenue_4q": null,
            "common_shares": 2523532,
            "book_valuer_per_share": 16.65,
            "book_valuer_per_share_4q_avg": 17.99,
            "equity": 4201766,
            "current_ratio": 214.07,
            "debt_ratio": 40.67,
            "inventory_turnover_ratio": null,
            "account_receivable_turnover_ratio": -0.16,
            "reinvestment_rate": 0.91,
            "research_to_sale_ratio": null,
            "price_fair": 91.8,
            "eps_avg_yearly": 2.62,
            "eps_latest_yearly": 4.48,
            "eps_growth_yearly": 126.63
        },
        "20222": {
            "year_quarter": 20222,
            "year": 2022,
            "quarter": 2,
            "eps": -0.45,
            "eps_growth_year": -193.75,
            "eps_4q": 0.73,
            "eps_4q_growth_year": -71.68,
            "roe": -2.76,
            "roe_4q": 3.5300000000000007,
            "gross_profit": null,
            "gross_margin": null,
            "gross_margin_4q_avg": 0,
            "net_income": -113978,
            "net_income_4q": null,
            "revenue": -65211,
            "revenue_4q": null,
            "common_shares": 2523532,
            "book_valuer_per_share": 16.06,
            "book_valuer_per_share_4q_avg": 17.65,
            "equity": 4053117,
            "current_ratio": 262.91,
            "debt_ratio": 32.31,
            "inventory_turnover_ratio": null,
            "account_receivable_turnover_ratio": -0.17,
            "reinvestment_rate": 0.95,
            "research_to_sale_ratio": null,
            "price_fair": 91.8,
            "eps_avg_yearly": 2.62,
            "eps_latest_yearly": 4.48,
            "eps_growth_yearly": 126.63
        },
        "20223": {
            "year_quarter": 20223,
            "year": 2022,
            "quarter": 3,
            "eps": -0.11,
            "eps_growth_year": -117.74,
            "eps_4q": 0,
            "eps_4q_growth_year": -99.84,
            "roe": -0.66,
            "roe_4q": -0.5999999999999996,
            "gross_profit": null,
            "gross_margin": null,
            "gross_margin_4q_avg": 0,
            "net_income": -26826,
            "net_income_4q": null,
            "revenue": 3232,
            "revenue_4q": null,
            "common_shares": 2523532,
            "book_valuer_per_share": 16.02,
            "book_valuer_per_share_4q_avg": 17.06,
            "equity": 4042124,
            "current_ratio": 247.16,
            "debt_ratio": 34.44,
            "inventory_turnover_ratio": null,
            "account_receivable_turnover_ratio": 0.01,
            "reinvestment_rate": 1.03,
            "research_to_sale_ratio": null,
            "price_fair": 91.8,
            "eps_avg_yearly": 2.62,
            "eps_latest_yearly": 4.48,
            "eps_growth_yearly": 126.63
        },
        "20224": {
            "year_quarter": 20224,
            "year": 2022,
            "quarter": 4,
            "eps": 0.05,
            "eps_growth_year": -95.69,
            "eps_4q": -1.07,
            "eps_4q_growth_year": -131.46,
            "roe": 0.3,
            "roe_4q": -6.22,
            "gross_profit": null,
            "gross_margin": null,
            "gross_margin_4q_avg": 0,
            "net_income": 12187,
            "net_income_4q": null,
            "revenue": 47559,
            "revenue_4q": null,
            "common_shares": 2523532,
            "book_valuer_per_share": 16.17,
            "book_valuer_per_share_4q_avg": 16.23,
            "equity": 4080552,
            "current_ratio": 254.8,
            "debt_ratio": 33.17,
            "inventory_turnover_ratio": null,
            "account_receivable_turnover_ratio": 0.27,
            "reinvestment_rate": 0.84,
            "research_to_sale_ratio": null,
            "price_fair": 91.8,
            "eps_avg_yearly": 2.62,
            "eps_latest_yearly": 4.48,
            "eps_growth_yearly": 126.63
        },
        "20231": {
            "year_quarter": 20231,
            "year": 2023,
            "quarter": 1,
            "eps": 0.36,
            "eps_growth_year": null,
            "eps_4q": -0.15,
            "eps_4q_growth_year": -109.03,
            "roe": 2.17,
            "roe_4q": -0.9500000000000002,
            "gross_profit": null,
            "gross_margin": null,
            "gross_margin_4q_avg": 0,
            "net_income": 90578,
            "net_income_4q": null,
            "revenue": 146296,
            "revenue_4q": null,
            "common_shares": 2523532,
            "book_valuer_per_share": 16.92,
            "book_valuer_per_share_4q_avg": 16.29,
            "equity": 4269067,
            "current_ratio": 259.58,
            "debt_ratio": 32.18,
            "inventory_turnover_ratio": null,
            "account_receivable_turnover_ratio": 0.64,
            "reinvestment_rate": 0.74,
            "research_to_sale_ratio": null,
            "price_fair": 86.63,
            "eps_avg_yearly": 2.48,
            "eps_latest_yearly": 1.44,
            "eps_growth_yearly": 420.8
        },
        "20232": {
            "year_quarter": 20232,
            "year": 2023,
            "quarter": 2,
            "eps": 0.41,
            "eps_growth_year": null,
            "eps_4q": 0.71,
            "eps_4q_growth_year": -2.59,
            "roe": 2.37,
            "roe_4q": 4.18,
            "gross_profit": null,
            "gross_margin": null,
            "gross_margin_4q_avg": 0,
            "net_income": 104086,
            "net_income_4q": null,
            "revenue": 155045,
            "revenue_4q": null,
            "common_shares": 2523532,
            "book_valuer_per_share": 17.89,
            "book_valuer_per_share_4q_avg": 16.75,
            "equity": 4514584,
            "current_ratio": 226.76,
            "debt_ratio": 36.84,
            "inventory_turnover_ratio": null,
            "account_receivable_turnover_ratio": 0.5,
            "reinvestment_rate": 0.27,
            "research_to_sale_ratio": null,
            "price_fair": 83.38,
            "eps_avg_yearly": 2.38,
            "eps_latest_yearly": 1.64,
            "eps_growth_yearly": 380.22
        },
        "20233": {
            "year_quarter": 20233,
            "year": 2023,
            "quarter": 3,
            "eps": 0.43,
            "eps_growth_year": null,
            "eps_4q": 1.25,
            "eps_4q_growth_year": 26374.66,
            "roe": 2.38,
            "roe_4q": 7.22,
            "gross_profit": null,
            "gross_margin": null,
            "gross_margin_4q_avg": 0,
            "net_income": 107953,
            "net_income_4q": null,
            "revenue": 168160,
            "revenue_4q": null,
            "common_shares": 2523532,
            "book_valuer_per_share": 18.03,
            "book_valuer_per_share_4q_avg": 17.25,
            "equity": 4549841,
            "current_ratio": 233.18,
            "debt_ratio": 36.27,
            "inventory_turnover_ratio": null,
            "account_receivable_turnover_ratio": 0.61,
            "reinvestment_rate": 0.17,
            "research_to_sale_ratio": null,
            "price_fair": 81.06,
            "eps_avg_yearly": 2.32,
            "eps_latest_yearly": 1.72,
            "eps_growth_yearly": 344.15
        }
    },
    "months": {
        "2003-01": {
            "month": "2003-01",
            "price": "14.31",
            "revenue": 19614
        },
        "2003-02": {
            "month": "2003-02",
            "price": "13.26",
            "revenue": 21311
        },
        "2003-03": {
            "month": "2003-03",
            "price": "12.95",
            "revenue": -4349
        },
        "2003-04": {
            "month": "2003-04",
            "price": "13.08",
            "revenue": 10012
        },
        "2003-05": {
            "month": "2003-05",
            "price": "12.38",
            "revenue": 21977
        },
        "2003-06": {
            "month": "2003-06",
            "price": "13.68",
            "revenue": 106746
        },
        "2003-07": {
            "month": "2003-07",
            "price": "14.00",
            "revenue": 119268
        },
        "2003-08": {
            "month": "2003-08",
            "price": "13.99",
            "revenue": 28201
        },
        "2003-09": {
            "month": "2003-09",
            "price": "14.28",
            "revenue": 48798
        },
        "2003-10": {
            "month": "2003-10",
            "price": "14.69",
            "revenue": 32343
        },
        "2003-11": {
            "month": "2003-11",
            "price": "14.55",
            "revenue": 18927
        },
        "2003-12": {
            "month": "2003-12",
            "price": "14.50",
            "revenue": 22715
        },
        "2004-01": {
            "month": "2004-01",
            "price": "14.78",
            "revenue": 138755
        },
        "2004-02": {
            "month": "2004-02",
            "price": "19.61",
            "revenue": 144613
        },
        "2004-03": {
            "month": "2004-03",
            "price": "26.73",
            "revenue": 124119
        },
        "2004-04": {
            "month": "2004-04",
            "price": "26.91",
            "revenue": 88355
        },
        "2004-05": {
            "month": "2004-05",
            "price": "20.92",
            "revenue": 41564
        },
        "2004-06": {
            "month": "2004-06",
            "price": "20.44",
            "revenue": -562
        },
        "2004-07": {
            "month": "2004-07",
            "price": "18.67",
            "revenue": 13912
        },
        "2004-08": {
            "month": "2004-08",
            "price": "18.78",
            "revenue": 38301
        },
        "2004-09": {
            "month": "2004-09",
            "price": "20.10",
            "revenue": 53486
        },
        "2004-10": {
            "month": "2004-10",
            "price": "19.92",
            "revenue": 17040
        },
        "2004-11": {
            "month": "2004-11",
            "price": "19.11",
            "revenue": -38362
        },
        "2004-12": {
            "month": "2004-12",
            "price": "18.23",
            "revenue": 45657
        },
        "2005-01": {
            "month": "2005-01",
            "price": "17.62",
            "revenue": 23983
        },
        "2005-02": {
            "month": "2005-02",
            "price": "17.74",
            "revenue": 44728
        },
        "2005-03": {
            "month": "2005-03",
            "price": "18.34",
            "revenue": 49596
        },
        "2005-04": {
            "month": "2005-04",
            "price": "17.02",
            "revenue": -8416
        },
        "2005-05": {
            "month": "2005-05",
            "price": "15.82",
            "revenue": 4821
        },
        "2005-06": {
            "month": "2005-06",
            "price": "16.76",
            "revenue": 59257
        },
        "2005-07": {
            "month": "2005-07",
            "price": "17.24",
            "revenue": 95430
        },
        "2005-08": {
            "month": "2005-08",
            "price": "17.35",
            "revenue": 45924
        },
        "2005-09": {
            "month": "2005-09",
            "price": "15.76",
            "revenue": -86897
        },
        "2005-10": {
            "month": "2005-10",
            "price": "14.86",
            "revenue": 1721
        },
        "2005-11": {
            "month": "2005-11",
            "price": "14.25",
            "revenue": 67193
        },
        "2005-12": {
            "month": "2005-12",
            "price": "14.56",
            "revenue": 163454
        },
        "2006-01": {
            "month": "2006-01",
            "price": "15.98",
            "revenue": 100523
        },
        "2006-02": {
            "month": "2006-02",
            "price": "15.24",
            "revenue": 22798
        },
        "2006-03": {
            "month": "2006-03",
            "price": "14.93",
            "revenue": -7733
        },
        "2006-04": {
            "month": "2006-04",
            "price": "15.57",
            "revenue": 91263
        },
        "2006-05": {
            "month": "2006-05",
            "price": "16.35",
            "revenue": 4762
        },
        "2006-06": {
            "month": "2006-06",
            "price": "14.23",
            "revenue": -33781
        },
        "2006-07": {
            "month": "2006-07",
            "price": "13.81",
            "revenue": -13368
        },
        "2006-08": {
            "month": "2006-08",
            "price": "14.54",
            "revenue": 62520
        },
        "2006-09": {
            "month": "2006-09",
            "price": "14.44",
            "revenue": 48500
        },
        "2006-10": {
            "month": "2006-10",
            "price": "14.45",
            "revenue": -66706
        },
        "2006-11": {
            "month": "2006-11",
            "price": "14.61",
            "revenue": 21914
        },
        "2006-12": {
            "month": "2006-12",
            "price": "17.13",
            "revenue": 79725
        },
        "2007-01": {
            "month": "2007-01",
            "price": "16.75",
            "revenue": 4131
        },
        "2007-02": {
            "month": "2007-02",
            "price": "16.42",
            "revenue": -36609
        },
        "2007-03": {
            "month": "2007-03",
            "price": "16.13",
            "revenue": -37062
        },
        "2007-04": {
            "month": "2007-04",
            "price": "16.06",
            "revenue": 12768
        },
        "2007-05": {
            "month": "2007-05",
            "price": "15.70",
            "revenue": -117
        },
        "2007-06": {
            "month": "2007-06",
            "price": "17.18",
            "revenue": 60097
        },
        "2007-07": {
            "month": "2007-07",
            "price": "27.10",
            "revenue": 337858
        },
        "2007-08": {
            "month": "2007-08",
            "price": "25.87",
            "revenue": 31344
        },
        "2007-09": {
            "month": "2007-09",
            "price": "26.56",
            "revenue": 46197
        },
        "2007-10": {
            "month": "2007-10",
            "price": "28.83",
            "revenue": 12460
        },
        "2007-11": {
            "month": "2007-11",
            "price": "23.67",
            "revenue": -178482
        },
        "2007-12": {
            "month": "2007-12",
            "price": "19.02",
            "revenue": -246362
        },
        "2008-01": {
            "month": "2008-01",
            "price": "19.22",
            "revenue": -486623
        },
        "2008-02": {
            "month": "2008-02",
            "price": "19.72",
            "revenue": -10597
        },
        "2008-03": {
            "month": "2008-03",
            "price": "21.88",
            "revenue": 27025
        },
        "2008-04": {
            "month": "2008-04",
            "price": "24.51",
            "revenue": 91147
        },
        "2008-05": {
            "month": "2008-05",
            "price": "22.16",
            "revenue": -50309
        },
        "2008-06": {
            "month": "2008-06",
            "price": "17.40",
            "revenue": -223859
        },
        "2008-07": {
            "month": "2008-07",
            "price": "14.99",
            "revenue": 42590
        },
        "2008-08": {
            "month": "2008-08",
            "price": "15.24",
            "revenue": 94763
        },
        "2008-09": {
            "month": "2008-09",
            "price": "13.53",
            "revenue": -32438
        },
        "2008-10": {
            "month": "2008-10",
            "price": "10.85",
            "revenue": 74481
        },
        "2008-11": {
            "month": "2008-11",
            "price": "10.64",
            "revenue": -4751
        },
        "2008-12": {
            "month": "2008-12",
            "price": "10.70",
            "revenue": 151167
        },
        "2009-01": {
            "month": "2009-01",
            "price": "10.83",
            "revenue": 111576
        },
        "2009-02": {
            "month": "2009-02",
            "price": "11.05",
            "revenue": 80875
        },
        "2009-03": {
            "month": "2009-03",
            "price": "12.34",
            "revenue": 143981
        },
        "2009-04": {
            "month": "2009-04",
            "price": "13.89",
            "revenue": 62881
        },
        "2009-05": {
            "month": "2009-05",
            "price": "15.43",
            "revenue": 115872
        },
        "2009-06": {
            "month": "2009-06",
            "price": "15.34",
            "revenue": 115404
        },
        "2009-07": {
            "month": "2009-07",
            "price": "14.79",
            "revenue": 72859
        },
        "2009-08": {
            "month": "2009-08",
            "price": "14.44",
            "revenue": -10779
        },
        "2009-09": {
            "month": "2009-09",
            "price": "16.10",
            "revenue": 91713
        },
        "2009-10": {
            "month": "2009-10",
            "price": "18.04",
            "revenue": 28929
        },
        "2009-11": {
            "month": "2009-11",
            "price": "16.37",
            "revenue": 32457
        },
        "2009-12": {
            "month": "2009-12",
            "price": "17.14",
            "revenue": 76605
        },
        "2010-01": {
            "month": "2010-01",
            "price": "17.89",
            "revenue": -17357
        },
        "2010-02": {
            "month": "2010-02",
            "price": "15.70",
            "revenue": 7664
        },
        "2010-03": {
            "month": "2010-03",
            "price": "16.10",
            "revenue": 49916
        },
        "2010-04": {
            "month": "2010-04",
            "price": "16.20",
            "revenue": 11082
        },
        "2010-05": {
            "month": "2010-05",
            "price": "15.87",
            "revenue": -7363
        },
        "2010-06": {
            "month": "2010-06",
            "price": "16.09",
            "revenue": -5784
        },
        "2010-07": {
            "month": "2010-07",
            "price": "16.16",
            "revenue": 81736
        },
        "2010-08": {
            "month": "2010-08",
            "price": "17.12",
            "revenue": 47686
        },
        "2010-09": {
            "month": "2010-09",
            "price": "17.03",
            "revenue": 117108
        },
        "2010-10": {
            "month": "2010-10",
            "price": "17.12",
            "revenue": 52671
        },
        "2010-11": {
            "month": "2010-11",
            "price": "17.03",
            "revenue": 40908
        },
        "2010-12": {
            "month": "2010-12",
            "price": "18.38",
            "revenue": 82735
        },
        "2011-01": {
            "month": "2011-01",
            "price": "19.04",
            "revenue": 50019
        },
        "2011-02": {
            "month": "2011-02",
            "price": "17.66",
            "revenue": -44846
        },
        "2011-03": {
            "month": "2011-03",
            "price": "17.20",
            "revenue": 21856
        },
        "2011-04": {
            "month": "2011-04",
            "price": "17.45",
            "revenue": 27957
        },
        "2011-05": {
            "month": "2011-05",
            "price": "18.00",
            "revenue": 18101
        },
        "2011-06": {
            "month": "2011-06",
            "price": "17.68",
            "revenue": -6696
        },
        "2011-07": {
            "month": "2011-07",
            "price": "17.15",
            "revenue": 40504
        },
        "2011-08": {
            "month": "2011-08",
            "price": "15.52",
            "revenue": -89023
        },
        "2011-09": {
            "month": "2011-09",
            "price": "14.46",
            "revenue": 1731
        },
        "2011-10": {
            "month": "2011-10",
            "price": "13.72",
            "revenue": 2758
        },
        "2011-11": {
            "month": "2011-11",
            "price": "12.98",
            "revenue": 16013
        },
        "2011-12": {
            "month": "2011-12",
            "price": "12.17",
            "revenue": 40941
        },
        "2012-01": {
            "month": "2012-01",
            "price": "12.24",
            "revenue": 54591
        },
        "2012-02": {
            "month": "2012-02",
            "price": "15.36",
            "revenue": 46942
        },
        "2012-03": {
            "month": "2012-03",
            "price": "15.34",
            "revenue": -7194
        },
        "2012-04": {
            "month": "2012-04",
            "price": "13.96",
            "revenue": -13113
        },
        "2012-05": {
            "month": "2012-05",
            "price": "13.37",
            "revenue": -3087
        },
        "2012-06": {
            "month": "2012-06",
            "price": "12.99",
            "revenue": 3164
        },
        "2012-07": {
            "month": "2012-07",
            "price": "12.90",
            "revenue": 6952
        },
        "2012-08": {
            "month": "2012-08",
            "price": "13.05",
            "revenue": 13279
        },
        "2012-09": {
            "month": "2012-09",
            "price": "13.69",
            "revenue": 35268
        },
        "2012-10": {
            "month": "2012-10",
            "price": "13.67",
            "revenue": -546
        },
        "2012-11": {
            "month": "2012-11",
            "price": "13.08",
            "revenue": 25186
        },
        "2012-12": {
            "month": "2012-12",
            "price": "13.10",
            "revenue": 11446
        },
        "2013-01": {
            "month": "2013-01",
            "price": "13.40",
            "revenue": 24080
        },
        "2013-02": {
            "month": "2013-02",
            "price": "13.57",
            "revenue": 48849
        },
        "2013-03": {
            "month": "2013-03",
            "price": "13.49",
            "revenue": 14961
        },
        "2013-04": {
            "month": "2013-04",
            "price": "13.32",
            "revenue": 25050
        },
        "2013-05": {
            "month": "2013-05",
            "price": "14.18",
            "revenue": 103381
        },
        "2013-06": {
            "month": "2013-06",
            "price": "16.88",
            "revenue": 10712
        },
        "2013-07": {
            "month": "2013-07",
            "price": "16.07",
            "revenue": 16880
        },
        "2013-08": {
            "month": "2013-08",
            "price": "16.16",
            "revenue": 34675
        },
        "2013-09": {
            "month": "2013-09",
            "price": "17.92",
            "revenue": 70746
        },
        "2013-10": {
            "month": "2013-10",
            "price": "18.51",
            "revenue": 59798
        },
        "2013-11": {
            "month": "2013-11",
            "price": "17.64",
            "revenue": -14099
        },
        "2013-12": {
            "month": "2013-12",
            "price": "18.55",
            "revenue": 50282
        },
        "2014-01": {
            "month": "2014-01",
            "price": "23.05",
            "revenue": 13453
        },
        "2014-02": {
            "month": "2014-02",
            "price": "21.46",
            "revenue": 84494
        },
        "2014-03": {
            "month": "2014-03",
            "price": "22.31",
            "revenue": 35776
        },
        "2014-04": {
            "month": "2014-04",
            "price": "21.11",
            "revenue": -23442
        },
        "2014-05": {
            "month": "2014-05",
            "price": "19.60",
            "revenue": 192099
        },
        "2014-06": {
            "month": "2014-06",
            "price": "21.62",
            "revenue": 87101
        },
        "2014-07": {
            "month": "2014-07",
            "price": "22.50",
            "revenue": -44273
        },
        "2014-08": {
            "month": "2014-08",
            "price": "20.45",
            "revenue": -1256
        },
        "2014-09": {
            "month": "2014-09",
            "price": "18.83",
            "revenue": -36543
        },
        "2014-10": {
            "month": "2014-10",
            "price": "17.20",
            "revenue": -65128
        },
        "2014-11": {
            "month": "2014-11",
            "price": "16.35",
            "revenue": 19004
        },
        "2014-12": {
            "month": "2014-12",
            "price": "18.11",
            "revenue": 30582
        },
        "2015-01": {
            "month": "2015-01",
            "price": "18.54",
            "revenue": 18383
        },
        "2015-02": {
            "month": "2015-02",
            "price": "18.36",
            "revenue": 9154
        },
        "2015-03": {
            "month": "2015-03",
            "price": "17.73",
            "revenue": 24345
        },
        "2015-04": {
            "month": "2015-04",
            "price": "17.81",
            "revenue": 24780
        },
        "2015-05": {
            "month": "2015-05",
            "price": "17.76",
            "revenue": -1844
        },
        "2015-06": {
            "month": "2015-06",
            "price": "16.09",
            "revenue": -38177
        },
        "2015-07": {
            "month": "2015-07",
            "price": "13.99",
            "revenue": -24859
        },
        "2015-08": {
            "month": "2015-08",
            "price": "12.16",
            "revenue": -16315
        },
        "2015-09": {
            "month": "2015-09",
            "price": "12.59",
            "revenue": 31520
        },
        "2015-10": {
            "month": "2015-10",
            "price": "12.97",
            "revenue": 22955
        },
        "2015-11": {
            "month": "2015-11",
            "price": "13.93",
            "revenue": 37440
        },
        "2015-12": {
            "month": "2015-12",
            "price": "13.41",
            "revenue": 27015
        },
        "2016-01": {
            "month": "2016-01",
            "price": "12.75",
            "revenue": 26860
        },
        "2016-02": {
            "month": "2016-02",
            "price": "13.02",
            "revenue": 9401
        },
        "2016-03": {
            "month": "2016-03",
            "price": "13.26",
            "revenue": 18265
        },
        "2016-04": {
            "month": "2016-04",
            "price": "12.48",
            "revenue": 1240
        },
        "2016-05": {
            "month": "2016-05",
            "price": "12.22",
            "revenue": 14967
        },
        "2016-06": {
            "month": "2016-06",
            "price": "12.15",
            "revenue": -9107
        },
        "2016-07": {
            "month": "2016-07",
            "price": "12.45",
            "revenue": 28332
        },
        "2016-08": {
            "month": "2016-08",
            "price": "12.19",
            "revenue": 9540
        },
        "2016-09": {
            "month": "2016-09",
            "price": "11.96",
            "revenue": 22171
        },
        "2016-10": {
            "month": "2016-10",
            "price": "11.82",
            "revenue": 2078
        },
        "2016-11": {
            "month": "2016-11",
            "price": "11.72",
            "revenue": -4228
        },
        "2016-12": {
            "month": "2016-12",
            "price": "11.93",
            "revenue": 2706
        },
        "2017-01": {
            "month": "2017-01",
            "price": "11.96",
            "revenue": 14012
        },
        "2017-02": {
            "month": "2017-02",
            "price": "12.79",
            "revenue": 47267
        },
        "2017-03": {
            "month": "2017-03",
            "price": "13.07",
            "revenue": 52059
        },
        "2017-04": {
            "month": "2017-04",
            "price": "12.94",
            "revenue": -7034
        },
        "2017-05": {
            "month": "2017-05",
            "price": "12.90",
            "revenue": 21993
        },
        "2017-06": {
            "month": "2017-06",
            "price": "12.82",
            "revenue": 15807
        },
        "2017-07": {
            "month": "2017-07",
            "price": "12.92",
            "revenue": 68335
        },
        "2017-08": {
            "month": "2017-08",
            "price": "13.06",
            "revenue": 46440
        },
        "2017-09": {
            "month": "2017-09",
            "price": "14.27",
            "revenue": 48010
        },
        "2017-10": {
            "month": "2017-10",
            "price": "14.64",
            "revenue": 49708
        },
        "2017-11": {
            "month": "2017-11",
            "price": "14.76",
            "revenue": 36375
        },
        "2017-12": {
            "month": "2017-12",
            "price": "15.00",
            "revenue": -13978
        },
        "2018-01": {
            "month": "2018-01",
            "price": "15.03",
            "revenue": 43942
        },
        "2018-02": {
            "month": "2018-02",
            "price": "14.22",
            "revenue": -30685
        },
        "2018-03": {
            "month": "2018-03",
            "price": "14.10",
            "revenue": 11989
        },
        "2018-04": {
            "month": "2018-04",
            "price": "14.03",
            "revenue": 25431
        },
        "2018-05": {
            "month": "2018-05",
            "price": "14.06",
            "revenue": 104293
        },
        "2018-06": {
            "month": "2018-06",
            "price": "14.28",
            "revenue": -3856
        },
        "2018-07": {
            "month": "2018-07",
            "price": "13.98",
            "revenue": 13120
        },
        "2018-08": {
            "month": "2018-08",
            "price": "14.04",
            "revenue": -24541
        },
        "2018-09": {
            "month": "2018-09",
            "price": "13.70",
            "revenue": -19569
        },
        "2018-10": {
            "month": "2018-10",
            "price": "13.17",
            "revenue": -39385
        },
        "2018-11": {
            "month": "2018-11",
            "price": "12.96",
            "revenue": 24534
        },
        "2018-12": {
            "month": "2018-12",
            "price": "13.02",
            "revenue": 5778
        },
        "2019-01": {
            "month": "2019-01",
            "price": "12.92",
            "revenue": 26429
        },
        "2019-02": {
            "month": "2019-02",
            "price": "12.97",
            "revenue": 40212
        },
        "2019-03": {
            "month": "2019-03",
            "price": "13.00",
            "revenue": 24517
        },
        "2019-04": {
            "month": "2019-04",
            "price": "12.99",
            "revenue": -8303
        },
        "2019-05": {
            "month": "2019-05",
            "price": "12.79",
            "revenue": -43713
        },
        "2019-06": {
            "month": "2019-06",
            "price": "12.77",
            "revenue": 17086
        },
        "2019-07": {
            "month": "2019-07",
            "price": "12.91",
            "revenue": 46827
        },
        "2019-08": {
            "month": "2019-08",
            "price": "12.93",
            "revenue": 15215
        },
        "2019-09": {
            "month": "2019-09",
            "price": "12.89",
            "revenue": 2147
        },
        "2019-10": {
            "month": "2019-10",
            "price": "12.89",
            "revenue": 39565
        },
        "2019-11": {
            "month": "2019-11",
            "price": "13.04",
            "revenue": 21931
        },
        "2019-12": {
            "month": "2019-12",
            "price": "13.00",
            "revenue": 46754
        },
        "2020-01": {
            "month": "2020-01",
            "price": "13.02",
            "revenue": -8956
        },
        "2020-02": {
            "month": "2020-02",
            "price": "12.70",
            "revenue": -4912
        },
        "2020-03": {
            "month": "2020-03",
            "price": "12.13",
            "revenue": -66950
        },
        "2020-04": {
            "month": "2020-04",
            "price": "12.04",
            "revenue": 62646
        },
        "2020-05": {
            "month": "2020-05",
            "price": "12.26",
            "revenue": 27913
        },
        "2020-06": {
            "month": "2020-06",
            "price": "12.40",
            "revenue": 48307
        },
        "2020-07": {
            "month": "2020-07",
            "price": "13.76",
            "revenue": 115247
        },
        "2020-08": {
            "month": "2020-08",
            "price": "14.31",
            "revenue": 55930
        },
        "2020-09": {
            "month": "2020-09",
            "price": "13.97",
            "revenue": -8165
        },
        "2020-10": {
            "month": "2020-10",
            "price": "13.51",
            "revenue": 35517
        },
        "2020-11": {
            "month": "2020-11",
            "price": "13.86",
            "revenue": 90822
        },
        "2020-12": {
            "month": "2020-12",
            "price": "14.67",
            "revenue": 103000
        },
        "2021-01": {
            "month": "2021-01",
            "price": "18.89",
            "revenue": 85861
        },
        "2021-02": {
            "month": "2021-02",
            "price": "18.42",
            "revenue": 161752
        },
        "2021-03": {
            "month": "2021-03",
            "price": "19.14",
            "revenue": 142826
        },
        "2021-04": {
            "month": "2021-04",
            "price": "22.64",
            "revenue": 157335
        },
        "2021-05": {
            "month": "2021-05",
            "price": "23.64",
            "revenue": -75813
        },
        "2021-06": {
            "month": "2021-06",
            "price": "22.35",
            "revenue": 151214
        },
        "2021-07": {
            "month": "2021-07",
            "price": "22.01",
            "revenue": 152987
        },
        "2021-08": {
            "month": "2021-08",
            "price": "21.53",
            "revenue": 33407
        },
        "2021-09": {
            "month": "2021-09",
            "price": "21.02",
            "revenue": 49777
        },
        "2021-10": {
            "month": "2021-10",
            "price": "21.04",
            "revenue": 108198
        },
        "2021-11": {
            "month": "2021-11",
            "price": "22.17",
            "revenue": 226907
        },
        "2021-12": {
            "month": "2021-12",
            "price": "22.94",
            "revenue": 70293
        },
        "2022-01": {
            "month": "2022-01",
            "price": "23.02",
            "revenue": -98818
        },
        "2022-02": {
            "month": "2022-02",
            "price": "22.55",
            "revenue": 7250
        },
        "2022-03": {
            "month": "2022-03",
            "price": "21.92",
            "revenue": -16578
        },
        "2022-04": {
            "month": "2022-04",
            "price": "21.81",
            "revenue": -77186
        },
        "2022-05": {
            "month": "2022-05",
            "price": "19.43",
            "revenue": 37517
        },
        "2022-06": {
            "month": "2022-06",
            "price": "19.05",
            "revenue": -25504
        },
        "2022-07": {
            "month": "2022-07",
            "price": "18.86",
            "revenue": -14380
        },
        "2022-08": {
            "month": "2022-08",
            "price": "18.94",
            "revenue": -3220
        },
        "2022-09": {
            "month": "2022-09",
            "price": "18.64",
            "revenue": 20849
        },
        "2022-10": {
            "month": "2022-10",
            "price": "18.54",
            "revenue": -5489
        },
        "2022-11": {
            "month": "2022-11",
            "price": "18.60",
            "revenue": 42446
        },
        "2022-12": {
            "month": "2022-12",
            "price": "18.55",
            "revenue": 10606
        },
        "2023-01": {
            "month": "2023-01",
            "price": "18.63",
            "revenue": 52808
        },
        "2023-02": {
            "month": "2023-02",
            "price": "18.84",
            "revenue": 62090
        },
        "2023-03": {
            "month": "2023-03",
            "price": "18.82",
            "revenue": 31400
        },
        "2023-04": {
            "month": "2023-04",
            "price": "18.69",
            "revenue": 18053
        },
        "2023-05": {
            "month": "2023-05",
            "price": "18.63",
            "revenue": 53679
        },
        "2023-06": {
            "month": "2023-06",
            "price": "18.92",
            "revenue": 83316
        },
        "2023-07": {
            "month": "2023-07",
            "price": "18.89",
            "revenue": 170069
        },
        "2023-08": {
            "month": "2023-08",
            "price": "18.84",
            "revenue": -16095
        },
        "2023-09": {
            "month": "2023-09",
            "price": "18.70",
            "revenue": 14357
        },
        "2023-10": {
            "month": "2023-10",
            "price": "18.64",
            "revenue": -12391
        },
        "2023-11": {
            "month": "2023-11",
            "price": "18.77",
            "revenue": 57183
        }
    }
}
