{
    "summary": {
        "stock_name": "美好證",
        "stock_id": "6021",
        "category": "金融",
        "main_business": "證券商<br>期貨商",
        "website_url": "http://www.tcstock.com.tw",
        "ceo": "莊達修",
        "pe_ratio": 48,
        "report_year_from": 2001,
        "report_year_to": 2023,
        "age": 23,
        "eps_negative_percentage": 21,
        "eps_growth_avg": {
            "last_all": -4.05,
            "last_2y": 38.41,
            "last_4y": 25.9,
            "last_8y": 6.3,
            "last_12y": -4.05,
            "last_16y": null,
            "last_20y": null,
            "at_2006_last_3y": null,
            "at_2007_last_3y": null,
            "at_2008_last_3y": null,
            "at_2009_last_3y": null,
            "at_2010_last_3y": null,
            "at_2011_last_3y": null,
            "at_2012_last_3y": null,
            "at_2013_last_3y": null,
            "at_2014_last_3y": -28.2,
            "at_2015_last_3y": -28.2,
            "at_2016_last_3y": -28.2,
            "at_2017_last_3y": -81.72,
            "at_2018_last_3y": -42.73,
            "at_2019_last_3y": -35.58,
            "at_2020_last_3y": 9.61,
            "at_2021_last_3y": 32.21,
            "at_2022_last_3y": 7.38,
            "at_2023_last_3y": 53.81,
            "at_2024_last_3y": 53.81,
            "at_2006_last_all": null,
            "at_2007_last_all": null,
            "at_2008_last_all": null,
            "at_2009_last_all": null,
            "at_2010_last_all": null,
            "at_2011_last_all": null,
            "at_2012_last_all": -100,
            "at_2013_last_all": -10.58,
            "at_2014_last_all": -28.2,
            "at_2015_last_all": -46.15,
            "at_2016_last_all": -46.15,
            "at_2017_last_all": -46.15,
            "at_2018_last_all": -34.01,
            "at_2019_last_all": -42.63,
            "at_2020_last_all": -22.25,
            "at_2021_last_all": -6.97,
            "at_2022_last_all": -15.61,
            "at_2023_last_all": -4.05,
            "at_2024_last_all": -4.05
        },
        "latest_eps": 0.34,
        "latest_price": 16.35,
        "latest_roe": 2.06,
        "latest_gross_margin": null,
        "latest_equity": 5755842,
        "latest_revenue": 218109,
        "latest_gross_profit": null,
        "latest_net_income": -65878,
        "latest_debt_ratio": 61.97,
        "latest_current_ratio": 176.55,
        "latest_account_receivable_turnover_ratio": 0.08,
        "latest_inventory_turnover_ratio": null,
        "latest_reinvestment_rate": 53.18,
        "latest_research_to_sale_ratio": null
    },
    "eps_dividends": {
        "2001": {
            "cash": 0.6,
            "stock": 0.4,
            "eps": 0
        },
        "2002": {
            "cash": 0.83,
            "stock": 0.17,
            "eps": 0
        },
        "2003": {
            "cash": 0.5,
            "stock": 0.2,
            "eps": 0
        },
        "2004": {
            "cash": 0.85,
            "stock": 0.15,
            "eps": 0
        },
        "2005": {
            "cash": 0.6,
            "stock": 0,
            "eps": 0
        },
        "2006": {
            "cash": 0.3,
            "stock": 0.2,
            "eps": 0
        },
        "2007": {
            "cash": 0.4,
            "stock": 0.4,
            "eps": 0
        },
        "2008": {
            "cash": 0,
            "stock": 0.65,
            "eps": 0
        },
        "2009": {
            "cash": 0,
            "stock": 0,
            "eps": 0
        },
        "2010": {
            "cash": 0,
            "stock": 0.5,
            "eps": 1.56
        },
        "2011": {
            "cash": 0.4,
            "stock": 1,
            "eps": -0.83
        },
        "2012": {
            "cash": 0,
            "stock": 0,
            "eps": 0.52
        },
        "2013": {
            "cash": 0.35,
            "stock": 0,
            "eps": 0.93
        },
        "2014": {
            "cash": 0.7,
            "stock": 0,
            "eps": 0.34
        },
        "2015": {
            "cash": 0,
            "stock": 0,
            "eps": -0.26
        },
        "2016": {
            "cash": 0,
            "stock": 0,
            "eps": -0.19
        },
        "2017": {
            "cash": 0,
            "stock": 0,
            "eps": 0.55
        },
        "2018": {
            "cash": 0.35,
            "stock": 0,
            "eps": 0.63
        },
        "2019": {
            "cash": 1,
            "stock": 0,
            "eps": 0.09
        },
        "2020": {
            "cash": 0,
            "stock": 0,
            "eps": 0.34
        },
        "2021": {
            "cash": 0,
            "stock": 0,
            "eps": 1.05
        },
        "2022": {
            "cash": 0,
            "stock": 0,
            "eps": 0.16
        },
        "2023": {
            "cash": 0.3,
            "stock": 0,
            "eps": 0.35
        },
        "2024": {
            "cash": 0.3,
            "stock": 0,
            "eps": 0
        }
    },
    "dividends": {
        "2001-05-11": {
            "cash": 0.6,
            "stock": 0.4
        },
        "2002-05-31": {
            "cash": 0.83,
            "stock": 0.17
        },
        "2003-04-11": {
            "cash": 0.5,
            "stock": 0.2
        },
        "2004-03-31": {
            "cash": 0.85,
            "stock": 0.15
        },
        "2005-03-25": {
            "cash": 0.6,
            "stock": 0
        },
        "2006-03-16": {
            "cash": 0.3,
            "stock": 0.2
        },
        "2007-03-23": {
            "cash": 0.4,
            "stock": 0.4
        },
        "2008-04-24": {
            "cash": 0,
            "stock": 0.65
        },
        "2010-03-26": {
            "cash": 0,
            "stock": 0.5
        },
        "2011-04-15": {
            "cash": 0.4,
            "stock": 1
        },
        "2013-06-20": {
            "cash": 0.35,
            "stock": 0
        },
        "2014-06-12": {
            "cash": 0.7,
            "stock": 0
        },
        "2018-07-20": {
            "cash": 0.35,
            "stock": 0
        },
        "2019-08-02": {
            "cash": 1,
            "stock": 0
        },
        "2023-10-06": {
            "cash": 0.3,
            "stock": 0
        },
        "2024-04-26": {
            "cash": 0.3,
            "stock": 0
        }
    },
    "prices": {
        "200101": "無",
        "200102": "無",
        "200103": "無",
        "200104": "無",
        "200105": "無",
        "200106": "無",
        "200107": "無",
        "200108": "無",
        "200109": "無",
        "200110": "無",
        "200111": "無",
        "200112": "無",
        "200201": "無",
        "200202": "無",
        "200203": "無",
        "200204": "無",
        "200205": "無",
        "200206": "無",
        "200207": "無",
        "200208": "無",
        "200209": "無",
        "200210": "無",
        "200211": "無",
        "200212": "無",
        "200301": "無",
        "200302": "無",
        "200303": "無",
        "200304": "11.74",
        "200305": "7.13",
        "200306": "8.97",
        "200307": "9.27",
        "200308": "9.24",
        "200309": "9.36",
        "200310": "10.50",
        "200311": "11.07",
        "200312": "10.60",
        "200401": "12.04",
        "200402": "16.50",
        "200403": "18.95",
        "200404": "16.52",
        "200405": "12.57",
        "200406": "12.42",
        "200407": "11.16",
        "200408": "10.65",
        "200409": "12.09",
        "200410": "11.99",
        "200411": "11.67",
        "200412": "11.43",
        "200501": "11.53",
        "200502": "11.49",
        "200503": "11.21",
        "200504": "9.65",
        "200505": "9.30",
        "200506": "10.53",
        "200507": "10.64",
        "200508": "9.83",
        "200509": "9.30",
        "200510": "8.93",
        "200511": "8.60",
        "200512": "9.14",
        "200601": "9.61",
        "200602": "8.93",
        "200603": "8.41",
        "200604": "9.06",
        "200605": "10.11",
        "200606": "8.98",
        "200607": "8.56",
        "200608": "8.38",
        "200609": "8.34",
        "200610": "8.89",
        "200611": "9.18",
        "200612": "10.46",
        "200701": "11.44",
        "200702": "10.92",
        "200703": "10.15",
        "200704": "10.81",
        "200705": "10.52",
        "200706": "12.06",
        "200707": "20.62",
        "200708": "20.87",
        "200709": "22.52",
        "200710": "26.87",
        "200711": "22.39",
        "200712": "17.85",
        "200801": "17.40",
        "200802": "18.51",
        "200803": "21.80",
        "200804": "24.24",
        "200805": "24.08",
        "200806": "19.09",
        "200807": "14.62",
        "200808": "14.84",
        "200809": "11.19",
        "200810": "7.12",
        "200811": "7.57",
        "200812": "7.38",
        "200901": "6.78",
        "200902": "6.40",
        "200903": "7.56",
        "200904": "10.31",
        "200905": "12.65",
        "200906": "13.08",
        "200907": "13.08",
        "200908": "12.00",
        "200909": "14.12",
        "200910": "15.82",
        "200911": "15.89",
        "200912": "17.02",
        "201001": "21.01",
        "201002": "17.64",
        "201003": "18.08",
        "201004": "18.60",
        "201005": "15.86",
        "201006": "14.66",
        "201007": "16.17",
        "201008": "17.50",
        "201009": "17.02",
        "201010": "17.47",
        "201011": "16.55",
        "201012": "18.26",
        "201101": "19.52",
        "201102": "17.15",
        "201103": "15.51",
        "201104": "15.88",
        "201105": "16.31",
        "201106": "15.89",
        "201107": "15.70",
        "201108": "14.29",
        "201109": "12.33",
        "201110": "11.85",
        "201111": "11.55",
        "201112": "10.03",
        "201201": "9.89",
        "201202": "13.24",
        "201203": "13.43",
        "201204": "10.60",
        "201205": "10.00",
        "201206": "9.65",
        "201207": "9.62",
        "201208": "10.79",
        "201209": "10.92",
        "201210": "10.28",
        "201211": "9.85",
        "201212": "10.58",
        "201301": "11.31",
        "201302": "11.61",
        "201303": "11.18",
        "201304": "10.29",
        "201305": "12.04",
        "201306": "13.73",
        "201307": "12.67",
        "201308": "12.14",
        "201309": "13.14",
        "201310": "13.60",
        "201311": "13.18",
        "201312": "13.87",
        "201401": "16.89",
        "201402": "15.71",
        "201403": "16.15",
        "201404": "15.52",
        "201405": "14.76",
        "201406": "16.20",
        "201407": "16.38",
        "201408": "15.28",
        "201409": "15.00",
        "201410": "13.93",
        "201411": "13.68",
        "201412": "14.82",
        "201501": "14.96",
        "201502": "14.89",
        "201503": "14.60",
        "201504": "15.00",
        "201505": "14.94",
        "201506": "13.58",
        "201507": "11.70",
        "201508": "9.85",
        "201509": "10.45",
        "201510": "10.97",
        "201511": "11.58",
        "201512": "10.52",
        "201601": "9.60",
        "201602": "9.95",
        "201603": "10.28",
        "201604": "9.25",
        "201605": "8.59",
        "201606": "8.52",
        "201607": "8.77",
        "201608": "8.85",
        "201609": "8.43",
        "201610": "8.03",
        "201611": "7.91",
        "201612": "8.21",
        "201701": "8.21",
        "201702": "9.72",
        "201703": "10.18",
        "201704": "9.86",
        "201705": "9.46",
        "201706": "9.57",
        "201707": "9.77",
        "201708": "9.72",
        "201709": "10.54",
        "201710": "10.59",
        "201711": "10.60",
        "201712": "10.65",
        "201801": "10.81",
        "201802": "10.27",
        "201803": "10.07",
        "201804": "10.18",
        "201805": "10.22",
        "201806": "9.00",
        "201807": "8.96",
        "201808": "11.28",
        "201809": "11.57",
        "201810": "11.45",
        "201811": "11.24",
        "201812": "11.12",
        "201901": "10.87",
        "201902": "10.95",
        "201903": "10.98",
        "201904": "11.09",
        "201905": "12.04",
        "201906": "12.36",
        "201907": "11.97",
        "201908": "11.89",
        "201909": "12.15",
        "201910": "12.40",
        "201911": "12.15",
        "201912": "12.17",
        "202001": "13.12",
        "202002": "13.78",
        "202003": "13.78",
        "202004": "12.80",
        "202005": "13.00",
        "202006": "14.49",
        "202007": "15.99",
        "202008": "15.99",
        "202009": "15.55",
        "202010": "16.37",
        "202011": "18.01",
        "202012": "18.17",
        "202101": "20.98",
        "202102": "20.26",
        "202103": "20.00",
        "202104": "22.57",
        "202105": "22.12",
        "202106": "21.14",
        "202107": "21.62",
        "202108": "22.45",
        "202109": "22.13",
        "202110": "21.49",
        "202111": "21.47",
        "202112": "21.33",
        "202201": "21.34",
        "202202": "21.65",
        "202203": "20.67",
        "202204": "20.30",
        "202205": "20.49",
        "202206": "20.25",
        "202207": "19.90",
        "202208": "19.84",
        "202209": "19.36",
        "202210": "19.63",
        "202211": "19.21",
        "202212": "19.04",
        "202301": "18.68",
        "202302": "18.08",
        "202303": "17.43",
        "202304": "17.12",
        "202305": "16.16",
        "202306": "15.51",
        "202307": "15.15",
        "202308": "14.80",
        "202309": "14.81",
        "202310": "14.68",
        "202311": "14.73",
        "202312": "14.87"
    },
    "quarters": {
        "20011": {
            "year_quarter": 20011,
            "year": 2001,
            "quarter": 1,
            "eps": null,
            "eps_growth_year": null,
            "eps_4q": null,
            "eps_4q_growth_year": null,
            "roe": null,
            "roe_4q": 0,
            "gross_profit": null,
            "gross_margin": null,
            "gross_margin_4q_avg": 0,
            "net_income": null,
            "net_income_4q": null,
            "revenue": null,
            "revenue_4q": null,
            "common_shares": null,
            "book_valuer_per_share": null,
            "book_valuer_per_share_4q_avg": 0,
            "equity": null,
            "current_ratio": null,
            "debt_ratio": null,
            "inventory_turnover_ratio": null,
            "account_receivable_turnover_ratio": null,
            "reinvestment_rate": null,
            "research_to_sale_ratio": null,
            "price_fair": 0,
            "eps_avg_yearly": 0,
            "eps_latest_yearly": 0,
            "eps_growth_yearly": 0
        },
        "20012": {
            "year_quarter": 20012,
            "year": 2001,
            "quarter": 2,
            "eps": null,
            "eps_growth_year": null,
            "eps_4q": null,
            "eps_4q_growth_year": null,
            "roe": null,
            "roe_4q": 0,
            "gross_profit": null,
            "gross_margin": null,
            "gross_margin_4q_avg": 0,
            "net_income": null,
            "net_income_4q": null,
            "revenue": null,
            "revenue_4q": null,
            "common_shares": null,
            "book_valuer_per_share": null,
            "book_valuer_per_share_4q_avg": 0,
            "equity": null,
            "current_ratio": null,
            "debt_ratio": null,
            "inventory_turnover_ratio": null,
            "account_receivable_turnover_ratio": null,
            "reinvestment_rate": null,
            "research_to_sale_ratio": null,
            "price_fair": 0,
            "eps_avg_yearly": 0,
            "eps_latest_yearly": 0,
            "eps_growth_yearly": 0
        },
        "20013": {
            "year_quarter": 20013,
            "year": 2001,
            "quarter": 3,
            "eps": null,
            "eps_growth_year": null,
            "eps_4q": null,
            "eps_4q_growth_year": null,
            "roe": null,
            "roe_4q": 0,
            "gross_profit": null,
            "gross_margin": null,
            "gross_margin_4q_avg": 0,
            "net_income": null,
            "net_income_4q": null,
            "revenue": null,
            "revenue_4q": null,
            "common_shares": null,
            "book_valuer_per_share": null,
            "book_valuer_per_share_4q_avg": 0,
            "equity": null,
            "current_ratio": null,
            "debt_ratio": null,
            "inventory_turnover_ratio": null,
            "account_receivable_turnover_ratio": null,
            "reinvestment_rate": null,
            "research_to_sale_ratio": null,
            "price_fair": 0,
            "eps_avg_yearly": 0,
            "eps_latest_yearly": 0,
            "eps_growth_yearly": 0
        },
        "20014": {
            "year_quarter": 20014,
            "year": 2001,
            "quarter": 4,
            "eps": null,
            "eps_growth_year": null,
            "eps_4q": null,
            "eps_4q_growth_year": null,
            "roe": null,
            "roe_4q": 0,
            "gross_profit": null,
            "gross_margin": null,
            "gross_margin_4q_avg": 0,
            "net_income": null,
            "net_income_4q": null,
            "revenue": null,
            "revenue_4q": null,
            "common_shares": null,
            "book_valuer_per_share": null,
            "book_valuer_per_share_4q_avg": 0,
            "equity": null,
            "current_ratio": null,
            "debt_ratio": null,
            "inventory_turnover_ratio": null,
            "account_receivable_turnover_ratio": null,
            "reinvestment_rate": null,
            "research_to_sale_ratio": null,
            "price_fair": 0,
            "eps_avg_yearly": 0,
            "eps_latest_yearly": 0,
            "eps_growth_yearly": 0
        },
        "20021": {
            "year_quarter": 20021,
            "year": 2002,
            "quarter": 1,
            "eps": null,
            "eps_growth_year": null,
            "eps_4q": null,
            "eps_4q_growth_year": null,
            "roe": null,
            "roe_4q": 0,
            "gross_profit": null,
            "gross_margin": null,
            "gross_margin_4q_avg": 0,
            "net_income": null,
            "net_income_4q": null,
            "revenue": null,
            "revenue_4q": null,
            "common_shares": null,
            "book_valuer_per_share": null,
            "book_valuer_per_share_4q_avg": 0,
            "equity": null,
            "current_ratio": null,
            "debt_ratio": null,
            "inventory_turnover_ratio": null,
            "account_receivable_turnover_ratio": null,
            "reinvestment_rate": null,
            "research_to_sale_ratio": null,
            "price_fair": 0,
            "eps_avg_yearly": 0,
            "eps_latest_yearly": 0,
            "eps_growth_yearly": 0
        },
        "20022": {
            "year_quarter": 20022,
            "year": 2002,
            "quarter": 2,
            "eps": null,
            "eps_growth_year": null,
            "eps_4q": null,
            "eps_4q_growth_year": null,
            "roe": null,
            "roe_4q": 0,
            "gross_profit": null,
            "gross_margin": null,
            "gross_margin_4q_avg": 0,
            "net_income": null,
            "net_income_4q": null,
            "revenue": null,
            "revenue_4q": null,
            "common_shares": null,
            "book_valuer_per_share": null,
            "book_valuer_per_share_4q_avg": 0,
            "equity": null,
            "current_ratio": null,
            "debt_ratio": null,
            "inventory_turnover_ratio": null,
            "account_receivable_turnover_ratio": null,
            "reinvestment_rate": null,
            "research_to_sale_ratio": null,
            "price_fair": 0,
            "eps_avg_yearly": 0,
            "eps_latest_yearly": 0,
            "eps_growth_yearly": 0
        },
        "20023": {
            "year_quarter": 20023,
            "year": 2002,
            "quarter": 3,
            "eps": null,
            "eps_growth_year": null,
            "eps_4q": null,
            "eps_4q_growth_year": null,
            "roe": null,
            "roe_4q": 0,
            "gross_profit": null,
            "gross_margin": null,
            "gross_margin_4q_avg": 0,
            "net_income": null,
            "net_income_4q": null,
            "revenue": null,
            "revenue_4q": null,
            "common_shares": null,
            "book_valuer_per_share": null,
            "book_valuer_per_share_4q_avg": 0,
            "equity": null,
            "current_ratio": null,
            "debt_ratio": null,
            "inventory_turnover_ratio": null,
            "account_receivable_turnover_ratio": null,
            "reinvestment_rate": null,
            "research_to_sale_ratio": null,
            "price_fair": 0,
            "eps_avg_yearly": 0,
            "eps_latest_yearly": 0,
            "eps_growth_yearly": 0
        },
        "20024": {
            "year_quarter": 20024,
            "year": 2002,
            "quarter": 4,
            "eps": null,
            "eps_growth_year": null,
            "eps_4q": null,
            "eps_4q_growth_year": null,
            "roe": null,
            "roe_4q": 0,
            "gross_profit": null,
            "gross_margin": null,
            "gross_margin_4q_avg": 0,
            "net_income": null,
            "net_income_4q": null,
            "revenue": null,
            "revenue_4q": null,
            "common_shares": null,
            "book_valuer_per_share": null,
            "book_valuer_per_share_4q_avg": 0,
            "equity": null,
            "current_ratio": null,
            "debt_ratio": null,
            "inventory_turnover_ratio": null,
            "account_receivable_turnover_ratio": null,
            "reinvestment_rate": null,
            "research_to_sale_ratio": null,
            "price_fair": 0,
            "eps_avg_yearly": 0,
            "eps_latest_yearly": 0,
            "eps_growth_yearly": 0
        },
        "20031": {
            "year_quarter": 20031,
            "year": 2003,
            "quarter": 1,
            "eps": null,
            "eps_growth_year": null,
            "eps_4q": null,
            "eps_4q_growth_year": null,
            "roe": null,
            "roe_4q": 0,
            "gross_profit": null,
            "gross_margin": null,
            "gross_margin_4q_avg": 0,
            "net_income": null,
            "net_income_4q": null,
            "revenue": null,
            "revenue_4q": null,
            "common_shares": null,
            "book_valuer_per_share": null,
            "book_valuer_per_share_4q_avg": 0,
            "equity": null,
            "current_ratio": null,
            "debt_ratio": null,
            "inventory_turnover_ratio": null,
            "account_receivable_turnover_ratio": null,
            "reinvestment_rate": null,
            "research_to_sale_ratio": null,
            "price_fair": 0,
            "eps_avg_yearly": 0,
            "eps_latest_yearly": 0,
            "eps_growth_yearly": 0
        },
        "20032": {
            "year_quarter": 20032,
            "year": 2003,
            "quarter": 2,
            "eps": null,
            "eps_growth_year": null,
            "eps_4q": null,
            "eps_4q_growth_year": null,
            "roe": null,
            "roe_4q": 0,
            "gross_profit": null,
            "gross_margin": null,
            "gross_margin_4q_avg": 0,
            "net_income": null,
            "net_income_4q": null,
            "revenue": null,
            "revenue_4q": null,
            "common_shares": null,
            "book_valuer_per_share": null,
            "book_valuer_per_share_4q_avg": 0,
            "equity": null,
            "current_ratio": null,
            "debt_ratio": null,
            "inventory_turnover_ratio": null,
            "account_receivable_turnover_ratio": null,
            "reinvestment_rate": null,
            "research_to_sale_ratio": null,
            "price_fair": 0,
            "eps_avg_yearly": 0,
            "eps_latest_yearly": 0,
            "eps_growth_yearly": 0
        },
        "20033": {
            "year_quarter": 20033,
            "year": 2003,
            "quarter": 3,
            "eps": null,
            "eps_growth_year": null,
            "eps_4q": null,
            "eps_4q_growth_year": null,
            "roe": null,
            "roe_4q": 0,
            "gross_profit": null,
            "gross_margin": null,
            "gross_margin_4q_avg": 0,
            "net_income": null,
            "net_income_4q": null,
            "revenue": null,
            "revenue_4q": null,
            "common_shares": null,
            "book_valuer_per_share": null,
            "book_valuer_per_share_4q_avg": 0,
            "equity": null,
            "current_ratio": null,
            "debt_ratio": null,
            "inventory_turnover_ratio": null,
            "account_receivable_turnover_ratio": null,
            "reinvestment_rate": null,
            "research_to_sale_ratio": null,
            "price_fair": 0,
            "eps_avg_yearly": 0,
            "eps_latest_yearly": 0,
            "eps_growth_yearly": 0
        },
        "20034": {
            "year_quarter": 20034,
            "year": 2003,
            "quarter": 4,
            "eps": null,
            "eps_growth_year": null,
            "eps_4q": null,
            "eps_4q_growth_year": null,
            "roe": null,
            "roe_4q": 0,
            "gross_profit": null,
            "gross_margin": null,
            "gross_margin_4q_avg": 0,
            "net_income": null,
            "net_income_4q": null,
            "revenue": null,
            "revenue_4q": null,
            "common_shares": null,
            "book_valuer_per_share": null,
            "book_valuer_per_share_4q_avg": 0,
            "equity": null,
            "current_ratio": null,
            "debt_ratio": null,
            "inventory_turnover_ratio": null,
            "account_receivable_turnover_ratio": null,
            "reinvestment_rate": null,
            "research_to_sale_ratio": null,
            "price_fair": 0,
            "eps_avg_yearly": 0,
            "eps_latest_yearly": 0,
            "eps_growth_yearly": 0
        },
        "20041": {
            "year_quarter": 20041,
            "year": 2004,
            "quarter": 1,
            "eps": null,
            "eps_growth_year": null,
            "eps_4q": null,
            "eps_4q_growth_year": null,
            "roe": null,
            "roe_4q": 0,
            "gross_profit": null,
            "gross_margin": null,
            "gross_margin_4q_avg": 0,
            "net_income": null,
            "net_income_4q": null,
            "revenue": null,
            "revenue_4q": null,
            "common_shares": null,
            "book_valuer_per_share": null,
            "book_valuer_per_share_4q_avg": 0,
            "equity": null,
            "current_ratio": null,
            "debt_ratio": null,
            "inventory_turnover_ratio": null,
            "account_receivable_turnover_ratio": null,
            "reinvestment_rate": null,
            "research_to_sale_ratio": null,
            "price_fair": 0,
            "eps_avg_yearly": 0,
            "eps_latest_yearly": 0,
            "eps_growth_yearly": 0
        },
        "20042": {
            "year_quarter": 20042,
            "year": 2004,
            "quarter": 2,
            "eps": null,
            "eps_growth_year": null,
            "eps_4q": null,
            "eps_4q_growth_year": null,
            "roe": null,
            "roe_4q": 0,
            "gross_profit": null,
            "gross_margin": null,
            "gross_margin_4q_avg": 0,
            "net_income": null,
            "net_income_4q": null,
            "revenue": null,
            "revenue_4q": null,
            "common_shares": null,
            "book_valuer_per_share": null,
            "book_valuer_per_share_4q_avg": 0,
            "equity": null,
            "current_ratio": null,
            "debt_ratio": null,
            "inventory_turnover_ratio": null,
            "account_receivable_turnover_ratio": null,
            "reinvestment_rate": null,
            "research_to_sale_ratio": null,
            "price_fair": 0,
            "eps_avg_yearly": 0,
            "eps_latest_yearly": 0,
            "eps_growth_yearly": 0
        },
        "20043": {
            "year_quarter": 20043,
            "year": 2004,
            "quarter": 3,
            "eps": null,
            "eps_growth_year": null,
            "eps_4q": null,
            "eps_4q_growth_year": null,
            "roe": null,
            "roe_4q": 0,
            "gross_profit": null,
            "gross_margin": null,
            "gross_margin_4q_avg": 0,
            "net_income": null,
            "net_income_4q": null,
            "revenue": null,
            "revenue_4q": null,
            "common_shares": null,
            "book_valuer_per_share": null,
            "book_valuer_per_share_4q_avg": 0,
            "equity": null,
            "current_ratio": null,
            "debt_ratio": null,
            "inventory_turnover_ratio": null,
            "account_receivable_turnover_ratio": null,
            "reinvestment_rate": null,
            "research_to_sale_ratio": null,
            "price_fair": 0,
            "eps_avg_yearly": 0,
            "eps_latest_yearly": 0,
            "eps_growth_yearly": 0
        },
        "20044": {
            "year_quarter": 20044,
            "year": 2004,
            "quarter": 4,
            "eps": null,
            "eps_growth_year": null,
            "eps_4q": null,
            "eps_4q_growth_year": null,
            "roe": null,
            "roe_4q": 0,
            "gross_profit": null,
            "gross_margin": null,
            "gross_margin_4q_avg": 0,
            "net_income": null,
            "net_income_4q": null,
            "revenue": null,
            "revenue_4q": null,
            "common_shares": null,
            "book_valuer_per_share": null,
            "book_valuer_per_share_4q_avg": 0,
            "equity": null,
            "current_ratio": null,
            "debt_ratio": null,
            "inventory_turnover_ratio": null,
            "account_receivable_turnover_ratio": null,
            "reinvestment_rate": null,
            "research_to_sale_ratio": null,
            "price_fair": 0,
            "eps_avg_yearly": 0,
            "eps_latest_yearly": 0,
            "eps_growth_yearly": 0
        },
        "20051": {
            "year_quarter": 20051,
            "year": 2005,
            "quarter": 1,
            "eps": null,
            "eps_growth_year": null,
            "eps_4q": null,
            "eps_4q_growth_year": null,
            "roe": null,
            "roe_4q": 0,
            "gross_profit": null,
            "gross_margin": null,
            "gross_margin_4q_avg": 0,
            "net_income": null,
            "net_income_4q": null,
            "revenue": null,
            "revenue_4q": null,
            "common_shares": null,
            "book_valuer_per_share": null,
            "book_valuer_per_share_4q_avg": 0,
            "equity": null,
            "current_ratio": null,
            "debt_ratio": null,
            "inventory_turnover_ratio": null,
            "account_receivable_turnover_ratio": null,
            "reinvestment_rate": null,
            "research_to_sale_ratio": null,
            "price_fair": 0,
            "eps_avg_yearly": 0,
            "eps_latest_yearly": 0,
            "eps_growth_yearly": 0
        },
        "20052": {
            "year_quarter": 20052,
            "year": 2005,
            "quarter": 2,
            "eps": null,
            "eps_growth_year": null,
            "eps_4q": null,
            "eps_4q_growth_year": null,
            "roe": null,
            "roe_4q": 0,
            "gross_profit": null,
            "gross_margin": null,
            "gross_margin_4q_avg": 0,
            "net_income": null,
            "net_income_4q": null,
            "revenue": null,
            "revenue_4q": null,
            "common_shares": null,
            "book_valuer_per_share": null,
            "book_valuer_per_share_4q_avg": 0,
            "equity": null,
            "current_ratio": null,
            "debt_ratio": null,
            "inventory_turnover_ratio": null,
            "account_receivable_turnover_ratio": null,
            "reinvestment_rate": null,
            "research_to_sale_ratio": null,
            "price_fair": 0,
            "eps_avg_yearly": 0,
            "eps_latest_yearly": 0,
            "eps_growth_yearly": 0
        },
        "20053": {
            "year_quarter": 20053,
            "year": 2005,
            "quarter": 3,
            "eps": null,
            "eps_growth_year": null,
            "eps_4q": null,
            "eps_4q_growth_year": null,
            "roe": null,
            "roe_4q": 0,
            "gross_profit": null,
            "gross_margin": null,
            "gross_margin_4q_avg": 0,
            "net_income": null,
            "net_income_4q": null,
            "revenue": null,
            "revenue_4q": null,
            "common_shares": null,
            "book_valuer_per_share": null,
            "book_valuer_per_share_4q_avg": 0,
            "equity": null,
            "current_ratio": null,
            "debt_ratio": null,
            "inventory_turnover_ratio": null,
            "account_receivable_turnover_ratio": null,
            "reinvestment_rate": null,
            "research_to_sale_ratio": null,
            "price_fair": 0,
            "eps_avg_yearly": 0,
            "eps_latest_yearly": 0,
            "eps_growth_yearly": 0
        },
        "20054": {
            "year_quarter": 20054,
            "year": 2005,
            "quarter": 4,
            "eps": null,
            "eps_growth_year": null,
            "eps_4q": null,
            "eps_4q_growth_year": null,
            "roe": null,
            "roe_4q": 0,
            "gross_profit": null,
            "gross_margin": null,
            "gross_margin_4q_avg": 0,
            "net_income": null,
            "net_income_4q": null,
            "revenue": null,
            "revenue_4q": null,
            "common_shares": null,
            "book_valuer_per_share": null,
            "book_valuer_per_share_4q_avg": 0,
            "equity": null,
            "current_ratio": null,
            "debt_ratio": null,
            "inventory_turnover_ratio": null,
            "account_receivable_turnover_ratio": null,
            "reinvestment_rate": null,
            "research_to_sale_ratio": null,
            "price_fair": 0,
            "eps_avg_yearly": 0,
            "eps_latest_yearly": 0,
            "eps_growth_yearly": 0
        },
        "20061": {
            "year_quarter": 20061,
            "year": 2006,
            "quarter": 1,
            "eps": null,
            "eps_growth_year": null,
            "eps_4q": null,
            "eps_4q_growth_year": null,
            "roe": null,
            "roe_4q": 0,
            "gross_profit": null,
            "gross_margin": null,
            "gross_margin_4q_avg": 0,
            "net_income": null,
            "net_income_4q": null,
            "revenue": null,
            "revenue_4q": null,
            "common_shares": null,
            "book_valuer_per_share": null,
            "book_valuer_per_share_4q_avg": 0,
            "equity": null,
            "current_ratio": null,
            "debt_ratio": null,
            "inventory_turnover_ratio": null,
            "account_receivable_turnover_ratio": null,
            "reinvestment_rate": null,
            "research_to_sale_ratio": null,
            "price_fair": 0,
            "eps_avg_yearly": 0,
            "eps_latest_yearly": 0,
            "eps_growth_yearly": 0
        },
        "20062": {
            "year_quarter": 20062,
            "year": 2006,
            "quarter": 2,
            "eps": null,
            "eps_growth_year": null,
            "eps_4q": null,
            "eps_4q_growth_year": null,
            "roe": null,
            "roe_4q": 0,
            "gross_profit": null,
            "gross_margin": null,
            "gross_margin_4q_avg": 0,
            "net_income": null,
            "net_income_4q": null,
            "revenue": null,
            "revenue_4q": null,
            "common_shares": null,
            "book_valuer_per_share": null,
            "book_valuer_per_share_4q_avg": 0,
            "equity": null,
            "current_ratio": null,
            "debt_ratio": null,
            "inventory_turnover_ratio": null,
            "account_receivable_turnover_ratio": null,
            "reinvestment_rate": null,
            "research_to_sale_ratio": null,
            "price_fair": 0,
            "eps_avg_yearly": 0,
            "eps_latest_yearly": 0,
            "eps_growth_yearly": 0
        },
        "20063": {
            "year_quarter": 20063,
            "year": 2006,
            "quarter": 3,
            "eps": null,
            "eps_growth_year": null,
            "eps_4q": null,
            "eps_4q_growth_year": null,
            "roe": null,
            "roe_4q": 0,
            "gross_profit": null,
            "gross_margin": null,
            "gross_margin_4q_avg": 0,
            "net_income": null,
            "net_income_4q": null,
            "revenue": null,
            "revenue_4q": null,
            "common_shares": null,
            "book_valuer_per_share": null,
            "book_valuer_per_share_4q_avg": 0,
            "equity": null,
            "current_ratio": null,
            "debt_ratio": null,
            "inventory_turnover_ratio": null,
            "account_receivable_turnover_ratio": null,
            "reinvestment_rate": null,
            "research_to_sale_ratio": null,
            "price_fair": 0,
            "eps_avg_yearly": 0,
            "eps_latest_yearly": 0,
            "eps_growth_yearly": 0
        },
        "20064": {
            "year_quarter": 20064,
            "year": 2006,
            "quarter": 4,
            "eps": null,
            "eps_growth_year": null,
            "eps_4q": null,
            "eps_4q_growth_year": null,
            "roe": null,
            "roe_4q": 0,
            "gross_profit": null,
            "gross_margin": null,
            "gross_margin_4q_avg": 0,
            "net_income": null,
            "net_income_4q": null,
            "revenue": null,
            "revenue_4q": null,
            "common_shares": null,
            "book_valuer_per_share": null,
            "book_valuer_per_share_4q_avg": 0,
            "equity": null,
            "current_ratio": null,
            "debt_ratio": null,
            "inventory_turnover_ratio": null,
            "account_receivable_turnover_ratio": null,
            "reinvestment_rate": null,
            "research_to_sale_ratio": null,
            "price_fair": 0,
            "eps_avg_yearly": 0,
            "eps_latest_yearly": 0,
            "eps_growth_yearly": 0
        },
        "20071": {
            "year_quarter": 20071,
            "year": 2007,
            "quarter": 1,
            "eps": null,
            "eps_growth_year": null,
            "eps_4q": null,
            "eps_4q_growth_year": null,
            "roe": null,
            "roe_4q": 0,
            "gross_profit": null,
            "gross_margin": null,
            "gross_margin_4q_avg": 0,
            "net_income": null,
            "net_income_4q": null,
            "revenue": null,
            "revenue_4q": null,
            "common_shares": null,
            "book_valuer_per_share": null,
            "book_valuer_per_share_4q_avg": 0,
            "equity": null,
            "current_ratio": null,
            "debt_ratio": null,
            "inventory_turnover_ratio": null,
            "account_receivable_turnover_ratio": null,
            "reinvestment_rate": null,
            "research_to_sale_ratio": null,
            "price_fair": 0,
            "eps_avg_yearly": 0,
            "eps_latest_yearly": 0,
            "eps_growth_yearly": 0
        },
        "20072": {
            "year_quarter": 20072,
            "year": 2007,
            "quarter": 2,
            "eps": null,
            "eps_growth_year": null,
            "eps_4q": null,
            "eps_4q_growth_year": null,
            "roe": null,
            "roe_4q": 0,
            "gross_profit": null,
            "gross_margin": null,
            "gross_margin_4q_avg": 0,
            "net_income": null,
            "net_income_4q": null,
            "revenue": null,
            "revenue_4q": null,
            "common_shares": null,
            "book_valuer_per_share": null,
            "book_valuer_per_share_4q_avg": 0,
            "equity": null,
            "current_ratio": null,
            "debt_ratio": null,
            "inventory_turnover_ratio": null,
            "account_receivable_turnover_ratio": null,
            "reinvestment_rate": null,
            "research_to_sale_ratio": null,
            "price_fair": 0,
            "eps_avg_yearly": 0,
            "eps_latest_yearly": 0,
            "eps_growth_yearly": 0
        },
        "20073": {
            "year_quarter": 20073,
            "year": 2007,
            "quarter": 3,
            "eps": null,
            "eps_growth_year": null,
            "eps_4q": null,
            "eps_4q_growth_year": null,
            "roe": null,
            "roe_4q": 0,
            "gross_profit": null,
            "gross_margin": null,
            "gross_margin_4q_avg": 0,
            "net_income": null,
            "net_income_4q": null,
            "revenue": null,
            "revenue_4q": null,
            "common_shares": null,
            "book_valuer_per_share": null,
            "book_valuer_per_share_4q_avg": 0,
            "equity": null,
            "current_ratio": null,
            "debt_ratio": null,
            "inventory_turnover_ratio": null,
            "account_receivable_turnover_ratio": null,
            "reinvestment_rate": null,
            "research_to_sale_ratio": null,
            "price_fair": 0,
            "eps_avg_yearly": 0,
            "eps_latest_yearly": 0,
            "eps_growth_yearly": 0
        },
        "20074": {
            "year_quarter": 20074,
            "year": 2007,
            "quarter": 4,
            "eps": null,
            "eps_growth_year": null,
            "eps_4q": null,
            "eps_4q_growth_year": null,
            "roe": null,
            "roe_4q": 0,
            "gross_profit": null,
            "gross_margin": null,
            "gross_margin_4q_avg": 0,
            "net_income": null,
            "net_income_4q": null,
            "revenue": null,
            "revenue_4q": null,
            "common_shares": null,
            "book_valuer_per_share": null,
            "book_valuer_per_share_4q_avg": 0,
            "equity": null,
            "current_ratio": null,
            "debt_ratio": null,
            "inventory_turnover_ratio": null,
            "account_receivable_turnover_ratio": null,
            "reinvestment_rate": null,
            "research_to_sale_ratio": null,
            "price_fair": 0,
            "eps_avg_yearly": 0,
            "eps_latest_yearly": 0,
            "eps_growth_yearly": 0
        },
        "20081": {
            "year_quarter": 20081,
            "year": 2008,
            "quarter": 1,
            "eps": null,
            "eps_growth_year": null,
            "eps_4q": null,
            "eps_4q_growth_year": null,
            "roe": null,
            "roe_4q": 0,
            "gross_profit": null,
            "gross_margin": null,
            "gross_margin_4q_avg": 0,
            "net_income": null,
            "net_income_4q": null,
            "revenue": null,
            "revenue_4q": null,
            "common_shares": null,
            "book_valuer_per_share": null,
            "book_valuer_per_share_4q_avg": 0,
            "equity": null,
            "current_ratio": null,
            "debt_ratio": null,
            "inventory_turnover_ratio": null,
            "account_receivable_turnover_ratio": null,
            "reinvestment_rate": null,
            "research_to_sale_ratio": null,
            "price_fair": 0,
            "eps_avg_yearly": 0,
            "eps_latest_yearly": 0,
            "eps_growth_yearly": 0
        },
        "20082": {
            "year_quarter": 20082,
            "year": 2008,
            "quarter": 2,
            "eps": null,
            "eps_growth_year": null,
            "eps_4q": null,
            "eps_4q_growth_year": null,
            "roe": null,
            "roe_4q": 0,
            "gross_profit": null,
            "gross_margin": null,
            "gross_margin_4q_avg": 0,
            "net_income": null,
            "net_income_4q": null,
            "revenue": null,
            "revenue_4q": null,
            "common_shares": null,
            "book_valuer_per_share": null,
            "book_valuer_per_share_4q_avg": 0,
            "equity": null,
            "current_ratio": null,
            "debt_ratio": null,
            "inventory_turnover_ratio": null,
            "account_receivable_turnover_ratio": null,
            "reinvestment_rate": null,
            "research_to_sale_ratio": null,
            "price_fair": 0,
            "eps_avg_yearly": 0,
            "eps_latest_yearly": 0,
            "eps_growth_yearly": 0
        },
        "20083": {
            "year_quarter": 20083,
            "year": 2008,
            "quarter": 3,
            "eps": null,
            "eps_growth_year": null,
            "eps_4q": null,
            "eps_4q_growth_year": null,
            "roe": null,
            "roe_4q": 0,
            "gross_profit": null,
            "gross_margin": null,
            "gross_margin_4q_avg": 0,
            "net_income": null,
            "net_income_4q": null,
            "revenue": null,
            "revenue_4q": null,
            "common_shares": null,
            "book_valuer_per_share": null,
            "book_valuer_per_share_4q_avg": 0,
            "equity": null,
            "current_ratio": null,
            "debt_ratio": null,
            "inventory_turnover_ratio": null,
            "account_receivable_turnover_ratio": null,
            "reinvestment_rate": null,
            "research_to_sale_ratio": null,
            "price_fair": 0,
            "eps_avg_yearly": 0,
            "eps_latest_yearly": 0,
            "eps_growth_yearly": 0
        },
        "20084": {
            "year_quarter": 20084,
            "year": 2008,
            "quarter": 4,
            "eps": null,
            "eps_growth_year": null,
            "eps_4q": null,
            "eps_4q_growth_year": null,
            "roe": null,
            "roe_4q": 0,
            "gross_profit": null,
            "gross_margin": null,
            "gross_margin_4q_avg": 0,
            "net_income": null,
            "net_income_4q": null,
            "revenue": null,
            "revenue_4q": null,
            "common_shares": 2655895,
            "book_valuer_per_share": null,
            "book_valuer_per_share_4q_avg": 0,
            "equity": 3045026,
            "current_ratio": null,
            "debt_ratio": null,
            "inventory_turnover_ratio": null,
            "account_receivable_turnover_ratio": null,
            "reinvestment_rate": null,
            "research_to_sale_ratio": null,
            "price_fair": 0,
            "eps_avg_yearly": 0,
            "eps_latest_yearly": 0,
            "eps_growth_yearly": 0
        },
        "20091": {
            "year_quarter": 20091,
            "year": 2009,
            "quarter": 1,
            "eps": null,
            "eps_growth_year": null,
            "eps_4q": null,
            "eps_4q_growth_year": null,
            "roe": null,
            "roe_4q": 0,
            "gross_profit": null,
            "gross_margin": null,
            "gross_margin_4q_avg": 0,
            "net_income": -13065,
            "net_income_4q": null,
            "revenue": 152790,
            "revenue_4q": null,
            "common_shares": 2655895,
            "book_valuer_per_share": null,
            "book_valuer_per_share_4q_avg": 0,
            "equity": 3049598,
            "current_ratio": null,
            "debt_ratio": null,
            "inventory_turnover_ratio": null,
            "account_receivable_turnover_ratio": null,
            "reinvestment_rate": null,
            "research_to_sale_ratio": null,
            "price_fair": 0,
            "eps_avg_yearly": 0,
            "eps_latest_yearly": 0,
            "eps_growth_yearly": 0
        },
        "20092": {
            "year_quarter": 20092,
            "year": 2009,
            "quarter": 2,
            "eps": null,
            "eps_growth_year": null,
            "eps_4q": null,
            "eps_4q_growth_year": null,
            "roe": null,
            "roe_4q": 0,
            "gross_profit": null,
            "gross_margin": null,
            "gross_margin_4q_avg": 0,
            "net_income": 289325,
            "net_income_4q": null,
            "revenue": 508398,
            "revenue_4q": null,
            "common_shares": 2655895,
            "book_valuer_per_share": null,
            "book_valuer_per_share_4q_avg": 0,
            "equity": 3406711,
            "current_ratio": null,
            "debt_ratio": null,
            "inventory_turnover_ratio": null,
            "account_receivable_turnover_ratio": null,
            "reinvestment_rate": null,
            "research_to_sale_ratio": null,
            "price_fair": 0,
            "eps_avg_yearly": 0,
            "eps_latest_yearly": 0,
            "eps_growth_yearly": 0
        },
        "20093": {
            "year_quarter": 20093,
            "year": 2009,
            "quarter": 3,
            "eps": null,
            "eps_growth_year": null,
            "eps_4q": null,
            "eps_4q_growth_year": null,
            "roe": null,
            "roe_4q": 0,
            "gross_profit": null,
            "gross_margin": null,
            "gross_margin_4q_avg": 0,
            "net_income": 207798,
            "net_income_4q": null,
            "revenue": 333457,
            "revenue_4q": null,
            "common_shares": 2655895,
            "book_valuer_per_share": null,
            "book_valuer_per_share_4q_avg": 0,
            "equity": 3624655,
            "current_ratio": null,
            "debt_ratio": null,
            "inventory_turnover_ratio": null,
            "account_receivable_turnover_ratio": null,
            "reinvestment_rate": null,
            "research_to_sale_ratio": null,
            "price_fair": 0,
            "eps_avg_yearly": 0,
            "eps_latest_yearly": 0,
            "eps_growth_yearly": 0
        },
        "20094": {
            "year_quarter": 20094,
            "year": 2009,
            "quarter": 4,
            "eps": null,
            "eps_growth_year": null,
            "eps_4q": null,
            "eps_4q_growth_year": null,
            "roe": null,
            "roe_4q": 0,
            "gross_profit": null,
            "gross_margin": null,
            "gross_margin_4q_avg": 0,
            "net_income": 178547,
            "net_income_4q": null,
            "revenue": 292350,
            "revenue_4q": null,
            "common_shares": 2655895,
            "book_valuer_per_share": 14.39,
            "book_valuer_per_share_4q_avg": 3.6,
            "equity": 3820571,
            "current_ratio": 168.16,
            "debt_ratio": 54.1,
            "inventory_turnover_ratio": null,
            "account_receivable_turnover_ratio": null,
            "reinvestment_rate": null,
            "research_to_sale_ratio": null,
            "price_fair": 0,
            "eps_avg_yearly": 0,
            "eps_latest_yearly": 0,
            "eps_growth_yearly": 0
        },
        "20101": {
            "year_quarter": 20101,
            "year": 2010,
            "quarter": 1,
            "eps": 0,
            "eps_growth_year": null,
            "eps_4q": -0,
            "eps_4q_growth_year": null,
            "roe": -0.03,
            "roe_4q": -0.03,
            "gross_profit": null,
            "gross_margin": null,
            "gross_margin_4q_avg": 0,
            "net_income": -1188,
            "net_income_4q": null,
            "revenue": 199270,
            "revenue_4q": null,
            "common_shares": 2655895,
            "book_valuer_per_share": 14.55,
            "book_valuer_per_share_4q_avg": 7.24,
            "equity": 3865493,
            "current_ratio": 168.6,
            "debt_ratio": 54.85,
            "inventory_turnover_ratio": null,
            "account_receivable_turnover_ratio": 4.68,
            "reinvestment_rate": null,
            "research_to_sale_ratio": null,
            "price_fair": 0,
            "eps_avg_yearly": 0,
            "eps_latest_yearly": 0,
            "eps_growth_yearly": 0
        },
        "20102": {
            "year_quarter": 20102,
            "year": 2010,
            "quarter": 2,
            "eps": -0.14,
            "eps_growth_year": null,
            "eps_4q": -0.14,
            "eps_4q_growth_year": null,
            "roe": -1,
            "roe_4q": -1.03,
            "gross_profit": null,
            "gross_margin": null,
            "gross_margin_4q_avg": 0,
            "net_income": -38276,
            "net_income_4q": null,
            "revenue": 230239,
            "revenue_4q": null,
            "common_shares": 2655895,
            "book_valuer_per_share": 14.24,
            "book_valuer_per_share_4q_avg": 10.8,
            "equity": 3783097,
            "current_ratio": 165.26,
            "debt_ratio": 55.5,
            "inventory_turnover_ratio": null,
            "account_receivable_turnover_ratio": 4.43,
            "reinvestment_rate": null,
            "research_to_sale_ratio": null,
            "price_fair": 0,
            "eps_avg_yearly": 0,
            "eps_latest_yearly": 0,
            "eps_growth_yearly": 0
        },
        "20103": {
            "year_quarter": 20103,
            "year": 2010,
            "quarter": 3,
            "eps": 0.86,
            "eps_growth_year": null,
            "eps_4q": 0.72,
            "eps_4q_growth_year": null,
            "roe": 6.1,
            "roe_4q": 5.069999999999999,
            "gross_profit": null,
            "gross_margin": null,
            "gross_margin_4q_avg": 0,
            "net_income": 239520,
            "net_income_4q": null,
            "revenue": 246326,
            "revenue_4q": null,
            "common_shares": 2788690,
            "book_valuer_per_share": 14.6,
            "book_valuer_per_share_4q_avg": 14.45,
            "equity": 4071210,
            "current_ratio": 172.25,
            "debt_ratio": 53.56,
            "inventory_turnover_ratio": null,
            "account_receivable_turnover_ratio": 4.45,
            "reinvestment_rate": null,
            "research_to_sale_ratio": null,
            "price_fair": 0,
            "eps_avg_yearly": 0,
            "eps_latest_yearly": 0,
            "eps_growth_yearly": 0
        },
        "20104": {
            "year_quarter": 20104,
            "year": 2010,
            "quarter": 4,
            "eps": 0.84,
            "eps_growth_year": null,
            "eps_4q": 1.56,
            "eps_4q_growth_year": null,
            "roe": 5.58,
            "roe_4q": 10.65,
            "gross_profit": null,
            "gross_margin": null,
            "gross_margin_4q_avg": 0,
            "net_income": 235011,
            "net_income_4q": null,
            "revenue": 323093,
            "revenue_4q": null,
            "common_shares": 2788690,
            "book_valuer_per_share": 15.62,
            "book_valuer_per_share_4q_avg": 14.75,
            "equity": 4356109,
            "current_ratio": 176.08,
            "debt_ratio": 52.49,
            "inventory_turnover_ratio": null,
            "account_receivable_turnover_ratio": 4.96,
            "reinvestment_rate": null,
            "research_to_sale_ratio": null,
            "price_fair": 10.08,
            "eps_avg_yearly": 3.36,
            "eps_latest_yearly": 3.36,
            "eps_growth_yearly": -9.3
        },
        "20111": {
            "year_quarter": 20111,
            "year": 2011,
            "quarter": 1,
            "eps": -0.34,
            "eps_growth_year": null,
            "eps_4q": 1.23,
            "eps_4q_growth_year": null,
            "roe": -2.15,
            "roe_4q": 8.53,
            "gross_profit": null,
            "gross_margin": null,
            "gross_margin_4q_avg": 0,
            "net_income": -94291,
            "net_income_4q": null,
            "revenue": 186086,
            "revenue_4q": null,
            "common_shares": 2788690,
            "book_valuer_per_share": 15.83,
            "book_valuer_per_share_4q_avg": 15.07,
            "equity": 4415519,
            "current_ratio": 180.35,
            "debt_ratio": 50.3,
            "inventory_turnover_ratio": null,
            "account_receivable_turnover_ratio": 2.55,
            "reinvestment_rate": null,
            "research_to_sale_ratio": null,
            "price_fair": 10.08,
            "eps_avg_yearly": 3.36,
            "eps_latest_yearly": 3.36,
            "eps_growth_yearly": -9.3
        },
        "20112": {
            "year_quarter": 20112,
            "year": 2011,
            "quarter": 2,
            "eps": 0.15,
            "eps_growth_year": null,
            "eps_4q": 1.39,
            "eps_4q_growth_year": null,
            "roe": 1.04,
            "roe_4q": 10.57,
            "gross_profit": null,
            "gross_margin": null,
            "gross_margin_4q_avg": 0,
            "net_income": 45820,
            "net_income_4q": null,
            "revenue": 187020,
            "revenue_4q": null,
            "common_shares": 2788690,
            "book_valuer_per_share": 15.63,
            "book_valuer_per_share_4q_avg": 15.42,
            "equity": 4359930,
            "current_ratio": 180.16,
            "debt_ratio": 48.98,
            "inventory_turnover_ratio": null,
            "account_receivable_turnover_ratio": 2.54,
            "reinvestment_rate": null,
            "research_to_sale_ratio": null,
            "price_fair": 10.08,
            "eps_avg_yearly": 3.36,
            "eps_latest_yearly": 3.36,
            "eps_growth_yearly": -9.3
        },
        "20113": {
            "year_quarter": 20113,
            "year": 2011,
            "quarter": 3,
            "eps": -0.45,
            "eps_growth_year": -152.24,
            "eps_4q": 0.16,
            "eps_4q_growth_year": -77.78,
            "roe": -3.24,
            "roe_4q": 1.2300000000000004,
            "gross_profit": null,
            "gross_margin": null,
            "gross_margin_4q_avg": 0,
            "net_income": -137641,
            "net_income_4q": null,
            "revenue": 217618,
            "revenue_4q": null,
            "common_shares": 3067559,
            "book_valuer_per_share": 13.49,
            "book_valuer_per_share_4q_avg": 15.14,
            "equity": 4139044,
            "current_ratio": 200.75,
            "debt_ratio": 42.71,
            "inventory_turnover_ratio": null,
            "account_receivable_turnover_ratio": 3.28,
            "reinvestment_rate": null,
            "research_to_sale_ratio": null,
            "price_fair": 10.08,
            "eps_avg_yearly": 3.36,
            "eps_latest_yearly": 3.36,
            "eps_growth_yearly": -9.3
        },
        "20114": {
            "year_quarter": 20114,
            "year": 2011,
            "quarter": 4,
            "eps": -0.19,
            "eps_growth_year": -122.29,
            "eps_4q": -0.79,
            "eps_4q_growth_year": -150.93,
            "roe": -1.4,
            "roe_4q": -5.75,
            "gross_profit": null,
            "gross_margin": null,
            "gross_margin_4q_avg": 0,
            "net_income": -57630,
            "net_income_4q": null,
            "revenue": 107314,
            "revenue_4q": null,
            "common_shares": 3067559,
            "book_valuer_per_share": 13.36,
            "book_valuer_per_share_4q_avg": 14.58,
            "equity": 4096785,
            "current_ratio": 197.54,
            "debt_ratio": 43.47,
            "inventory_turnover_ratio": null,
            "account_receivable_turnover_ratio": 1.91,
            "reinvestment_rate": null,
            "research_to_sale_ratio": null,
            "price_fair": 10.08,
            "eps_avg_yearly": 3.36,
            "eps_latest_yearly": 3.36,
            "eps_growth_yearly": -9.3
        },
        "20121": {
            "year_quarter": 20121,
            "year": 2012,
            "quarter": 1,
            "eps": 0.39,
            "eps_growth_year": null,
            "eps_4q": -0.09,
            "eps_4q_growth_year": -107.62,
            "roe": 2.9,
            "roe_4q": -0.7000000000000002,
            "gross_profit": null,
            "gross_margin": null,
            "gross_margin_4q_avg": 0,
            "net_income": 120802,
            "net_income_4q": null,
            "revenue": 282334,
            "revenue_4q": null,
            "common_shares": 3067559,
            "book_valuer_per_share": 13.83,
            "book_valuer_per_share_4q_avg": 14.08,
            "equity": 4241372,
            "current_ratio": 193.97,
            "debt_ratio": 44.72,
            "inventory_turnover_ratio": null,
            "account_receivable_turnover_ratio": 4.56,
            "reinvestment_rate": null,
            "research_to_sale_ratio": null,
            "price_fair": 10.08,
            "eps_avg_yearly": 3.36,
            "eps_latest_yearly": 3.36,
            "eps_growth_yearly": -9.3
        },
        "20122": {
            "year_quarter": 20122,
            "year": 2012,
            "quarter": 2,
            "eps": -0.22,
            "eps_growth_year": -247.32,
            "eps_4q": -0.46,
            "eps_4q_growth_year": -133.32,
            "roe": -1.6,
            "roe_4q": -3.3400000000000003,
            "gross_profit": null,
            "gross_margin": null,
            "gross_margin_4q_avg": 0,
            "net_income": -67503,
            "net_income_4q": null,
            "revenue": 74782,
            "revenue_4q": null,
            "common_shares": 3067559,
            "book_valuer_per_share": 13.61,
            "book_valuer_per_share_4q_avg": 13.57,
            "equity": 4175257,
            "current_ratio": 207.75,
            "debt_ratio": 41.8,
            "inventory_turnover_ratio": null,
            "account_receivable_turnover_ratio": 1.14,
            "reinvestment_rate": null,
            "research_to_sale_ratio": null,
            "price_fair": 10.08,
            "eps_avg_yearly": 3.36,
            "eps_latest_yearly": 3.36,
            "eps_growth_yearly": -9.3
        },
        "20123": {
            "year_quarter": 20123,
            "year": 2012,
            "quarter": 3,
            "eps": 0.44,
            "eps_growth_year": null,
            "eps_4q": 0.43,
            "eps_4q_growth_year": 167.59,
            "roe": 3.17,
            "roe_4q": 3.07,
            "gross_profit": null,
            "gross_margin": null,
            "gross_margin_4q_avg": 0,
            "net_income": 135180,
            "net_income_4q": null,
            "revenue": 273230,
            "revenue_4q": null,
            "common_shares": 3067559,
            "book_valuer_per_share": 14.16,
            "book_valuer_per_share_4q_avg": 13.74,
            "equity": 4344758,
            "current_ratio": 206.03,
            "debt_ratio": 42.74,
            "inventory_turnover_ratio": null,
            "account_receivable_turnover_ratio": 4.66,
            "reinvestment_rate": null,
            "research_to_sale_ratio": null,
            "price_fair": 10.08,
            "eps_avg_yearly": 3.36,
            "eps_latest_yearly": 3.36,
            "eps_growth_yearly": -9.3
        },
        "20124": {
            "year_quarter": 20124,
            "year": 2012,
            "quarter": 4,
            "eps": -0.09,
            "eps_growth_year": null,
            "eps_4q": 0.52,
            "eps_4q_growth_year": null,
            "roe": -0.64,
            "roe_4q": 3.8299999999999996,
            "gross_profit": null,
            "gross_margin": null,
            "gross_margin_4q_avg": 0,
            "net_income": -27727,
            "net_income_4q": null,
            "revenue": 159672,
            "revenue_4q": null,
            "common_shares": 3067559,
            "book_valuer_per_share": 14.06,
            "book_valuer_per_share_4q_avg": 13.92,
            "equity": 4313004,
            "current_ratio": 212.88,
            "debt_ratio": 40.87,
            "inventory_turnover_ratio": null,
            "account_receivable_turnover_ratio": 2.47,
            "reinvestment_rate": 1.64,
            "research_to_sale_ratio": null,
            "price_fair": 10.08,
            "eps_avg_yearly": 3.36,
            "eps_latest_yearly": 3.36,
            "eps_growth_yearly": -9.3
        },
        "20131": {
            "year_quarter": 20131,
            "year": 2013,
            "quarter": 1,
            "eps": 0.26,
            "eps_growth_year": -33.33,
            "eps_4q": 0.39,
            "eps_4q_growth_year": null,
            "roe": 1.8,
            "roe_4q": 2.73,
            "gross_profit": null,
            "gross_margin": null,
            "gross_margin_4q_avg": 0,
            "net_income": 79078,
            "net_income_4q": null,
            "revenue": 187959,
            "revenue_4q": null,
            "common_shares": 3067559,
            "book_valuer_per_share": 14.6,
            "book_valuer_per_share_4q_avg": 14.11,
            "equity": 4479391,
            "current_ratio": 187.32,
            "debt_ratio": 47.29,
            "inventory_turnover_ratio": null,
            "account_receivable_turnover_ratio": 0.31,
            "reinvestment_rate": 1.56,
            "research_to_sale_ratio": null,
            "price_fair": 10.08,
            "eps_avg_yearly": 3.36,
            "eps_latest_yearly": 3.36,
            "eps_growth_yearly": -9.3
        },
        "20132": {
            "year_quarter": 20132,
            "year": 2013,
            "quarter": 2,
            "eps": 0.12,
            "eps_growth_year": null,
            "eps_4q": 0.73,
            "eps_4q_growth_year": null,
            "roe": 0.82,
            "roe_4q": 5.15,
            "gross_profit": null,
            "gross_margin": null,
            "gross_margin_4q_avg": 0,
            "net_income": 36452,
            "net_income_4q": null,
            "revenue": 137260,
            "revenue_4q": null,
            "common_shares": 3067559,
            "book_valuer_per_share": 14.52,
            "book_valuer_per_share_4q_avg": 14.34,
            "equity": 4455280,
            "current_ratio": 178.84,
            "debt_ratio": 49.75,
            "inventory_turnover_ratio": null,
            "account_receivable_turnover_ratio": 0.11,
            "reinvestment_rate": 1.67,
            "research_to_sale_ratio": null,
            "price_fair": 5.76,
            "eps_avg_yearly": 1.92,
            "eps_latest_yearly": 0.48,
            "eps_growth_yearly": -112.34
        },
        "20133": {
            "year_quarter": 20133,
            "year": 2013,
            "quarter": 3,
            "eps": 0.28,
            "eps_growth_year": -36.46,
            "eps_4q": 0.56,
            "eps_4q_growth_year": 31.88,
            "roe": 1.89,
            "roe_4q": 3.8699999999999997,
            "gross_profit": null,
            "gross_margin": null,
            "gross_margin_4q_avg": 0,
            "net_income": 84764,
            "net_income_4q": null,
            "revenue": 200693,
            "revenue_4q": null,
            "common_shares": 3067559,
            "book_valuer_per_share": 14.75,
            "book_valuer_per_share_4q_avg": 14.48,
            "equity": 4523315,
            "current_ratio": 178.13,
            "debt_ratio": 50.06,
            "inventory_turnover_ratio": null,
            "account_receivable_turnover_ratio": 0.17,
            "reinvestment_rate": 2.93,
            "research_to_sale_ratio": null,
            "price_fair": 57.87,
            "eps_avg_yearly": 1.65,
            "eps_latest_yearly": 1.12,
            "eps_growth_yearly": 102.88
        },
        "20134": {
            "year_quarter": 20134,
            "year": 2013,
            "quarter": 4,
            "eps": 0.27,
            "eps_growth_year": null,
            "eps_4q": 0.93,
            "eps_4q_growth_year": 76.73,
            "roe": 1.83,
            "roe_4q": 6.34,
            "gross_profit": null,
            "gross_margin": null,
            "gross_margin_4q_avg": 0,
            "net_income": 83802,
            "net_income_4q": null,
            "revenue": 209594,
            "revenue_4q": null,
            "common_shares": 3067559,
            "book_valuer_per_share": 15.05,
            "book_valuer_per_share_4q_avg": 14.73,
            "equity": 4617716,
            "current_ratio": 168.55,
            "debt_ratio": 53.54,
            "inventory_turnover_ratio": null,
            "account_receivable_turnover_ratio": 0.15,
            "reinvestment_rate": 3.39,
            "research_to_sale_ratio": null,
            "price_fair": 52.85,
            "eps_avg_yearly": 1.51,
            "eps_latest_yearly": 1.08,
            "eps_growth_yearly": 73.59
        },
        "20141": {
            "year_quarter": 20141,
            "year": 2014,
            "quarter": 1,
            "eps": 0.07,
            "eps_growth_year": -73.08,
            "eps_4q": 0.74,
            "eps_4q_growth_year": 91.38,
            "roe": 0.49,
            "roe_4q": 5.03,
            "gross_profit": null,
            "gross_margin": null,
            "gross_margin_4q_avg": 0,
            "net_income": 22780,
            "net_income_4q": null,
            "revenue": 147237,
            "revenue_4q": null,
            "common_shares": 3067559,
            "book_valuer_per_share": 15.09,
            "book_valuer_per_share_4q_avg": 14.85,
            "equity": 4627441,
            "current_ratio": 172.43,
            "debt_ratio": 52.23,
            "inventory_turnover_ratio": null,
            "account_receivable_turnover_ratio": 0.09,
            "reinvestment_rate": 3.22,
            "research_to_sale_ratio": null,
            "price_fair": 3.79,
            "eps_avg_yearly": 1.26,
            "eps_latest_yearly": 0.28,
            "eps_growth_yearly": -0.39
        },
        "20142": {
            "year_quarter": 20142,
            "year": 2014,
            "quarter": 2,
            "eps": 0.66,
            "eps_growth_year": 450,
            "eps_4q": 1.29,
            "eps_4q_growth_year": 76.94,
            "roe": 4.42,
            "roe_4q": 8.63,
            "gross_profit": null,
            "gross_margin": null,
            "gross_margin_4q_avg": 0,
            "net_income": 203211,
            "net_income_4q": null,
            "revenue": 317205,
            "revenue_4q": null,
            "common_shares": 3067559,
            "book_valuer_per_share": 14.89,
            "book_valuer_per_share_4q_avg": 14.95,
            "equity": 4567022,
            "current_ratio": 161.29,
            "debt_ratio": 56.01,
            "inventory_turnover_ratio": null,
            "account_receivable_turnover_ratio": 0.18,
            "reinvestment_rate": 3.02,
            "research_to_sale_ratio": null,
            "price_fair": 52.27,
            "eps_avg_yearly": 1.49,
            "eps_latest_yearly": 2.64,
            "eps_growth_yearly": 561.58
        },
        "20143": {
            "year_quarter": 20143,
            "year": 2014,
            "quarter": 3,
            "eps": -0.46,
            "eps_growth_year": -264.29,
            "eps_4q": 0.55,
            "eps_4q_growth_year": -2.46,
            "roe": -3.14,
            "roe_4q": 3.5999999999999996,
            "gross_profit": null,
            "gross_margin": null,
            "gross_margin_4q_avg": 0,
            "net_income": -141464,
            "net_income_4q": null,
            "revenue": -13813,
            "revenue_4q": null,
            "common_shares": 3067559,
            "book_valuer_per_share": 14.44,
            "book_valuer_per_share_4q_avg": 14.87,
            "equity": 4429703,
            "current_ratio": 161.76,
            "debt_ratio": 55.62,
            "inventory_turnover_ratio": null,
            "account_receivable_turnover_ratio": -0.01,
            "reinvestment_rate": 3.6,
            "research_to_sale_ratio": null,
            "price_fair": 52.27,
            "eps_avg_yearly": 1.49,
            "eps_latest_yearly": 2.64,
            "eps_growth_yearly": 561.58
        },
        "20144": {
            "year_quarter": 20144,
            "year": 2014,
            "quarter": 4,
            "eps": 0.07,
            "eps_growth_year": -75.39,
            "eps_4q": 0.34,
            "eps_4q_growth_year": -62.99,
            "roe": 0.46,
            "roe_4q": 2.2299999999999995,
            "gross_profit": null,
            "gross_margin": null,
            "gross_margin_4q_avg": 0,
            "net_income": 20620,
            "net_income_4q": null,
            "revenue": 148188,
            "revenue_4q": null,
            "common_shares": 3067559,
            "book_valuer_per_share": 14.48,
            "book_valuer_per_share_4q_avg": 14.73,
            "equity": 4440966,
            "current_ratio": 166.03,
            "debt_ratio": 53.3,
            "inventory_turnover_ratio": null,
            "account_receivable_turnover_ratio": 0.13,
            "reinvestment_rate": 6.16,
            "research_to_sale_ratio": null,
            "price_fair": 39.2,
            "eps_avg_yearly": 1.12,
            "eps_latest_yearly": 2.64,
            "eps_growth_yearly": 675.76
        },
        "20151": {
            "year_quarter": 20151,
            "year": 2015,
            "quarter": 1,
            "eps": 0.17,
            "eps_growth_year": 142.86,
            "eps_4q": 0.44,
            "eps_4q_growth_year": -41.13,
            "roe": 1.16,
            "roe_4q": 2.8999999999999995,
            "gross_profit": null,
            "gross_margin": null,
            "gross_margin_4q_avg": 0,
            "net_income": 51740,
            "net_income_4q": null,
            "revenue": 165328,
            "revenue_4q": null,
            "common_shares": 3067559,
            "book_valuer_per_share": 14.56,
            "book_valuer_per_share_4q_avg": 14.59,
            "equity": 4466932,
            "current_ratio": 155.28,
            "debt_ratio": 57.69,
            "inventory_turnover_ratio": null,
            "account_receivable_turnover_ratio": 0.12,
            "reinvestment_rate": 3.1,
            "research_to_sale_ratio": null,
            "price_fair": 36.63,
            "eps_avg_yearly": 1.05,
            "eps_latest_yearly": 0.68,
            "eps_growth_yearly": 658.37
        },
        "20152": {
            "year_quarter": 20152,
            "year": 2015,
            "quarter": 2,
            "eps": 0.01,
            "eps_growth_year": -98.48,
            "eps_4q": -0.13,
            "eps_4q_growth_year": -109.77,
            "roe": 0.68,
            "roe_4q": -0.8400000000000003,
            "gross_profit": null,
            "gross_margin": null,
            "gross_margin_4q_avg": 0,
            "net_income": 30554,
            "net_income_4q": null,
            "revenue": 132191,
            "revenue_4q": null,
            "common_shares": 3067559,
            "book_valuer_per_share": 14.65,
            "book_valuer_per_share_4q_avg": 14.53,
            "equity": 4493339,
            "current_ratio": 172.53,
            "debt_ratio": 51.56,
            "inventory_turnover_ratio": null,
            "account_receivable_turnover_ratio": 0.09,
            "reinvestment_rate": 2.37,
            "research_to_sale_ratio": null,
            "price_fair": 31.6,
            "eps_avg_yearly": 0.9,
            "eps_latest_yearly": 0.04,
            "eps_growth_yearly": 510.54
        },
        "20153": {
            "year_quarter": 20153,
            "year": 2015,
            "quarter": 3,
            "eps": -0.42,
            "eps_growth_year": null,
            "eps_4q": -0.09,
            "eps_4q_growth_year": -115.85,
            "roe": -2.95,
            "roe_4q": -0.6500000000000001,
            "gross_profit": null,
            "gross_margin": null,
            "gross_margin_4q_avg": 0,
            "net_income": -129589,
            "net_income_4q": null,
            "revenue": -277,
            "revenue_4q": null,
            "common_shares": 3067559,
            "book_valuer_per_share": 14.03,
            "book_valuer_per_share_4q_avg": 14.43,
            "equity": 4304945,
            "current_ratio": 184.54,
            "debt_ratio": 45.03,
            "inventory_turnover_ratio": null,
            "account_receivable_turnover_ratio": -0,
            "reinvestment_rate": 70.12,
            "research_to_sale_ratio": null,
            "price_fair": 31.6,
            "eps_avg_yearly": 0.9,
            "eps_latest_yearly": 0.04,
            "eps_growth_yearly": 510.54
        },
        "20154": {
            "year_quarter": 20154,
            "year": 2015,
            "quarter": 4,
            "eps": -0.02,
            "eps_growth_year": -130.2,
            "eps_4q": -0.17,
            "eps_4q_growth_year": -150.9,
            "roe": -0.14,
            "roe_4q": -1.2500000000000002,
            "gross_profit": null,
            "gross_margin": null,
            "gross_margin_4q_avg": 0,
            "net_income": -6228,
            "net_income_4q": null,
            "revenue": 110820,
            "revenue_4q": null,
            "common_shares": 3067559,
            "book_valuer_per_share": 14.19,
            "book_valuer_per_share_4q_avg": 14.36,
            "equity": 4353147,
            "current_ratio": 175.54,
            "debt_ratio": 47.95,
            "inventory_turnover_ratio": null,
            "account_receivable_turnover_ratio": 0.11,
            "reinvestment_rate": 60.3,
            "research_to_sale_ratio": null,
            "price_fair": 31.6,
            "eps_avg_yearly": 0.9,
            "eps_latest_yearly": 0.04,
            "eps_growth_yearly": 510.54
        },
        "20161": {
            "year_quarter": 20161,
            "year": 2016,
            "quarter": 1,
            "eps": -0.12,
            "eps_growth_year": -170.59,
            "eps_4q": -0.46,
            "eps_4q_growth_year": -204.88,
            "roe": -0.82,
            "roe_4q": -3.23,
            "gross_profit": null,
            "gross_margin": null,
            "gross_margin_4q_avg": 0,
            "net_income": -35383,
            "net_income_4q": null,
            "revenue": 83070,
            "revenue_4q": null,
            "common_shares": 3067559,
            "book_valuer_per_share": 13.91,
            "book_valuer_per_share_4q_avg": 14.2,
            "equity": 4267381,
            "current_ratio": 175.84,
            "debt_ratio": 47.68,
            "inventory_turnover_ratio": null,
            "account_receivable_turnover_ratio": 0.07,
            "reinvestment_rate": 84.89,
            "research_to_sale_ratio": null,
            "price_fair": 31.6,
            "eps_avg_yearly": 0.9,
            "eps_latest_yearly": 0.04,
            "eps_growth_yearly": 510.54
        },
        "20162": {
            "year_quarter": 20162,
            "year": 2016,
            "quarter": 2,
            "eps": -0.12,
            "eps_growth_year": -1300,
            "eps_4q": -0.68,
            "eps_4q_growth_year": null,
            "roe": -0.91,
            "roe_4q": -4.82,
            "gross_profit": null,
            "gross_margin": null,
            "gross_margin_4q_avg": 0,
            "net_income": -38922,
            "net_income_4q": null,
            "revenue": 42248,
            "revenue_4q": null,
            "common_shares": 3067559,
            "book_valuer_per_share": 13.84,
            "book_valuer_per_share_4q_avg": 13.99,
            "equity": 4245749,
            "current_ratio": 183.95,
            "debt_ratio": 45.24,
            "inventory_turnover_ratio": null,
            "account_receivable_turnover_ratio": 0.03,
            "reinvestment_rate": 76.1,
            "research_to_sale_ratio": null,
            "price_fair": 31.6,
            "eps_avg_yearly": 0.9,
            "eps_latest_yearly": 0.04,
            "eps_growth_yearly": 510.54
        },
        "20163": {
            "year_quarter": 20163,
            "year": 2016,
            "quarter": 3,
            "eps": 0.09,
            "eps_growth_year": null,
            "eps_4q": -0.17,
            "eps_4q_growth_year": null,
            "roe": 0.68,
            "roe_4q": -1.19,
            "gross_profit": null,
            "gross_margin": null,
            "gross_margin_4q_avg": 0,
            "net_income": 28852,
            "net_income_4q": null,
            "revenue": 139824,
            "revenue_4q": null,
            "common_shares": 3067559,
            "book_valuer_per_share": 13.96,
            "book_valuer_per_share_4q_avg": 13.98,
            "equity": 4283332,
            "current_ratio": 197.86,
            "debt_ratio": 41.66,
            "inventory_turnover_ratio": null,
            "account_receivable_turnover_ratio": 0.11,
            "reinvestment_rate": 107.38,
            "research_to_sale_ratio": null,
            "price_fair": 31.6,
            "eps_avg_yearly": 0.9,
            "eps_latest_yearly": 0.04,
            "eps_growth_yearly": 510.54
        },
        "20164": {
            "year_quarter": 20164,
            "year": 2016,
            "quarter": 4,
            "eps": -0.04,
            "eps_growth_year": null,
            "eps_4q": -0.18,
            "eps_4q_growth_year": null,
            "roe": -0.26,
            "roe_4q": -1.31,
            "gross_profit": null,
            "gross_margin": null,
            "gross_margin_4q_avg": 0,
            "net_income": -11136,
            "net_income_4q": null,
            "revenue": 89909,
            "revenue_4q": null,
            "common_shares": 3067559,
            "book_valuer_per_share": 14.12,
            "book_valuer_per_share_4q_avg": 13.96,
            "equity": 4330819,
            "current_ratio": 210.1,
            "debt_ratio": 38.8,
            "inventory_turnover_ratio": null,
            "account_receivable_turnover_ratio": 0.09,
            "reinvestment_rate": 99.01,
            "research_to_sale_ratio": null,
            "price_fair": 31.6,
            "eps_avg_yearly": 0.9,
            "eps_latest_yearly": 0.04,
            "eps_growth_yearly": 510.54
        },
        "20171": {
            "year_quarter": 20171,
            "year": 2017,
            "quarter": 1,
            "eps": 0.16,
            "eps_growth_year": null,
            "eps_4q": 0.09,
            "eps_4q_growth_year": null,
            "roe": 1.11,
            "roe_4q": 0.6200000000000002,
            "gross_profit": null,
            "gross_margin": null,
            "gross_margin_4q_avg": 0,
            "net_income": 48307,
            "net_income_4q": null,
            "revenue": 157154,
            "revenue_4q": null,
            "common_shares": 3067559,
            "book_valuer_per_share": 14.31,
            "book_valuer_per_share_4q_avg": 14.06,
            "equity": 4391075,
            "current_ratio": 184.63,
            "debt_ratio": 45.2,
            "inventory_turnover_ratio": null,
            "account_receivable_turnover_ratio": 0.14,
            "reinvestment_rate": 109.86,
            "research_to_sale_ratio": null,
            "price_fair": 31.6,
            "eps_avg_yearly": 0.9,
            "eps_latest_yearly": 0.04,
            "eps_growth_yearly": 510.54
        },
        "20172": {
            "year_quarter": 20172,
            "year": 2017,
            "quarter": 2,
            "eps": 0.13,
            "eps_growth_year": null,
            "eps_4q": 0.35,
            "eps_4q_growth_year": null,
            "roe": 0.91,
            "roe_4q": 2.44,
            "gross_profit": null,
            "gross_margin": null,
            "gross_margin_4q_avg": 0,
            "net_income": 40466,
            "net_income_4q": null,
            "revenue": 121999,
            "revenue_4q": null,
            "common_shares": 3067559,
            "book_valuer_per_share": 14.55,
            "book_valuer_per_share_4q_avg": 14.24,
            "equity": 4463145,
            "current_ratio": 190.88,
            "debt_ratio": 43.5,
            "inventory_turnover_ratio": null,
            "account_receivable_turnover_ratio": 0.09,
            "reinvestment_rate": 104.26,
            "research_to_sale_ratio": null,
            "price_fair": 31.8,
            "eps_avg_yearly": 0.91,
            "eps_latest_yearly": 0.52,
            "eps_growth_yearly": 530.59
        },
        "20173": {
            "year_quarter": 20173,
            "year": 2017,
            "quarter": 3,
            "eps": 0.18,
            "eps_growth_year": 100,
            "eps_4q": 0.43,
            "eps_4q_growth_year": null,
            "roe": 1.23,
            "roe_4q": 2.99,
            "gross_profit": null,
            "gross_margin": null,
            "gross_margin_4q_avg": 0,
            "net_income": 55636,
            "net_income_4q": null,
            "revenue": 175527,
            "revenue_4q": null,
            "common_shares": 3067559,
            "book_valuer_per_share": 14.86,
            "book_valuer_per_share_4q_avg": 14.46,
            "equity": 4558644,
            "current_ratio": 182.49,
            "debt_ratio": 46.13,
            "inventory_turnover_ratio": null,
            "account_receivable_turnover_ratio": 0.14,
            "reinvestment_rate": 114.74,
            "research_to_sale_ratio": null,
            "price_fair": 29.8,
            "eps_avg_yearly": 0.85,
            "eps_latest_yearly": 0.72,
            "eps_growth_yearly": 476.38
        },
        "20174": {
            "year_quarter": 20174,
            "year": 2017,
            "quarter": 4,
            "eps": 0.08,
            "eps_growth_year": null,
            "eps_4q": 0.55,
            "eps_4q_growth_year": null,
            "roe": 0.5,
            "roe_4q": 3.75,
            "gross_profit": null,
            "gross_margin": null,
            "gross_margin_4q_avg": 0,
            "net_income": 23307,
            "net_income_4q": null,
            "revenue": 174781,
            "revenue_4q": null,
            "common_shares": 3067559,
            "book_valuer_per_share": 15.25,
            "book_valuer_per_share_4q_avg": 14.74,
            "equity": 4677670,
            "current_ratio": 176.52,
            "debt_ratio": 48.04,
            "inventory_turnover_ratio": null,
            "account_receivable_turnover_ratio": 0.12,
            "reinvestment_rate": 148.44,
            "research_to_sale_ratio": null,
            "price_fair": 26,
            "eps_avg_yearly": 0.74,
            "eps_latest_yearly": 0.32,
            "eps_growth_yearly": 446.67
        },
        "20181": {
            "year_quarter": 20181,
            "year": 2018,
            "quarter": 1,
            "eps": 0.13,
            "eps_growth_year": -18.75,
            "eps_4q": 0.52,
            "eps_4q_growth_year": 484.05,
            "roe": 0.82,
            "roe_4q": 3.46,
            "gross_profit": null,
            "gross_margin": null,
            "gross_margin_4q_avg": 0,
            "net_income": 38873,
            "net_income_4q": null,
            "revenue": 161980,
            "revenue_4q": null,
            "common_shares": 3067559,
            "book_valuer_per_share": 15.69,
            "book_valuer_per_share_4q_avg": 15.09,
            "equity": 4813378,
            "current_ratio": 178.86,
            "debt_ratio": 47.91,
            "inventory_turnover_ratio": null,
            "account_receivable_turnover_ratio": 0.1,
            "reinvestment_rate": 131.52,
            "research_to_sale_ratio": null,
            "price_fair": 27.2,
            "eps_avg_yearly": 0.78,
            "eps_latest_yearly": 0.52,
            "eps_growth_yearly": 524.72
        },
        "20182": {
            "year_quarter": 20182,
            "year": 2018,
            "quarter": 2,
            "eps": 0.23,
            "eps_growth_year": 76.92,
            "eps_4q": 0.62,
            "eps_4q_growth_year": 78.97,
            "roe": 1.5,
            "roe_4q": 4.05,
            "gross_profit": null,
            "gross_margin": null,
            "gross_margin_4q_avg": 0,
            "net_income": 72772,
            "net_income_4q": null,
            "revenue": 188445,
            "revenue_4q": null,
            "common_shares": 3067559,
            "book_valuer_per_share": 15.92,
            "book_valuer_per_share_4q_avg": 15.43,
            "equity": 4885048,
            "current_ratio": 178.29,
            "debt_ratio": 48.07,
            "inventory_turnover_ratio": null,
            "account_receivable_turnover_ratio": 0.11,
            "reinvestment_rate": 446.28,
            "research_to_sale_ratio": null,
            "price_fair": 18.6,
            "eps_avg_yearly": 0.53,
            "eps_latest_yearly": 0.92,
            "eps_growth_yearly": 87.04
        },
        "20183": {
            "year_quarter": 20183,
            "year": 2018,
            "quarter": 3,
            "eps": 0.32,
            "eps_growth_year": 77.78,
            "eps_4q": 0.77,
            "eps_4q_growth_year": 76.25,
            "roe": 2.03,
            "roe_4q": 4.85,
            "gross_profit": null,
            "gross_margin": null,
            "gross_margin_4q_avg": 0,
            "net_income": 99941,
            "net_income_4q": null,
            "revenue": 151996,
            "revenue_4q": null,
            "common_shares": 3067559,
            "book_valuer_per_share": 16.21,
            "book_valuer_per_share_4q_avg": 15.77,
            "equity": 4972670,
            "current_ratio": 209.67,
            "debt_ratio": 44.03,
            "inventory_turnover_ratio": null,
            "account_receivable_turnover_ratio": 0.08,
            "reinvestment_rate": -9.44,
            "research_to_sale_ratio": null,
            "price_fair": 21.88,
            "eps_avg_yearly": 0.63,
            "eps_latest_yearly": 1.28,
            "eps_growth_yearly": 95.72
        },
        "20184": {
            "year_quarter": 20184,
            "year": 2018,
            "quarter": 4,
            "eps": -0.05,
            "eps_growth_year": -164.34,
            "eps_4q": 0.64,
            "eps_4q_growth_year": 17.22,
            "roe": -0.3,
            "roe_4q": 4.05,
            "gross_profit": null,
            "gross_margin": null,
            "gross_margin_4q_avg": 0,
            "net_income": -14996,
            "net_income_4q": null,
            "revenue": 111126,
            "revenue_4q": null,
            "common_shares": 3067559,
            "book_valuer_per_share": 16.16,
            "book_valuer_per_share_4q_avg": 16,
            "equity": 4957549,
            "current_ratio": 316.61,
            "debt_ratio": 28.69,
            "inventory_turnover_ratio": null,
            "account_receivable_turnover_ratio": 0.07,
            "reinvestment_rate": -6.82,
            "research_to_sale_ratio": null,
            "price_fair": 21.88,
            "eps_avg_yearly": 0.63,
            "eps_latest_yearly": 1.28,
            "eps_growth_yearly": 95.72
        },
        "20191": {
            "year_quarter": 20191,
            "year": 2019,
            "quarter": 1,
            "eps": 0,
            "eps_growth_year": -100,
            "eps_4q": 0.51,
            "eps_4q_growth_year": -1,
            "roe": -0.02,
            "roe_4q": 3.21,
            "gross_profit": null,
            "gross_margin": null,
            "gross_margin_4q_avg": 0,
            "net_income": -1016,
            "net_income_4q": null,
            "revenue": 112060,
            "revenue_4q": null,
            "common_shares": 3067559,
            "book_valuer_per_share": 16.16,
            "book_valuer_per_share_4q_avg": 16.11,
            "equity": 4956271,
            "current_ratio": 301.92,
            "debt_ratio": 30.22,
            "inventory_turnover_ratio": null,
            "account_receivable_turnover_ratio": 0.08,
            "reinvestment_rate": -10.52,
            "research_to_sale_ratio": null,
            "price_fair": 21.6,
            "eps_avg_yearly": 0.62,
            "eps_latest_yearly": 1.28,
            "eps_growth_yearly": 27.77
        },
        "20192": {
            "year_quarter": 20192,
            "year": 2019,
            "quarter": 2,
            "eps": 0.02,
            "eps_growth_year": -91.3,
            "eps_4q": 0.29,
            "eps_4q_growth_year": -53.6,
            "roe": 0.09,
            "roe_4q": 1.7999999999999998,
            "gross_profit": null,
            "gross_margin": null,
            "gross_margin_4q_avg": 0,
            "net_income": 4503,
            "net_income_4q": null,
            "revenue": 126868,
            "revenue_4q": null,
            "common_shares": 3067559,
            "book_valuer_per_share": 15.15,
            "book_valuer_per_share_4q_avg": 15.92,
            "equity": 4645913,
            "current_ratio": 272.6,
            "debt_ratio": 33.4,
            "inventory_turnover_ratio": null,
            "account_receivable_turnover_ratio": 0.09,
            "reinvestment_rate": -10.08,
            "research_to_sale_ratio": null,
            "price_fair": 24.97,
            "eps_avg_yearly": 0.71,
            "eps_latest_yearly": 1.28,
            "eps_growth_yearly": 95.14
        },
        "20193": {
            "year_quarter": 20193,
            "year": 2019,
            "quarter": 3,
            "eps": 0.06,
            "eps_growth_year": -81.25,
            "eps_4q": 0.02,
            "eps_4q_growth_year": -97.1,
            "roe": 0.39,
            "roe_4q": 0.15999999999999998,
            "gross_profit": null,
            "gross_margin": null,
            "gross_margin_4q_avg": 0,
            "net_income": 18323,
            "net_income_4q": null,
            "revenue": 135296,
            "revenue_4q": null,
            "common_shares": 3067559,
            "book_valuer_per_share": 15.12,
            "book_valuer_per_share_4q_avg": 15.65,
            "equity": 4637731,
            "current_ratio": 261.42,
            "debt_ratio": 34.92,
            "inventory_turnover_ratio": null,
            "account_receivable_turnover_ratio": 0.09,
            "reinvestment_rate": -99.16,
            "research_to_sale_ratio": null,
            "price_fair": 22.6,
            "eps_avg_yearly": 0.65,
            "eps_latest_yearly": 0.24,
            "eps_growth_yearly": 195.83
        },
        "20194": {
            "year_quarter": 20194,
            "year": 2019,
            "quarter": 4,
            "eps": 0.01,
            "eps_growth_year": null,
            "eps_4q": 0.09,
            "eps_4q_growth_year": -86.73,
            "roe": 0.09,
            "roe_4q": 0.5499999999999999,
            "gross_profit": null,
            "gross_margin": null,
            "gross_margin_4q_avg": 0,
            "net_income": 4277,
            "net_income_4q": null,
            "revenue": 137435,
            "revenue_4q": null,
            "common_shares": 3067559,
            "book_valuer_per_share": 15.13,
            "book_valuer_per_share_4q_avg": 15.39,
            "equity": 4642013,
            "current_ratio": 247.83,
            "debt_ratio": 36.67,
            "inventory_turnover_ratio": null,
            "account_receivable_turnover_ratio": 0.08,
            "reinvestment_rate": -96.75,
            "research_to_sale_ratio": null,
            "price_fair": 19.95,
            "eps_avg_yearly": 0.57,
            "eps_latest_yearly": 0.04,
            "eps_growth_yearly": 129.69
        },
        "20201": {
            "year_quarter": 20201,
            "year": 2020,
            "quarter": 1,
            "eps": 0.09,
            "eps_growth_year": null,
            "eps_4q": 0.18,
            "eps_4q_growth_year": -65.54,
            "roe": 0.59,
            "roe_4q": 1.16,
            "gross_profit": null,
            "gross_margin": null,
            "gross_margin_4q_avg": 0,
            "net_income": 26890,
            "net_income_4q": null,
            "revenue": 156552,
            "revenue_4q": null,
            "common_shares": 3067559,
            "book_valuer_per_share": 14.46,
            "book_valuer_per_share_4q_avg": 14.97,
            "equity": 4434635,
            "current_ratio": 252.57,
            "debt_ratio": 35.67,
            "inventory_turnover_ratio": null,
            "account_receivable_turnover_ratio": 0.09,
            "reinvestment_rate": -80.85,
            "research_to_sale_ratio": null,
            "price_fair": 19.13,
            "eps_avg_yearly": 0.55,
            "eps_latest_yearly": 0.36,
            "eps_growth_yearly": 470.83
        },
        "20202": {
            "year_quarter": 20202,
            "year": 2020,
            "quarter": 2,
            "eps": 0.03,
            "eps_growth_year": 50,
            "eps_4q": 0.19,
            "eps_4q_growth_year": -32.56,
            "roe": 0.23,
            "roe_4q": 1.2999999999999998,
            "gross_profit": null,
            "gross_margin": null,
            "gross_margin_4q_avg": 0,
            "net_income": 10145,
            "net_income_4q": null,
            "revenue": 143305,
            "revenue_4q": null,
            "common_shares": 3067559,
            "book_valuer_per_share": 14.93,
            "book_valuer_per_share_4q_avg": 14.91,
            "equity": 4580838,
            "current_ratio": 192.09,
            "debt_ratio": 47.46,
            "inventory_turnover_ratio": null,
            "account_receivable_turnover_ratio": 0.07,
            "reinvestment_rate": -69.83,
            "research_to_sale_ratio": null,
            "price_fair": 17.64,
            "eps_avg_yearly": 0.5,
            "eps_latest_yearly": 0.12,
            "eps_growth_yearly": 397.08
        },
        "20203": {
            "year_quarter": 20203,
            "year": 2020,
            "quarter": 3,
            "eps": 0.18,
            "eps_growth_year": 200,
            "eps_4q": 0.32,
            "eps_4q_growth_year": 1330.59,
            "roe": 1.21,
            "roe_4q": 2.1199999999999997,
            "gross_profit": null,
            "gross_margin": null,
            "gross_margin_4q_avg": 0,
            "net_income": 56168,
            "net_income_4q": null,
            "revenue": 225347,
            "revenue_4q": null,
            "common_shares": 3067559,
            "book_valuer_per_share": 15.3,
            "book_valuer_per_share_4q_avg": 14.96,
            "equity": 4693849,
            "current_ratio": 178.71,
            "debt_ratio": 53.11,
            "inventory_turnover_ratio": null,
            "account_receivable_turnover_ratio": 0.11,
            "reinvestment_rate": -66.08,
            "research_to_sale_ratio": null,
            "price_fair": 18.33,
            "eps_avg_yearly": 0.52,
            "eps_latest_yearly": 0.72,
            "eps_growth_yearly": 542.8
        },
        "20204": {
            "year_quarter": 20204,
            "year": 2020,
            "quarter": 4,
            "eps": 0.04,
            "eps_growth_year": 190.97,
            "eps_4q": 0.34,
            "eps_4q_growth_year": 304.98,
            "roe": 0.26,
            "roe_4q": 2.29,
            "gross_profit": null,
            "gross_margin": null,
            "gross_margin_4q_avg": 0,
            "net_income": 12445,
            "net_income_4q": null,
            "revenue": 205235,
            "revenue_4q": null,
            "common_shares": 3067559,
            "book_valuer_per_share": 16.22,
            "book_valuer_per_share_4q_avg": 15.23,
            "equity": 4976630,
            "current_ratio": 157.7,
            "debt_ratio": 63.63,
            "inventory_turnover_ratio": null,
            "account_receivable_turnover_ratio": 0.08,
            "reinvestment_rate": 1.18,
            "research_to_sale_ratio": null,
            "price_fair": 17.27,
            "eps_avg_yearly": 0.49,
            "eps_latest_yearly": 0.16,
            "eps_growth_yearly": 471.64
        },
        "20211": {
            "year_quarter": 20211,
            "year": 2021,
            "quarter": 1,
            "eps": 0.18,
            "eps_growth_year": 100,
            "eps_4q": 0.43,
            "eps_4q_growth_year": 143.49,
            "roe": 1.01,
            "roe_4q": 2.71,
            "gross_profit": null,
            "gross_margin": null,
            "gross_margin_4q_avg": 0,
            "net_income": 53996,
            "net_income_4q": null,
            "revenue": 248788,
            "revenue_4q": null,
            "common_shares": 3097559,
            "book_valuer_per_share": 18.29,
            "book_valuer_per_share_4q_avg": 16.19,
            "equity": 5665083,
            "current_ratio": 157.14,
            "debt_ratio": 63.88,
            "inventory_turnover_ratio": null,
            "account_receivable_turnover_ratio": 0.06,
            "reinvestment_rate": 0.62,
            "research_to_sale_ratio": null,
            "price_fair": 17.88,
            "eps_avg_yearly": 0.51,
            "eps_latest_yearly": 0.72,
            "eps_growth_yearly": 543.06
        },
        "20212": {
            "year_quarter": 20212,
            "year": 2021,
            "quarter": 2,
            "eps": 0.26,
            "eps_growth_year": 766.67,
            "eps_4q": 0.66,
            "eps_4q_growth_year": 237.35,
            "roe": 1.41,
            "roe_4q": 3.8899999999999997,
            "gross_profit": null,
            "gross_margin": null,
            "gross_margin_4q_avg": 0,
            "net_income": 80602,
            "net_income_4q": null,
            "revenue": 360219,
            "revenue_4q": null,
            "common_shares": 3098559,
            "book_valuer_per_share": 18.53,
            "book_valuer_per_share_4q_avg": 17.09,
            "equity": 5741606,
            "current_ratio": 150.23,
            "debt_ratio": 68.87,
            "inventory_turnover_ratio": null,
            "account_receivable_turnover_ratio": 0.07,
            "reinvestment_rate": 2.77,
            "research_to_sale_ratio": null,
            "price_fair": 19.28,
            "eps_avg_yearly": 0.55,
            "eps_latest_yearly": 1.04,
            "eps_growth_yearly": 562.5
        },
        "20213": {
            "year_quarter": 20213,
            "year": 2021,
            "quarter": 3,
            "eps": 0.61,
            "eps_growth_year": 238.89,
            "eps_4q": 1.08,
            "eps_4q_growth_year": 239.54,
            "roe": 3.32,
            "roe_4q": 5.999999999999999,
            "gross_profit": null,
            "gross_margin": null,
            "gross_margin_4q_avg": 0,
            "net_income": 187287,
            "net_income_4q": null,
            "revenue": 441418,
            "revenue_4q": null,
            "common_shares": 3098559,
            "book_valuer_per_share": 17.92,
            "book_valuer_per_share_4q_avg": 17.74,
            "equity": 5554047,
            "current_ratio": 160.36,
            "debt_ratio": 64.35,
            "inventory_turnover_ratio": null,
            "account_receivable_turnover_ratio": 0.09,
            "reinvestment_rate": 1.96,
            "research_to_sale_ratio": null,
            "price_fair": 23.91,
            "eps_avg_yearly": 0.68,
            "eps_latest_yearly": 2.44,
            "eps_growth_yearly": 592.09
        },
        "20214": {
            "year_quarter": 20214,
            "year": 2021,
            "quarter": 4,
            "eps": -0,
            "eps_growth_year": -107.14,
            "eps_4q": 1.04,
            "eps_4q_growth_year": 200.79,
            "roe": -0.02,
            "roe_4q": 5.72,
            "gross_profit": null,
            "gross_margin": null,
            "gross_margin_4q_avg": 0,
            "net_income": -898,
            "net_income_4q": null,
            "revenue": 254602,
            "revenue_4q": null,
            "common_shares": 3098559,
            "book_valuer_per_share": 18.04,
            "book_valuer_per_share_4q_avg": 18.2,
            "equity": 5590304,
            "current_ratio": 156.23,
            "debt_ratio": 65.96,
            "inventory_turnover_ratio": null,
            "account_receivable_turnover_ratio": 0.07,
            "reinvestment_rate": 5,
            "research_to_sale_ratio": null,
            "price_fair": 24.97,
            "eps_avg_yearly": 0.71,
            "eps_latest_yearly": 2.44,
            "eps_growth_yearly": 659.95
        },
        "20221": {
            "year_quarter": 20221,
            "year": 2022,
            "quarter": 1,
            "eps": 0.01,
            "eps_growth_year": -94.44,
            "eps_4q": 0.88,
            "eps_4q_growth_year": 104.5,
            "roe": 0.08,
            "roe_4q": 4.79,
            "gross_profit": null,
            "gross_margin": null,
            "gross_margin_4q_avg": 0,
            "net_income": 4577,
            "net_income_4q": null,
            "revenue": 219159,
            "revenue_4q": null,
            "common_shares": 3098559,
            "book_valuer_per_share": 17.53,
            "book_valuer_per_share_4q_avg": 18.01,
            "equity": 5432804,
            "current_ratio": 166.75,
            "debt_ratio": 62.03,
            "inventory_turnover_ratio": null,
            "account_receivable_turnover_ratio": 0.07,
            "reinvestment_rate": 11.16,
            "research_to_sale_ratio": null,
            "price_fair": 25.58,
            "eps_avg_yearly": 0.73,
            "eps_latest_yearly": 2.44,
            "eps_growth_yearly": 697.21
        },
        "20222": {
            "year_quarter": 20222,
            "year": 2022,
            "quarter": 2,
            "eps": 0.23,
            "eps_growth_year": -11.54,
            "eps_4q": 0.85,
            "eps_4q_growth_year": 29.06,
            "roe": 1.39,
            "roe_4q": 4.77,
            "gross_profit": null,
            "gross_margin": null,
            "gross_margin_4q_avg": 0,
            "net_income": 71270,
            "net_income_4q": null,
            "revenue": 293195,
            "revenue_4q": null,
            "common_shares": 3098309,
            "book_valuer_per_share": 15.5,
            "book_valuer_per_share_4q_avg": 17.25,
            "equity": 4803684,
            "current_ratio": 167.16,
            "debt_ratio": 62.08,
            "inventory_turnover_ratio": null,
            "account_receivable_turnover_ratio": 0.1,
            "reinvestment_rate": 12.78,
            "research_to_sale_ratio": null,
            "price_fair": 25.58,
            "eps_avg_yearly": 0.73,
            "eps_latest_yearly": 0.92,
            "eps_growth_yearly": 1469.24
        },
        "20223": {
            "year_quarter": 20223,
            "year": 2022,
            "quarter": 3,
            "eps": 0.1,
            "eps_growth_year": -83.61,
            "eps_4q": 0.34,
            "eps_4q_growth_year": -68.35,
            "roe": 0.66,
            "roe_4q": 2.11,
            "gross_profit": null,
            "gross_margin": null,
            "gross_margin_4q_avg": 0,
            "net_income": 31323,
            "net_income_4q": null,
            "revenue": 229670,
            "revenue_4q": null,
            "common_shares": 3111159,
            "book_valuer_per_share": 14.89,
            "book_valuer_per_share_4q_avg": 16.49,
            "equity": 4631944,
            "current_ratio": 176.17,
            "debt_ratio": 59.42,
            "inventory_turnover_ratio": null,
            "account_receivable_turnover_ratio": 0.1,
            "reinvestment_rate": 59.27,
            "research_to_sale_ratio": null,
            "price_fair": 22.78,
            "eps_avg_yearly": 0.65,
            "eps_latest_yearly": 0.4,
            "eps_growth_yearly": 1434.46
        },
        "20224": {
            "year_quarter": 20224,
            "year": 2022,
            "quarter": 4,
            "eps": -0.18,
            "eps_growth_year": null,
            "eps_4q": 0.17,
            "eps_4q_growth_year": -83.72,
            "roe": -1.19,
            "roe_4q": 0.94,
            "gross_profit": null,
            "gross_margin": null,
            "gross_margin_4q_avg": 0,
            "net_income": -54673,
            "net_income_4q": null,
            "revenue": 127325,
            "revenue_4q": null,
            "common_shares": 3112659,
            "book_valuer_per_share": 14.65,
            "book_valuer_per_share_4q_avg": 15.64,
            "equity": 4559950,
            "current_ratio": 167.21,
            "debt_ratio": 61.97,
            "inventory_turnover_ratio": null,
            "account_receivable_turnover_ratio": 0.07,
            "reinvestment_rate": 60.79,
            "research_to_sale_ratio": null,
            "price_fair": 22.78,
            "eps_avg_yearly": 0.65,
            "eps_latest_yearly": 0.4,
            "eps_growth_yearly": 1434.46
        },
        "20231": {
            "year_quarter": 20231,
            "year": 2023,
            "quarter": 1,
            "eps": -0.13,
            "eps_growth_year": -1400,
            "eps_4q": 0.02,
            "eps_4q_growth_year": -97.38,
            "roe": -0.84,
            "roe_4q": 0.02000000000000024,
            "gross_profit": null,
            "gross_margin": null,
            "gross_margin_4q_avg": 0,
            "net_income": -40772,
            "net_income_4q": null,
            "revenue": 164252,
            "revenue_4q": null,
            "common_shares": 3112659,
            "book_valuer_per_share": 16.39,
            "book_valuer_per_share_4q_avg": 15.36,
            "equity": 5102673,
            "current_ratio": 170.53,
            "debt_ratio": 60.93,
            "inventory_turnover_ratio": null,
            "account_receivable_turnover_ratio": 0.08,
            "reinvestment_rate": 64.5,
            "research_to_sale_ratio": null,
            "price_fair": 22.78,
            "eps_avg_yearly": 0.65,
            "eps_latest_yearly": 0.4,
            "eps_growth_yearly": 1434.46
        },
        "20232": {
            "year_quarter": 20232,
            "year": 2023,
            "quarter": 2,
            "eps": 0.49,
            "eps_growth_year": 113.04,
            "eps_4q": 0.28,
            "eps_4q_growth_year": -66.79,
            "roe": 2.86,
            "roe_4q": 1.4900000000000002,
            "gross_profit": null,
            "gross_margin": null,
            "gross_margin_4q_avg": 0,
            "net_income": 151615,
            "net_income_4q": null,
            "revenue": 351660,
            "revenue_4q": null,
            "common_shares": 3109659,
            "book_valuer_per_share": 17.69,
            "book_valuer_per_share_4q_avg": 15.91,
            "equity": 5495473,
            "current_ratio": 171.16,
            "debt_ratio": 60.68,
            "inventory_turnover_ratio": null,
            "account_receivable_turnover_ratio": 0.13,
            "reinvestment_rate": 47.91,
            "research_to_sale_ratio": null,
            "price_fair": 22.78,
            "eps_avg_yearly": 0.65,
            "eps_latest_yearly": 0.4,
            "eps_growth_yearly": 1434.46
        },
        "20233": {
            "year_quarter": 20233,
            "year": 2023,
            "quarter": 3,
            "eps": 0.2,
            "eps_growth_year": 100,
            "eps_4q": 0.38,
            "eps_4q_growth_year": 10.08,
            "roe": 1.13,
            "roe_4q": 1.96,
            "gross_profit": null,
            "gross_margin": null,
            "gross_margin_4q_avg": 0,
            "net_income": 61179,
            "net_income_4q": null,
            "revenue": 287323,
            "revenue_4q": null,
            "common_shares": 3121409,
            "book_valuer_per_share": 17.23,
            "book_valuer_per_share_4q_avg": 16.49,
            "equity": 5377845,
            "current_ratio": 170.29,
            "debt_ratio": 60.93,
            "inventory_turnover_ratio": null,
            "account_receivable_turnover_ratio": 0.1,
            "reinvestment_rate": 45.97,
            "research_to_sale_ratio": null,
            "price_fair": 24.56,
            "eps_avg_yearly": 0.7,
            "eps_latest_yearly": 0.8,
            "eps_growth_yearly": 1340.21
        },
        "20234": {
            "year_quarter": 20234,
            "year": 2023,
            "quarter": 4,
            "eps": -0.21,
            "eps_growth_year": null,
            "eps_4q": 0.34,
            "eps_4q_growth_year": 101.87,
            "roe": -1.18,
            "roe_4q": 1.9699999999999998,
            "gross_profit": null,
            "gross_margin": null,
            "gross_margin_4q_avg": 0,
            "net_income": -65878,
            "net_income_4q": null,
            "revenue": 218109,
            "revenue_4q": null,
            "common_shares": 3118159,
            "book_valuer_per_share": 18.46,
            "book_valuer_per_share_4q_avg": 17.44,
            "equity": 5755842,
            "current_ratio": 176.55,
            "debt_ratio": 61.97,
            "inventory_turnover_ratio": null,
            "account_receivable_turnover_ratio": 0.08,
            "reinvestment_rate": 53.18,
            "research_to_sale_ratio": null,
            "price_fair": 26.88,
            "eps_avg_yearly": 0.77,
            "eps_latest_yearly": 0.8,
            "eps_growth_yearly": 1507.56
        }
    },
    "months": {
        "2003-04": {
            "month": "2003-04",
            "price": "11.74",
            "revenue": 48675
        },
        "2003-05": {
            "month": "2003-05",
            "price": "7.13",
            "revenue": 88975
        },
        "2003-06": {
            "month": "2003-06",
            "price": "8.97",
            "revenue": 122518
        },
        "2003-07": {
            "month": "2003-07",
            "price": "9.27",
            "revenue": 138305
        },
        "2003-08": {
            "month": "2003-08",
            "price": "9.24",
            "revenue": 104342
        },
        "2003-09": {
            "month": "2003-09",
            "price": "9.36",
            "revenue": 65911
        },
        "2003-10": {
            "month": "2003-10",
            "price": "10.50",
            "revenue": 94603
        },
        "2003-11": {
            "month": "2003-11",
            "price": "11.07",
            "revenue": 9289
        },
        "2003-12": {
            "month": "2003-12",
            "price": "10.60",
            "revenue": 112052
        },
        "2004-01": {
            "month": "2004-01",
            "price": "12.04",
            "revenue": 117185
        },
        "2004-02": {
            "month": "2004-02",
            "price": "16.50",
            "revenue": 123989
        },
        "2004-03": {
            "month": "2004-03",
            "price": "18.95",
            "revenue": 35434
        },
        "2004-04": {
            "month": "2004-04",
            "price": "16.52",
            "revenue": 95085
        },
        "2004-05": {
            "month": "2004-05",
            "price": "12.57",
            "revenue": 71186
        },
        "2004-06": {
            "month": "2004-06",
            "price": "12.42",
            "revenue": -20694
        },
        "2004-07": {
            "month": "2004-07",
            "price": "11.16",
            "revenue": -25543
        },
        "2004-08": {
            "month": "2004-08",
            "price": "10.65",
            "revenue": 113913
        },
        "2004-09": {
            "month": "2004-09",
            "price": "12.09",
            "revenue": 52727
        },
        "2004-10": {
            "month": "2004-10",
            "price": "11.99",
            "revenue": -24102
        },
        "2004-11": {
            "month": "2004-11",
            "price": "11.67",
            "revenue": 42837
        },
        "2004-12": {
            "month": "2004-12",
            "price": "11.43",
            "revenue": 133198
        },
        "2005-01": {
            "month": "2005-01",
            "price": "11.53",
            "revenue": 536
        },
        "2005-02": {
            "month": "2005-02",
            "price": "11.49",
            "revenue": 45480
        },
        "2005-03": {
            "month": "2005-03",
            "price": "11.21",
            "revenue": 64073
        },
        "2005-04": {
            "month": "2005-04",
            "price": "9.65",
            "revenue": 55767
        },
        "2005-05": {
            "month": "2005-05",
            "price": "9.30",
            "revenue": 37927
        },
        "2005-06": {
            "month": "2005-06",
            "price": "10.53",
            "revenue": 46272
        },
        "2005-07": {
            "month": "2005-07",
            "price": "10.64",
            "revenue": 52928
        },
        "2005-08": {
            "month": "2005-08",
            "price": "9.83",
            "revenue": 42037
        },
        "2005-09": {
            "month": "2005-09",
            "price": "9.30",
            "revenue": 36903
        },
        "2005-10": {
            "month": "2005-10",
            "price": "8.93",
            "revenue": 35400
        },
        "2005-11": {
            "month": "2005-11",
            "price": "8.60",
            "revenue": 87360
        },
        "2005-12": {
            "month": "2005-12",
            "price": "9.14",
            "revenue": 52745
        },
        "2006-01": {
            "month": "2006-01",
            "price": "9.61",
            "revenue": 57720
        },
        "2006-02": {
            "month": "2006-02",
            "price": "8.93",
            "revenue": 42599
        },
        "2006-03": {
            "month": "2006-03",
            "price": "8.41",
            "revenue": 52808
        },
        "2006-04": {
            "month": "2006-04",
            "price": "9.06",
            "revenue": 103561
        },
        "2006-05": {
            "month": "2006-05",
            "price": "10.11",
            "revenue": 30948
        },
        "2006-06": {
            "month": "2006-06",
            "price": "8.98",
            "revenue": 50533
        },
        "2006-07": {
            "month": "2006-07",
            "price": "8.56",
            "revenue": 51857
        },
        "2006-08": {
            "month": "2006-08",
            "price": "8.38",
            "revenue": 48368
        },
        "2006-09": {
            "month": "2006-09",
            "price": "8.34",
            "revenue": 69873
        },
        "2006-10": {
            "month": "2006-10",
            "price": "8.89",
            "revenue": 46504
        },
        "2006-11": {
            "month": "2006-11",
            "price": "9.18",
            "revenue": 177083
        },
        "2006-12": {
            "month": "2006-12",
            "price": "10.46",
            "revenue": 47117
        },
        "2007-01": {
            "month": "2007-01",
            "price": "11.44",
            "revenue": 107810
        },
        "2007-02": {
            "month": "2007-02",
            "price": "10.92",
            "revenue": 43958
        },
        "2007-03": {
            "month": "2007-03",
            "price": "10.15",
            "revenue": 70262
        },
        "2007-04": {
            "month": "2007-04",
            "price": "10.81",
            "revenue": 77580
        },
        "2007-05": {
            "month": "2007-05",
            "price": "10.52",
            "revenue": 76813
        },
        "2007-06": {
            "month": "2007-06",
            "price": "12.06",
            "revenue": 102968
        },
        "2007-07": {
            "month": "2007-07",
            "price": "20.62",
            "revenue": 215540
        },
        "2007-08": {
            "month": "2007-08",
            "price": "20.87",
            "revenue": 59733
        },
        "2007-09": {
            "month": "2007-09",
            "price": "22.52",
            "revenue": 78737
        },
        "2007-10": {
            "month": "2007-10",
            "price": "26.87",
            "revenue": 91678
        },
        "2007-11": {
            "month": "2007-11",
            "price": "22.39",
            "revenue": 56715
        },
        "2007-12": {
            "month": "2007-12",
            "price": "17.85",
            "revenue": -14497
        },
        "2008-01": {
            "month": "2008-01",
            "price": "17.40",
            "revenue": -29702
        },
        "2008-02": {
            "month": "2008-02",
            "price": "18.51",
            "revenue": 207551
        },
        "2008-03": {
            "month": "2008-03",
            "price": "21.80",
            "revenue": 183976
        },
        "2008-04": {
            "month": "2008-04",
            "price": "24.24",
            "revenue": 141748
        },
        "2008-05": {
            "month": "2008-05",
            "price": "24.08",
            "revenue": -2459
        },
        "2008-06": {
            "month": "2008-06",
            "price": "19.09",
            "revenue": -220050
        },
        "2008-07": {
            "month": "2008-07",
            "price": "14.62",
            "revenue": 51126
        },
        "2008-08": {
            "month": "2008-08",
            "price": "14.84",
            "revenue": 45374
        },
        "2008-09": {
            "month": "2008-09",
            "price": "11.19",
            "revenue": 43289
        },
        "2008-10": {
            "month": "2008-10",
            "price": "7.12",
            "revenue": 31067
        },
        "2008-11": {
            "month": "2008-11",
            "price": "7.57",
            "revenue": 28349
        },
        "2008-12": {
            "month": "2008-12",
            "price": "7.38",
            "revenue": 33582
        },
        "2009-01": {
            "month": "2009-01",
            "price": "6.78",
            "revenue": 22796
        },
        "2009-02": {
            "month": "2009-02",
            "price": "6.40",
            "revenue": 32234
        },
        "2009-03": {
            "month": "2009-03",
            "price": "7.56",
            "revenue": 52586
        },
        "2009-04": {
            "month": "2009-04",
            "price": "10.31",
            "revenue": 251228
        },
        "2009-05": {
            "month": "2009-05",
            "price": "12.65",
            "revenue": 219128
        },
        "2009-06": {
            "month": "2009-06",
            "price": "13.08",
            "revenue": -5788
        },
        "2009-07": {
            "month": "2009-07",
            "price": "13.08",
            "revenue": 133170
        },
        "2009-08": {
            "month": "2009-08",
            "price": "12.00",
            "revenue": 14489
        },
        "2009-09": {
            "month": "2009-09",
            "price": "14.12",
            "revenue": 168722
        },
        "2009-10": {
            "month": "2009-10",
            "price": "15.82",
            "revenue": 42763
        },
        "2009-11": {
            "month": "2009-11",
            "price": "15.89",
            "revenue": 46687
        },
        "2009-12": {
            "month": "2009-12",
            "price": "17.02",
            "revenue": 191256
        },
        "2010-01": {
            "month": "2010-01",
            "price": "21.01",
            "revenue": 83181
        },
        "2010-02": {
            "month": "2010-02",
            "price": "17.64",
            "revenue": 37452
        },
        "2010-03": {
            "month": "2010-03",
            "price": "18.08",
            "revenue": 70212
        },
        "2010-04": {
            "month": "2010-04",
            "price": "18.60",
            "revenue": 90172
        },
        "2010-05": {
            "month": "2010-05",
            "price": "15.86",
            "revenue": 51888
        },
        "2010-06": {
            "month": "2010-06",
            "price": "14.66",
            "revenue": 48619
        },
        "2010-07": {
            "month": "2010-07",
            "price": "16.17",
            "revenue": 75822
        },
        "2010-08": {
            "month": "2010-08",
            "price": "17.50",
            "revenue": 91324
        },
        "2010-09": {
            "month": "2010-09",
            "price": "17.02",
            "revenue": 66493
        },
        "2010-10": {
            "month": "2010-10",
            "price": "17.47",
            "revenue": 54212
        },
        "2010-11": {
            "month": "2010-11",
            "price": "16.55",
            "revenue": 54944
        },
        "2010-12": {
            "month": "2010-12",
            "price": "18.26",
            "revenue": 71819
        },
        "2011-01": {
            "month": "2011-01",
            "price": "19.52",
            "revenue": 78303
        },
        "2011-02": {
            "month": "2011-02",
            "price": "17.15",
            "revenue": 35519
        },
        "2011-03": {
            "month": "2011-03",
            "price": "15.51",
            "revenue": 63525
        },
        "2011-04": {
            "month": "2011-04",
            "price": "15.88",
            "revenue": 50862
        },
        "2011-05": {
            "month": "2011-05",
            "price": "16.31",
            "revenue": 52606
        },
        "2011-06": {
            "month": "2011-06",
            "price": "15.89",
            "revenue": 47722
        },
        "2011-07": {
            "month": "2011-07",
            "price": "15.70",
            "revenue": 67752
        },
        "2011-08": {
            "month": "2011-08",
            "price": "14.29",
            "revenue": 94677
        },
        "2011-09": {
            "month": "2011-09",
            "price": "12.33",
            "revenue": 46603
        },
        "2011-10": {
            "month": "2011-10",
            "price": "11.85",
            "revenue": 31933
        },
        "2011-11": {
            "month": "2011-11",
            "price": "11.55",
            "revenue": 34542
        },
        "2011-12": {
            "month": "2011-12",
            "price": "10.03",
            "revenue": 31266
        },
        "2012-01": {
            "month": "2012-01",
            "price": "9.89",
            "revenue": 88676
        },
        "2012-02": {
            "month": "2012-02",
            "price": "13.24",
            "revenue": 154480
        },
        "2012-03": {
            "month": "2012-03",
            "price": "13.43",
            "revenue": 5742
        },
        "2012-04": {
            "month": "2012-04",
            "price": "10.60",
            "revenue": -31043
        },
        "2012-05": {
            "month": "2012-05",
            "price": "10.00",
            "revenue": 17661
        },
        "2012-06": {
            "month": "2012-06",
            "price": "9.65",
            "revenue": 40363
        },
        "2012-07": {
            "month": "2012-07",
            "price": "9.62",
            "revenue": 60979
        },
        "2012-08": {
            "month": "2012-08",
            "price": "10.79",
            "revenue": 38517
        },
        "2012-09": {
            "month": "2012-09",
            "price": "10.92",
            "revenue": 100326
        },
        "2012-10": {
            "month": "2012-10",
            "price": "10.28",
            "revenue": -15270
        },
        "2012-11": {
            "month": "2012-11",
            "price": "9.85",
            "revenue": 84428
        },
        "2012-12": {
            "month": "2012-12",
            "price": "10.58",
            "revenue": 76855
        },
        "2013-01": {
            "month": "2013-01",
            "price": "11.31",
            "revenue": 85609
        },
        "2013-02": {
            "month": "2013-02",
            "price": "11.61",
            "revenue": 73907
        },
        "2013-03": {
            "month": "2013-03",
            "price": "11.18",
            "revenue": 28443
        },
        "2013-04": {
            "month": "2013-04",
            "price": "10.29",
            "revenue": 55739
        },
        "2013-05": {
            "month": "2013-05",
            "price": "12.04",
            "revenue": 60539
        },
        "2013-06": {
            "month": "2013-06",
            "price": "13.73",
            "revenue": 20982
        },
        "2013-07": {
            "month": "2013-07",
            "price": "12.67",
            "revenue": 103888
        },
        "2013-08": {
            "month": "2013-08",
            "price": "12.14",
            "revenue": 28844
        },
        "2013-09": {
            "month": "2013-09",
            "price": "13.14",
            "revenue": 67960
        },
        "2013-10": {
            "month": "2013-10",
            "price": "13.60",
            "revenue": 110738
        },
        "2013-11": {
            "month": "2013-11",
            "price": "13.18",
            "revenue": 41390
        },
        "2013-12": {
            "month": "2013-12",
            "price": "13.87",
            "revenue": 57469
        },
        "2014-01": {
            "month": "2014-01",
            "price": "16.89",
            "revenue": 11160
        },
        "2014-02": {
            "month": "2014-02",
            "price": "15.71",
            "revenue": 82278
        },
        "2014-03": {
            "month": "2014-03",
            "price": "16.15",
            "revenue": 53799
        },
        "2014-04": {
            "month": "2014-04",
            "price": "15.52",
            "revenue": 53596
        },
        "2014-05": {
            "month": "2014-05",
            "price": "14.76",
            "revenue": 147250
        },
        "2014-06": {
            "month": "2014-06",
            "price": "16.20",
            "revenue": 116360
        },
        "2014-07": {
            "month": "2014-07",
            "price": "16.38",
            "revenue": 50364
        },
        "2014-08": {
            "month": "2014-08",
            "price": "15.28",
            "revenue": -69164
        },
        "2014-09": {
            "month": "2014-09",
            "price": "15.00",
            "revenue": 4986
        },
        "2014-10": {
            "month": "2014-10",
            "price": "13.93",
            "revenue": -27422
        },
        "2014-11": {
            "month": "2014-11",
            "price": "13.68",
            "revenue": 35866
        },
        "2014-12": {
            "month": "2014-12",
            "price": "14.82",
            "revenue": 139742
        },
        "2015-01": {
            "month": "2015-01",
            "price": "14.96",
            "revenue": 51063
        },
        "2015-02": {
            "month": "2015-02",
            "price": "14.89",
            "revenue": 75811
        },
        "2015-03": {
            "month": "2015-03",
            "price": "14.60",
            "revenue": 38391
        },
        "2015-04": {
            "month": "2015-04",
            "price": "15.00",
            "revenue": 122670
        },
        "2015-05": {
            "month": "2015-05",
            "price": "14.94",
            "revenue": 18033
        },
        "2015-06": {
            "month": "2015-06",
            "price": "13.58",
            "revenue": -8449
        },
        "2015-07": {
            "month": "2015-07",
            "price": "11.70",
            "revenue": -22443
        },
        "2015-08": {
            "month": "2015-08",
            "price": "9.85",
            "revenue": -23860
        },
        "2015-09": {
            "month": "2015-09",
            "price": "10.45",
            "revenue": 46678
        },
        "2015-10": {
            "month": "2015-10",
            "price": "10.97",
            "revenue": 47705
        },
        "2015-11": {
            "month": "2015-11",
            "price": "11.58",
            "revenue": 28654
        },
        "2015-12": {
            "month": "2015-12",
            "price": "10.52",
            "revenue": 32361
        },
        "2016-01": {
            "month": "2016-01",
            "price": "9.60",
            "revenue": -30744
        },
        "2016-02": {
            "month": "2016-02",
            "price": "9.95",
            "revenue": 50890
        },
        "2016-03": {
            "month": "2016-03",
            "price": "10.28",
            "revenue": 62682
        },
        "2016-04": {
            "month": "2016-04",
            "price": "9.25",
            "revenue": -10076
        },
        "2016-05": {
            "month": "2016-05",
            "price": "8.59",
            "revenue": 29604
        },
        "2016-06": {
            "month": "2016-06",
            "price": "8.52",
            "revenue": 22628
        },
        "2016-07": {
            "month": "2016-07",
            "price": "8.77",
            "revenue": 51094
        },
        "2016-08": {
            "month": "2016-08",
            "price": "8.85",
            "revenue": 56890
        },
        "2016-09": {
            "month": "2016-09",
            "price": "8.43",
            "revenue": 33373
        },
        "2016-10": {
            "month": "2016-10",
            "price": "8.03",
            "revenue": 14629
        },
        "2016-11": {
            "month": "2016-11",
            "price": "7.91",
            "revenue": 30877
        },
        "2016-12": {
            "month": "2016-12",
            "price": "8.21",
            "revenue": 42116
        },
        "2017-01": {
            "month": "2017-01",
            "price": "8.21",
            "revenue": 29979
        },
        "2017-02": {
            "month": "2017-02",
            "price": "9.72",
            "revenue": 64607
        },
        "2017-03": {
            "month": "2017-03",
            "price": "10.18",
            "revenue": 61990
        },
        "2017-04": {
            "month": "2017-04",
            "price": "9.86",
            "revenue": 27119
        },
        "2017-05": {
            "month": "2017-05",
            "price": "9.46",
            "revenue": 41736
        },
        "2017-06": {
            "month": "2017-06",
            "price": "9.57",
            "revenue": 53004
        },
        "2017-07": {
            "month": "2017-07",
            "price": "9.77",
            "revenue": 43671
        },
        "2017-08": {
            "month": "2017-08",
            "price": "9.72",
            "revenue": 75585
        },
        "2017-09": {
            "month": "2017-09",
            "price": "10.54",
            "revenue": 56078
        },
        "2017-10": {
            "month": "2017-10",
            "price": "10.59",
            "revenue": 66631
        },
        "2017-11": {
            "month": "2017-11",
            "price": "10.60",
            "revenue": 65415
        },
        "2017-12": {
            "month": "2017-12",
            "price": "10.65",
            "revenue": 42632
        },
        "2018-01": {
            "month": "2018-01",
            "price": "10.81",
            "revenue": 83131
        },
        "2018-02": {
            "month": "2018-02",
            "price": "10.27",
            "revenue": 25390
        },
        "2018-03": {
            "month": "2018-03",
            "price": "10.07",
            "revenue": 53361
        },
        "2018-04": {
            "month": "2018-04",
            "price": "10.18",
            "revenue": 51669
        },
        "2018-05": {
            "month": "2018-05",
            "price": "10.22",
            "revenue": 69875
        },
        "2018-06": {
            "month": "2018-06",
            "price": "9.00",
            "revenue": 66870
        },
        "2018-07": {
            "month": "2018-07",
            "price": "8.96",
            "revenue": 58222
        },
        "2018-08": {
            "month": "2018-08",
            "price": "11.28",
            "revenue": 54341
        },
        "2018-09": {
            "month": "2018-09",
            "price": "11.57",
            "revenue": 38915
        },
        "2018-10": {
            "month": "2018-10",
            "price": "11.45",
            "revenue": 32414
        },
        "2018-11": {
            "month": "2018-11",
            "price": "11.24",
            "revenue": 39981
        },
        "2018-12": {
            "month": "2018-12",
            "price": "11.12",
            "revenue": 38623
        },
        "2019-01": {
            "month": "2019-01",
            "price": "10.87",
            "revenue": 36378
        },
        "2019-02": {
            "month": "2019-02",
            "price": "10.95",
            "revenue": 32372
        },
        "2019-03": {
            "month": "2019-03",
            "price": "10.98",
            "revenue": 43305
        },
        "2019-04": {
            "month": "2019-04",
            "price": "11.09",
            "revenue": 46944
        },
        "2019-05": {
            "month": "2019-05",
            "price": "12.04",
            "revenue": 50792
        },
        "2019-06": {
            "month": "2019-06",
            "price": "12.36",
            "revenue": 30933
        },
        "2019-07": {
            "month": "2019-07",
            "price": "11.97",
            "revenue": 46576
        },
        "2019-08": {
            "month": "2019-08",
            "price": "11.89",
            "revenue": 48297
        },
        "2019-09": {
            "month": "2019-09",
            "price": "12.15",
            "revenue": 38383
        },
        "2019-10": {
            "month": "2019-10",
            "price": "12.40",
            "revenue": 44067
        },
        "2019-11": {
            "month": "2019-11",
            "price": "12.15",
            "revenue": 47218
        },
        "2019-12": {
            "month": "2019-12",
            "price": "12.17",
            "revenue": 46300
        },
        "2020-01": {
            "month": "2020-01",
            "price": "13.12",
            "revenue": 44333
        },
        "2020-02": {
            "month": "2020-02",
            "price": "13.78",
            "revenue": 45680
        },
        "2020-03": {
            "month": "2020-03",
            "price": "13.78",
            "revenue": 67945
        },
        "2020-04": {
            "month": "2020-04",
            "price": "12.80",
            "revenue": 42461
        },
        "2020-05": {
            "month": "2020-05",
            "price": "13.00",
            "revenue": 53572
        },
        "2020-06": {
            "month": "2020-06",
            "price": "14.49",
            "revenue": 45866
        },
        "2020-07": {
            "month": "2020-07",
            "price": "15.99",
            "revenue": 97540
        },
        "2020-08": {
            "month": "2020-08",
            "price": "15.99",
            "revenue": 67842
        },
        "2020-09": {
            "month": "2020-09",
            "price": "15.55",
            "revenue": 59964
        },
        "2020-10": {
            "month": "2020-10",
            "price": "16.37",
            "revenue": 48088
        },
        "2020-11": {
            "month": "2020-11",
            "price": "18.01",
            "revenue": 67007
        },
        "2020-12": {
            "month": "2020-12",
            "price": "18.17",
            "revenue": 90142
        },
        "2021-01": {
            "month": "2021-01",
            "price": "20.98",
            "revenue": 94474
        },
        "2021-02": {
            "month": "2021-02",
            "price": "20.26",
            "revenue": 54588
        },
        "2021-03": {
            "month": "2021-03",
            "price": "20.00",
            "revenue": 99726
        },
        "2021-04": {
            "month": "2021-04",
            "price": "22.57",
            "revenue": 113969
        },
        "2021-05": {
            "month": "2021-05",
            "price": "22.12",
            "revenue": 120529
        },
        "2021-06": {
            "month": "2021-06",
            "price": "21.14",
            "revenue": 125720
        },
        "2021-07": {
            "month": "2021-07",
            "price": "21.62",
            "revenue": 257261
        },
        "2021-08": {
            "month": "2021-08",
            "price": "22.45",
            "revenue": 104924
        },
        "2021-09": {
            "month": "2021-09",
            "price": "22.13",
            "revenue": 77516
        },
        "2021-10": {
            "month": "2021-10",
            "price": "21.49",
            "revenue": 72659
        },
        "2021-11": {
            "month": "2021-11",
            "price": "21.47",
            "revenue": 95155
        },
        "2021-12": {
            "month": "2021-12",
            "price": "21.33",
            "revenue": 82920
        },
        "2022-01": {
            "month": "2022-01",
            "price": "21.34",
            "revenue": 75501
        },
        "2022-02": {
            "month": "2022-02",
            "price": "21.65",
            "revenue": 55510
        },
        "2022-03": {
            "month": "2022-03",
            "price": "20.67",
            "revenue": 83412
        },
        "2022-04": {
            "month": "2022-04",
            "price": "20.30",
            "revenue": 114614
        },
        "2022-05": {
            "month": "2022-05",
            "price": "20.49",
            "revenue": 55575
        },
        "2022-06": {
            "month": "2022-06",
            "price": "20.25",
            "revenue": 116443
        },
        "2022-07": {
            "month": "2022-07",
            "price": "19.90",
            "revenue": 101825
        },
        "2022-08": {
            "month": "2022-08",
            "price": "19.84",
            "revenue": 57796
        },
        "2022-09": {
            "month": "2022-09",
            "price": "19.36",
            "revenue": 62312
        },
        "2022-10": {
            "month": "2022-10",
            "price": "19.63",
            "revenue": 45003
        },
        "2022-11": {
            "month": "2022-11",
            "price": "19.21",
            "revenue": 24883
        },
        "2022-12": {
            "month": "2022-12",
            "price": "19.04",
            "revenue": 50952
        },
        "2023-01": {
            "month": "2023-01",
            "price": "18.68",
            "revenue": 15468
        },
        "2023-02": {
            "month": "2023-02",
            "price": "18.08",
            "revenue": 60033
        },
        "2023-03": {
            "month": "2023-03",
            "price": "17.43",
            "revenue": 83846
        },
        "2023-04": {
            "month": "2023-04",
            "price": "17.12",
            "revenue": 106415
        },
        "2023-05": {
            "month": "2023-05",
            "price": "16.16",
            "revenue": 102497
        },
        "2023-06": {
            "month": "2023-06",
            "price": "15.51",
            "revenue": 142748
        },
        "2023-07": {
            "month": "2023-07",
            "price": "15.15",
            "revenue": 159708
        },
        "2023-08": {
            "month": "2023-08",
            "price": "14.80",
            "revenue": 66487
        },
        "2023-09": {
            "month": "2023-09",
            "price": "14.81",
            "revenue": 61128
        },
        "2023-10": {
            "month": "2023-10",
            "price": "14.68",
            "revenue": 54110
        },
        "2023-11": {
            "month": "2023-11",
            "price": "14.73",
            "revenue": 73449
        },
        "2023-12": {
            "month": "2023-12",
            "price": "14.87",
            "revenue": 88775
        }
    }
}
