{
    "summary": {
        "stock_name": "大眾證",
        "stock_id": "6022",
        "category": "金融",
        "main_business": "證券業務<BR>期貨業務",
        "website_url": "",
        "ceo": "王登立",
        "pe_ratio": -223,
        "report_year_from": 2002,
        "report_year_to": 2017,
        "age": 22,
        "eps_negative_percentage": 25,
        "eps_growth_avg": {
            "last_all": -14.66,
            "last_2y": -5.51,
            "last_4y": 6.68,
            "last_8y": null,
            "last_12y": null,
            "last_16y": null,
            "last_20y": null,
            "at_2006_last_3y": null,
            "at_2007_last_3y": null,
            "at_2008_last_3y": null,
            "at_2009_last_3y": null,
            "at_2010_last_3y": null,
            "at_2011_last_3y": null,
            "at_2012_last_3y": null,
            "at_2013_last_3y": null,
            "at_2014_last_3y": -28.38,
            "at_2015_last_3y": 12.19,
            "at_2016_last_3y": -24.43,
            "at_2017_last_3y": 6.68,
            "at_2018_last_3y": 6.68,
            "at_2019_last_3y": 6.68,
            "at_2020_last_3y": 6.68,
            "at_2021_last_3y": 6.68,
            "at_2022_last_3y": 6.68,
            "at_2023_last_3y": 6.68,
            "at_2024_last_3y": 6.68,
            "at_2006_last_all": null,
            "at_2007_last_all": null,
            "at_2008_last_all": null,
            "at_2009_last_all": null,
            "at_2010_last_all": null,
            "at_2011_last_all": null,
            "at_2012_last_all": -100,
            "at_2013_last_all": -100,
            "at_2014_last_all": -28.38,
            "at_2015_last_all": -25.21,
            "at_2016_last_all": -43.32,
            "at_2017_last_all": -14.66,
            "at_2018_last_all": -14.66,
            "at_2019_last_all": -14.66,
            "at_2020_last_all": -14.66,
            "at_2021_last_all": -14.66,
            "at_2022_last_all": -14.66,
            "at_2023_last_all": -14.66,
            "at_2024_last_all": -14.66
        },
        "latest_eps": -0.05,
        "latest_price": 11.15,
        "latest_roe": -0.38,
        "latest_gross_margin": null,
        "latest_equity": 4619565,
        "latest_revenue": 131719,
        "latest_gross_profit": null,
        "latest_net_income": -10340,
        "latest_debt_ratio": 56.95,
        "latest_current_ratio": 159.49,
        "latest_account_receivable_turnover_ratio": 0.09,
        "latest_inventory_turnover_ratio": null,
        "latest_reinvestment_rate": 20,
        "latest_research_to_sale_ratio": null
    },
    "eps_dividends": {
        "2001": {
            "cash": 0,
            "stock": 0,
            "eps": 0
        },
        "2002": {
            "cash": 0,
            "stock": 0,
            "eps": 0
        },
        "2003": {
            "cash": 0,
            "stock": 0,
            "eps": 0
        },
        "2004": {
            "cash": 0.3,
            "stock": 0,
            "eps": 0
        },
        "2005": {
            "cash": 0,
            "stock": 0.61,
            "eps": 0
        },
        "2006": {
            "cash": 0.13,
            "stock": 0,
            "eps": 0
        },
        "2007": {
            "cash": 0,
            "stock": 0,
            "eps": 0
        },
        "2008": {
            "cash": 0,
            "stock": 1.18,
            "eps": 0
        },
        "2009": {
            "cash": 0,
            "stock": 0,
            "eps": 0
        },
        "2010": {
            "cash": 0,
            "stock": 2.21,
            "eps": 0.2
        },
        "2011": {
            "cash": 0.34,
            "stock": 0,
            "eps": -0.3
        },
        "2012": {
            "cash": 0,
            "stock": 0,
            "eps": -0.02
        },
        "2013": {
            "cash": 0,
            "stock": 0,
            "eps": 0.37
        },
        "2014": {
            "cash": 0.23,
            "stock": 0,
            "eps": 0.53
        },
        "2015": {
            "cash": 0.38,
            "stock": 0,
            "eps": 0.43
        },
        "2016": {
            "cash": 0.28,
            "stock": 0,
            "eps": 0.01
        },
        "2017": {
            "cash": 0,
            "stock": 0,
            "eps": 0.03
        }
    },
    "dividends": {
        "2004-04-08": {
            "cash": 0.3,
            "stock": 0
        },
        "2005-04-12": {
            "cash": 0,
            "stock": 0.61
        },
        "2006-04-07": {
            "cash": 0.13,
            "stock": 0
        },
        "2008-05-14": {
            "cash": 0,
            "stock": 1.18
        },
        "2010-05-26": {
            "cash": 0,
            "stock": 2.21
        },
        "2011-04-21": {
            "cash": 0.34,
            "stock": 0
        },
        "2014-07-31": {
            "cash": 0.23,
            "stock": 0
        },
        "2015-04-28": {
            "cash": 0.38,
            "stock": 0
        },
        "2016-06-07": {
            "cash": 0.28,
            "stock": 0
        }
    },
    "prices": {
        "200101": "無",
        "200102": "無",
        "200103": "無",
        "200104": "無",
        "200105": "無",
        "200106": "無",
        "200107": "無",
        "200108": "無",
        "200109": "無",
        "200110": "無",
        "200111": "無",
        "200112": "無",
        "200201": "無",
        "200202": "無",
        "200203": "無",
        "200204": "無",
        "200205": "無",
        "200206": "無",
        "200207": "無",
        "200208": "無",
        "200209": "無",
        "200210": "無",
        "200211": "無",
        "200212": "無",
        "200301": "無",
        "200302": "無",
        "200303": "無",
        "200304": "無",
        "200305": "無",
        "200306": "無",
        "200307": "無",
        "200308": "無",
        "200309": "無",
        "200310": "無",
        "200311": "無",
        "200312": "無",
        "200401": "無",
        "200402": "無",
        "200403": "無",
        "200404": "無",
        "200405": "無",
        "200406": "無",
        "200407": "無",
        "200408": "8.85",
        "200409": "8.71",
        "200410": "8.81",
        "200411": "8.95",
        "200412": "8.98",
        "200501": "9.16",
        "200502": "9.11",
        "200503": "9.54",
        "200504": "10.14",
        "200505": "10.01",
        "200506": "10.00",
        "200507": "9.05",
        "200508": "10.37",
        "200509": "8.38",
        "200510": "9.02",
        "200511": "8.76",
        "200512": "8.53",
        "200601": "8.65",
        "200602": "8.17",
        "200603": "7.64",
        "200604": "8.17",
        "200605": "9.36",
        "200606": "7.83",
        "200607": "7.46",
        "200608": "7.37",
        "200609": "7.49",
        "200610": "7.98",
        "200611": "8.32",
        "200612": "9.49",
        "200701": "10.28",
        "200702": "9.98",
        "200703": "9.78",
        "200704": "10.24",
        "200705": "10.26",
        "200706": "11.82",
        "200707": "22.99",
        "200708": "25.16",
        "200709": "25.88",
        "200710": "28.20",
        "200711": "23.73",
        "200712": "18.77",
        "200801": "18.10",
        "200802": "18.08",
        "200803": "20.08",
        "200804": "22.18",
        "200805": "19.68",
        "200806": "15.14",
        "200807": "11.96",
        "200808": "11.42",
        "200809": "8.82",
        "200810": "6.00",
        "200811": "6.89",
        "200812": "7.18",
        "200901": "6.61",
        "200902": "6.26",
        "200903": "7.47",
        "200904": "11.38",
        "200905": "15.16",
        "200906": "16.68",
        "200907": "16.09",
        "200908": "14.98",
        "200909": "16.23",
        "200910": "16.79",
        "200911": "15.80",
        "200912": "16.24",
        "201001": "18.59",
        "201002": "15.64",
        "201003": "16.55",
        "201004": "17.59",
        "201005": "16.00",
        "201006": "15.26",
        "201007": "15.68",
        "201008": "13.80",
        "201009": "13.10",
        "201010": "13.05",
        "201011": "12.32",
        "201012": "13.56",
        "201101": "13.68",
        "201102": "12.35",
        "201103": "11.42",
        "201104": "11.58",
        "201105": "11.92",
        "201106": "11.44",
        "201107": "11.18",
        "201108": "9.46",
        "201109": "9.00",
        "201110": "9.08",
        "201111": "8.48",
        "201112": "7.31",
        "201201": "7.16",
        "201202": "10.20",
        "201203": "9.97",
        "201204": "8.07",
        "201205": "7.89",
        "201206": "7.50",
        "201207": "7.78",
        "201208": "8.51",
        "201209": "8.52",
        "201210": "7.84",
        "201211": "7.29",
        "201212": "7.98",
        "201301": "8.12",
        "201302": "8.29",
        "201303": "8.06",
        "201304": "7.63",
        "201305": "8.62",
        "201306": "9.21",
        "201307": "8.82",
        "201308": "8.25",
        "201309": "8.92",
        "201310": "9.13",
        "201311": "8.83",
        "201312": "9.22",
        "201401": "11.15",
        "201402": "10.55",
        "201403": "11.14",
        "201404": "10.99",
        "201405": "10.53",
        "201406": "11.41",
        "201407": "12.51",
        "201408": "11.06",
        "201409": "10.81",
        "201410": "10.09",
        "201411": "9.79",
        "201412": "10.82",
        "201501": "11.44",
        "201502": "11.41",
        "201503": "10.97",
        "201504": "11.56",
        "201505": "11.76",
        "201506": "10.83",
        "201507": "9.93",
        "201508": "8.78",
        "201509": "9.61",
        "201510": "9.80",
        "201511": "10.28",
        "201512": "9.68",
        "201601": "8.92",
        "201602": "9.27",
        "201603": "9.20",
        "201604": "8.57",
        "201605": "8.21",
        "201606": "8.20",
        "201607": "8.37",
        "201608": "8.38",
        "201609": "8.14",
        "201610": "7.85",
        "201611": "7.69",
        "201612": "8.16",
        "201701": "8.68",
        "201702": "9.68",
        "201703": "10.67",
        "201704": "11.00",
        "201705": "11.06",
        "201706": "11.07",
        "201707": "11.10",
        "201708": "11.11",
        "201709": "無",
        "201710": "無",
        "201711": "無",
        "201712": "無",
        "201801": "無",
        "201802": "無",
        "201803": "無",
        "201804": "無",
        "201805": "無",
        "201806": "無",
        "201807": "無",
        "201808": "無",
        "201809": "無",
        "201810": "無",
        "201811": "無",
        "201812": "無",
        "201901": "無",
        "201902": "無",
        "201903": "無",
        "201904": "無",
        "201905": "無",
        "201906": "無",
        "201907": "無",
        "201908": "無",
        "201909": "無",
        "201910": "無",
        "201911": "無",
        "201912": "無",
        "202001": "無",
        "202002": "無",
        "202003": "無",
        "202004": "無",
        "202005": "無",
        "202006": "無",
        "202007": "無",
        "202008": "無",
        "202009": "無",
        "202010": "無",
        "202011": "無",
        "202012": "無",
        "202101": "無",
        "202102": "無",
        "202103": "無",
        "202104": "無",
        "202105": "無",
        "202106": "無",
        "202107": "無",
        "202108": "無",
        "202109": "無",
        "202110": "無",
        "202111": "無",
        "202112": "無",
        "202201": "無",
        "202202": "無",
        "202203": "無",
        "202204": "無",
        "202205": "無",
        "202206": "無",
        "202207": "無",
        "202208": "無",
        "202209": "無",
        "202210": "無",
        "202211": "無",
        "202212": "無",
        "202301": "無",
        "202302": "無",
        "202303": "無",
        "202304": "無",
        "202305": "無",
        "202306": "無",
        "202307": "無",
        "202308": "無",
        "202309": "無",
        "202310": "無",
        "202311": "無",
        "202312": "無",
        "202401": "無",
        "202402": "無",
        "202403": "無",
        "202404": "無"
    },
    "quarters": {
        "20011": {
            "year_quarter": 20011,
            "year": 2001,
            "quarter": 1,
            "eps": null,
            "eps_growth_year": null,
            "eps_4q": null,
            "eps_4q_growth_year": null,
            "roe": null,
            "roe_4q": 0,
            "gross_profit": null,
            "gross_margin": null,
            "gross_margin_4q_avg": 0,
            "net_income": null,
            "net_income_4q": null,
            "revenue": null,
            "revenue_4q": null,
            "common_shares": null,
            "book_valuer_per_share": null,
            "book_valuer_per_share_4q_avg": 0,
            "equity": null,
            "current_ratio": null,
            "debt_ratio": null,
            "inventory_turnover_ratio": null,
            "account_receivable_turnover_ratio": null,
            "reinvestment_rate": null,
            "research_to_sale_ratio": null,
            "price_fair": 0,
            "eps_avg_yearly": 0,
            "eps_latest_yearly": 0,
            "eps_growth_yearly": 0
        },
        "20012": {
            "year_quarter": 20012,
            "year": 2001,
            "quarter": 2,
            "eps": null,
            "eps_growth_year": null,
            "eps_4q": null,
            "eps_4q_growth_year": null,
            "roe": null,
            "roe_4q": 0,
            "gross_profit": null,
            "gross_margin": null,
            "gross_margin_4q_avg": 0,
            "net_income": null,
            "net_income_4q": null,
            "revenue": null,
            "revenue_4q": null,
            "common_shares": null,
            "book_valuer_per_share": null,
            "book_valuer_per_share_4q_avg": 0,
            "equity": null,
            "current_ratio": null,
            "debt_ratio": null,
            "inventory_turnover_ratio": null,
            "account_receivable_turnover_ratio": null,
            "reinvestment_rate": null,
            "research_to_sale_ratio": null,
            "price_fair": 0,
            "eps_avg_yearly": 0,
            "eps_latest_yearly": 0,
            "eps_growth_yearly": 0
        },
        "20013": {
            "year_quarter": 20013,
            "year": 2001,
            "quarter": 3,
            "eps": null,
            "eps_growth_year": null,
            "eps_4q": null,
            "eps_4q_growth_year": null,
            "roe": null,
            "roe_4q": 0,
            "gross_profit": null,
            "gross_margin": null,
            "gross_margin_4q_avg": 0,
            "net_income": null,
            "net_income_4q": null,
            "revenue": null,
            "revenue_4q": null,
            "common_shares": null,
            "book_valuer_per_share": null,
            "book_valuer_per_share_4q_avg": 0,
            "equity": null,
            "current_ratio": null,
            "debt_ratio": null,
            "inventory_turnover_ratio": null,
            "account_receivable_turnover_ratio": null,
            "reinvestment_rate": null,
            "research_to_sale_ratio": null,
            "price_fair": 0,
            "eps_avg_yearly": 0,
            "eps_latest_yearly": 0,
            "eps_growth_yearly": 0
        },
        "20014": {
            "year_quarter": 20014,
            "year": 2001,
            "quarter": 4,
            "eps": null,
            "eps_growth_year": null,
            "eps_4q": null,
            "eps_4q_growth_year": null,
            "roe": null,
            "roe_4q": 0,
            "gross_profit": null,
            "gross_margin": null,
            "gross_margin_4q_avg": 0,
            "net_income": null,
            "net_income_4q": null,
            "revenue": null,
            "revenue_4q": null,
            "common_shares": null,
            "book_valuer_per_share": null,
            "book_valuer_per_share_4q_avg": 0,
            "equity": null,
            "current_ratio": null,
            "debt_ratio": null,
            "inventory_turnover_ratio": null,
            "account_receivable_turnover_ratio": null,
            "reinvestment_rate": null,
            "research_to_sale_ratio": null,
            "price_fair": 0,
            "eps_avg_yearly": 0,
            "eps_latest_yearly": 0,
            "eps_growth_yearly": 0
        },
        "20021": {
            "year_quarter": 20021,
            "year": 2002,
            "quarter": 1,
            "eps": null,
            "eps_growth_year": null,
            "eps_4q": null,
            "eps_4q_growth_year": null,
            "roe": null,
            "roe_4q": 0,
            "gross_profit": null,
            "gross_margin": null,
            "gross_margin_4q_avg": 0,
            "net_income": null,
            "net_income_4q": null,
            "revenue": null,
            "revenue_4q": null,
            "common_shares": null,
            "book_valuer_per_share": null,
            "book_valuer_per_share_4q_avg": 0,
            "equity": null,
            "current_ratio": null,
            "debt_ratio": null,
            "inventory_turnover_ratio": null,
            "account_receivable_turnover_ratio": null,
            "reinvestment_rate": null,
            "research_to_sale_ratio": null,
            "price_fair": 0,
            "eps_avg_yearly": 0,
            "eps_latest_yearly": 0,
            "eps_growth_yearly": 0
        },
        "20022": {
            "year_quarter": 20022,
            "year": 2002,
            "quarter": 2,
            "eps": null,
            "eps_growth_year": null,
            "eps_4q": null,
            "eps_4q_growth_year": null,
            "roe": null,
            "roe_4q": 0,
            "gross_profit": null,
            "gross_margin": null,
            "gross_margin_4q_avg": 0,
            "net_income": null,
            "net_income_4q": null,
            "revenue": null,
            "revenue_4q": null,
            "common_shares": null,
            "book_valuer_per_share": null,
            "book_valuer_per_share_4q_avg": 0,
            "equity": null,
            "current_ratio": null,
            "debt_ratio": null,
            "inventory_turnover_ratio": null,
            "account_receivable_turnover_ratio": null,
            "reinvestment_rate": null,
            "research_to_sale_ratio": null,
            "price_fair": 0,
            "eps_avg_yearly": 0,
            "eps_latest_yearly": 0,
            "eps_growth_yearly": 0
        },
        "20023": {
            "year_quarter": 20023,
            "year": 2002,
            "quarter": 3,
            "eps": null,
            "eps_growth_year": null,
            "eps_4q": null,
            "eps_4q_growth_year": null,
            "roe": null,
            "roe_4q": 0,
            "gross_profit": null,
            "gross_margin": null,
            "gross_margin_4q_avg": 0,
            "net_income": null,
            "net_income_4q": null,
            "revenue": null,
            "revenue_4q": null,
            "common_shares": null,
            "book_valuer_per_share": null,
            "book_valuer_per_share_4q_avg": 0,
            "equity": null,
            "current_ratio": null,
            "debt_ratio": null,
            "inventory_turnover_ratio": null,
            "account_receivable_turnover_ratio": null,
            "reinvestment_rate": null,
            "research_to_sale_ratio": null,
            "price_fair": 0,
            "eps_avg_yearly": 0,
            "eps_latest_yearly": 0,
            "eps_growth_yearly": 0
        },
        "20024": {
            "year_quarter": 20024,
            "year": 2002,
            "quarter": 4,
            "eps": null,
            "eps_growth_year": null,
            "eps_4q": null,
            "eps_4q_growth_year": null,
            "roe": null,
            "roe_4q": 0,
            "gross_profit": null,
            "gross_margin": null,
            "gross_margin_4q_avg": 0,
            "net_income": null,
            "net_income_4q": null,
            "revenue": null,
            "revenue_4q": null,
            "common_shares": null,
            "book_valuer_per_share": null,
            "book_valuer_per_share_4q_avg": 0,
            "equity": null,
            "current_ratio": null,
            "debt_ratio": null,
            "inventory_turnover_ratio": null,
            "account_receivable_turnover_ratio": null,
            "reinvestment_rate": null,
            "research_to_sale_ratio": null,
            "price_fair": 0,
            "eps_avg_yearly": 0,
            "eps_latest_yearly": 0,
            "eps_growth_yearly": 0
        },
        "20031": {
            "year_quarter": 20031,
            "year": 2003,
            "quarter": 1,
            "eps": null,
            "eps_growth_year": null,
            "eps_4q": null,
            "eps_4q_growth_year": null,
            "roe": null,
            "roe_4q": 0,
            "gross_profit": null,
            "gross_margin": null,
            "gross_margin_4q_avg": 0,
            "net_income": null,
            "net_income_4q": null,
            "revenue": null,
            "revenue_4q": null,
            "common_shares": null,
            "book_valuer_per_share": null,
            "book_valuer_per_share_4q_avg": 0,
            "equity": null,
            "current_ratio": null,
            "debt_ratio": null,
            "inventory_turnover_ratio": null,
            "account_receivable_turnover_ratio": null,
            "reinvestment_rate": null,
            "research_to_sale_ratio": null,
            "price_fair": 0,
            "eps_avg_yearly": 0,
            "eps_latest_yearly": 0,
            "eps_growth_yearly": 0
        },
        "20032": {
            "year_quarter": 20032,
            "year": 2003,
            "quarter": 2,
            "eps": null,
            "eps_growth_year": null,
            "eps_4q": null,
            "eps_4q_growth_year": null,
            "roe": null,
            "roe_4q": 0,
            "gross_profit": null,
            "gross_margin": null,
            "gross_margin_4q_avg": 0,
            "net_income": null,
            "net_income_4q": null,
            "revenue": null,
            "revenue_4q": null,
            "common_shares": null,
            "book_valuer_per_share": null,
            "book_valuer_per_share_4q_avg": 0,
            "equity": null,
            "current_ratio": null,
            "debt_ratio": null,
            "inventory_turnover_ratio": null,
            "account_receivable_turnover_ratio": null,
            "reinvestment_rate": null,
            "research_to_sale_ratio": null,
            "price_fair": 0,
            "eps_avg_yearly": 0,
            "eps_latest_yearly": 0,
            "eps_growth_yearly": 0
        },
        "20033": {
            "year_quarter": 20033,
            "year": 2003,
            "quarter": 3,
            "eps": null,
            "eps_growth_year": null,
            "eps_4q": null,
            "eps_4q_growth_year": null,
            "roe": null,
            "roe_4q": 0,
            "gross_profit": null,
            "gross_margin": null,
            "gross_margin_4q_avg": 0,
            "net_income": null,
            "net_income_4q": null,
            "revenue": null,
            "revenue_4q": null,
            "common_shares": null,
            "book_valuer_per_share": null,
            "book_valuer_per_share_4q_avg": 0,
            "equity": null,
            "current_ratio": null,
            "debt_ratio": null,
            "inventory_turnover_ratio": null,
            "account_receivable_turnover_ratio": null,
            "reinvestment_rate": null,
            "research_to_sale_ratio": null,
            "price_fair": 0,
            "eps_avg_yearly": 0,
            "eps_latest_yearly": 0,
            "eps_growth_yearly": 0
        },
        "20034": {
            "year_quarter": 20034,
            "year": 2003,
            "quarter": 4,
            "eps": null,
            "eps_growth_year": null,
            "eps_4q": null,
            "eps_4q_growth_year": null,
            "roe": null,
            "roe_4q": 0,
            "gross_profit": null,
            "gross_margin": null,
            "gross_margin_4q_avg": 0,
            "net_income": null,
            "net_income_4q": null,
            "revenue": null,
            "revenue_4q": null,
            "common_shares": null,
            "book_valuer_per_share": null,
            "book_valuer_per_share_4q_avg": 0,
            "equity": null,
            "current_ratio": null,
            "debt_ratio": null,
            "inventory_turnover_ratio": null,
            "account_receivable_turnover_ratio": null,
            "reinvestment_rate": null,
            "research_to_sale_ratio": null,
            "price_fair": 0,
            "eps_avg_yearly": 0,
            "eps_latest_yearly": 0,
            "eps_growth_yearly": 0
        },
        "20041": {
            "year_quarter": 20041,
            "year": 2004,
            "quarter": 1,
            "eps": null,
            "eps_growth_year": null,
            "eps_4q": null,
            "eps_4q_growth_year": null,
            "roe": null,
            "roe_4q": 0,
            "gross_profit": null,
            "gross_margin": null,
            "gross_margin_4q_avg": 0,
            "net_income": null,
            "net_income_4q": null,
            "revenue": null,
            "revenue_4q": null,
            "common_shares": null,
            "book_valuer_per_share": null,
            "book_valuer_per_share_4q_avg": 0,
            "equity": null,
            "current_ratio": null,
            "debt_ratio": null,
            "inventory_turnover_ratio": null,
            "account_receivable_turnover_ratio": null,
            "reinvestment_rate": null,
            "research_to_sale_ratio": null,
            "price_fair": 0,
            "eps_avg_yearly": 0,
            "eps_latest_yearly": 0,
            "eps_growth_yearly": 0
        },
        "20042": {
            "year_quarter": 20042,
            "year": 2004,
            "quarter": 2,
            "eps": null,
            "eps_growth_year": null,
            "eps_4q": null,
            "eps_4q_growth_year": null,
            "roe": null,
            "roe_4q": 0,
            "gross_profit": null,
            "gross_margin": null,
            "gross_margin_4q_avg": 0,
            "net_income": null,
            "net_income_4q": null,
            "revenue": null,
            "revenue_4q": null,
            "common_shares": null,
            "book_valuer_per_share": null,
            "book_valuer_per_share_4q_avg": 0,
            "equity": null,
            "current_ratio": null,
            "debt_ratio": null,
            "inventory_turnover_ratio": null,
            "account_receivable_turnover_ratio": null,
            "reinvestment_rate": null,
            "research_to_sale_ratio": null,
            "price_fair": 0,
            "eps_avg_yearly": 0,
            "eps_latest_yearly": 0,
            "eps_growth_yearly": 0
        },
        "20043": {
            "year_quarter": 20043,
            "year": 2004,
            "quarter": 3,
            "eps": null,
            "eps_growth_year": null,
            "eps_4q": null,
            "eps_4q_growth_year": null,
            "roe": null,
            "roe_4q": 0,
            "gross_profit": null,
            "gross_margin": null,
            "gross_margin_4q_avg": 0,
            "net_income": null,
            "net_income_4q": null,
            "revenue": null,
            "revenue_4q": null,
            "common_shares": null,
            "book_valuer_per_share": null,
            "book_valuer_per_share_4q_avg": 0,
            "equity": null,
            "current_ratio": null,
            "debt_ratio": null,
            "inventory_turnover_ratio": null,
            "account_receivable_turnover_ratio": null,
            "reinvestment_rate": null,
            "research_to_sale_ratio": null,
            "price_fair": 0,
            "eps_avg_yearly": 0,
            "eps_latest_yearly": 0,
            "eps_growth_yearly": 0
        },
        "20044": {
            "year_quarter": 20044,
            "year": 2004,
            "quarter": 4,
            "eps": null,
            "eps_growth_year": null,
            "eps_4q": null,
            "eps_4q_growth_year": null,
            "roe": null,
            "roe_4q": 0,
            "gross_profit": null,
            "gross_margin": null,
            "gross_margin_4q_avg": 0,
            "net_income": null,
            "net_income_4q": null,
            "revenue": null,
            "revenue_4q": null,
            "common_shares": null,
            "book_valuer_per_share": null,
            "book_valuer_per_share_4q_avg": 0,
            "equity": null,
            "current_ratio": null,
            "debt_ratio": null,
            "inventory_turnover_ratio": null,
            "account_receivable_turnover_ratio": null,
            "reinvestment_rate": null,
            "research_to_sale_ratio": null,
            "price_fair": 0,
            "eps_avg_yearly": 0,
            "eps_latest_yearly": 0,
            "eps_growth_yearly": 0
        },
        "20051": {
            "year_quarter": 20051,
            "year": 2005,
            "quarter": 1,
            "eps": null,
            "eps_growth_year": null,
            "eps_4q": null,
            "eps_4q_growth_year": null,
            "roe": null,
            "roe_4q": 0,
            "gross_profit": null,
            "gross_margin": null,
            "gross_margin_4q_avg": 0,
            "net_income": null,
            "net_income_4q": null,
            "revenue": null,
            "revenue_4q": null,
            "common_shares": null,
            "book_valuer_per_share": null,
            "book_valuer_per_share_4q_avg": 0,
            "equity": null,
            "current_ratio": null,
            "debt_ratio": null,
            "inventory_turnover_ratio": null,
            "account_receivable_turnover_ratio": null,
            "reinvestment_rate": null,
            "research_to_sale_ratio": null,
            "price_fair": 0,
            "eps_avg_yearly": 0,
            "eps_latest_yearly": 0,
            "eps_growth_yearly": 0
        },
        "20052": {
            "year_quarter": 20052,
            "year": 2005,
            "quarter": 2,
            "eps": null,
            "eps_growth_year": null,
            "eps_4q": null,
            "eps_4q_growth_year": null,
            "roe": null,
            "roe_4q": 0,
            "gross_profit": null,
            "gross_margin": null,
            "gross_margin_4q_avg": 0,
            "net_income": null,
            "net_income_4q": null,
            "revenue": null,
            "revenue_4q": null,
            "common_shares": null,
            "book_valuer_per_share": null,
            "book_valuer_per_share_4q_avg": 0,
            "equity": null,
            "current_ratio": null,
            "debt_ratio": null,
            "inventory_turnover_ratio": null,
            "account_receivable_turnover_ratio": null,
            "reinvestment_rate": null,
            "research_to_sale_ratio": null,
            "price_fair": 0,
            "eps_avg_yearly": 0,
            "eps_latest_yearly": 0,
            "eps_growth_yearly": 0
        },
        "20053": {
            "year_quarter": 20053,
            "year": 2005,
            "quarter": 3,
            "eps": null,
            "eps_growth_year": null,
            "eps_4q": null,
            "eps_4q_growth_year": null,
            "roe": null,
            "roe_4q": 0,
            "gross_profit": null,
            "gross_margin": null,
            "gross_margin_4q_avg": 0,
            "net_income": null,
            "net_income_4q": null,
            "revenue": null,
            "revenue_4q": null,
            "common_shares": null,
            "book_valuer_per_share": null,
            "book_valuer_per_share_4q_avg": 0,
            "equity": null,
            "current_ratio": null,
            "debt_ratio": null,
            "inventory_turnover_ratio": null,
            "account_receivable_turnover_ratio": null,
            "reinvestment_rate": null,
            "research_to_sale_ratio": null,
            "price_fair": 0,
            "eps_avg_yearly": 0,
            "eps_latest_yearly": 0,
            "eps_growth_yearly": 0
        },
        "20054": {
            "year_quarter": 20054,
            "year": 2005,
            "quarter": 4,
            "eps": null,
            "eps_growth_year": null,
            "eps_4q": null,
            "eps_4q_growth_year": null,
            "roe": null,
            "roe_4q": 0,
            "gross_profit": null,
            "gross_margin": null,
            "gross_margin_4q_avg": 0,
            "net_income": null,
            "net_income_4q": null,
            "revenue": null,
            "revenue_4q": null,
            "common_shares": null,
            "book_valuer_per_share": null,
            "book_valuer_per_share_4q_avg": 0,
            "equity": null,
            "current_ratio": null,
            "debt_ratio": null,
            "inventory_turnover_ratio": null,
            "account_receivable_turnover_ratio": null,
            "reinvestment_rate": null,
            "research_to_sale_ratio": null,
            "price_fair": 0,
            "eps_avg_yearly": 0,
            "eps_latest_yearly": 0,
            "eps_growth_yearly": 0
        },
        "20061": {
            "year_quarter": 20061,
            "year": 2006,
            "quarter": 1,
            "eps": null,
            "eps_growth_year": null,
            "eps_4q": null,
            "eps_4q_growth_year": null,
            "roe": null,
            "roe_4q": 0,
            "gross_profit": null,
            "gross_margin": null,
            "gross_margin_4q_avg": 0,
            "net_income": null,
            "net_income_4q": null,
            "revenue": null,
            "revenue_4q": null,
            "common_shares": null,
            "book_valuer_per_share": null,
            "book_valuer_per_share_4q_avg": 0,
            "equity": null,
            "current_ratio": null,
            "debt_ratio": null,
            "inventory_turnover_ratio": null,
            "account_receivable_turnover_ratio": null,
            "reinvestment_rate": null,
            "research_to_sale_ratio": null,
            "price_fair": 0,
            "eps_avg_yearly": 0,
            "eps_latest_yearly": 0,
            "eps_growth_yearly": 0
        },
        "20062": {
            "year_quarter": 20062,
            "year": 2006,
            "quarter": 2,
            "eps": null,
            "eps_growth_year": null,
            "eps_4q": null,
            "eps_4q_growth_year": null,
            "roe": null,
            "roe_4q": 0,
            "gross_profit": null,
            "gross_margin": null,
            "gross_margin_4q_avg": 0,
            "net_income": null,
            "net_income_4q": null,
            "revenue": null,
            "revenue_4q": null,
            "common_shares": null,
            "book_valuer_per_share": null,
            "book_valuer_per_share_4q_avg": 0,
            "equity": null,
            "current_ratio": null,
            "debt_ratio": null,
            "inventory_turnover_ratio": null,
            "account_receivable_turnover_ratio": null,
            "reinvestment_rate": null,
            "research_to_sale_ratio": null,
            "price_fair": 0,
            "eps_avg_yearly": 0,
            "eps_latest_yearly": 0,
            "eps_growth_yearly": 0
        },
        "20063": {
            "year_quarter": 20063,
            "year": 2006,
            "quarter": 3,
            "eps": null,
            "eps_growth_year": null,
            "eps_4q": null,
            "eps_4q_growth_year": null,
            "roe": null,
            "roe_4q": 0,
            "gross_profit": null,
            "gross_margin": null,
            "gross_margin_4q_avg": 0,
            "net_income": null,
            "net_income_4q": null,
            "revenue": null,
            "revenue_4q": null,
            "common_shares": null,
            "book_valuer_per_share": null,
            "book_valuer_per_share_4q_avg": 0,
            "equity": null,
            "current_ratio": null,
            "debt_ratio": null,
            "inventory_turnover_ratio": null,
            "account_receivable_turnover_ratio": null,
            "reinvestment_rate": null,
            "research_to_sale_ratio": null,
            "price_fair": 0,
            "eps_avg_yearly": 0,
            "eps_latest_yearly": 0,
            "eps_growth_yearly": 0
        },
        "20064": {
            "year_quarter": 20064,
            "year": 2006,
            "quarter": 4,
            "eps": null,
            "eps_growth_year": null,
            "eps_4q": null,
            "eps_4q_growth_year": null,
            "roe": null,
            "roe_4q": 0,
            "gross_profit": null,
            "gross_margin": null,
            "gross_margin_4q_avg": 0,
            "net_income": null,
            "net_income_4q": null,
            "revenue": null,
            "revenue_4q": null,
            "common_shares": null,
            "book_valuer_per_share": null,
            "book_valuer_per_share_4q_avg": 0,
            "equity": null,
            "current_ratio": null,
            "debt_ratio": null,
            "inventory_turnover_ratio": null,
            "account_receivable_turnover_ratio": null,
            "reinvestment_rate": null,
            "research_to_sale_ratio": null,
            "price_fair": 0,
            "eps_avg_yearly": 0,
            "eps_latest_yearly": 0,
            "eps_growth_yearly": 0
        },
        "20071": {
            "year_quarter": 20071,
            "year": 2007,
            "quarter": 1,
            "eps": null,
            "eps_growth_year": null,
            "eps_4q": null,
            "eps_4q_growth_year": null,
            "roe": null,
            "roe_4q": 0,
            "gross_profit": null,
            "gross_margin": null,
            "gross_margin_4q_avg": 0,
            "net_income": null,
            "net_income_4q": null,
            "revenue": null,
            "revenue_4q": null,
            "common_shares": null,
            "book_valuer_per_share": null,
            "book_valuer_per_share_4q_avg": 0,
            "equity": null,
            "current_ratio": null,
            "debt_ratio": null,
            "inventory_turnover_ratio": null,
            "account_receivable_turnover_ratio": null,
            "reinvestment_rate": null,
            "research_to_sale_ratio": null,
            "price_fair": 0,
            "eps_avg_yearly": 0,
            "eps_latest_yearly": 0,
            "eps_growth_yearly": 0
        },
        "20072": {
            "year_quarter": 20072,
            "year": 2007,
            "quarter": 2,
            "eps": null,
            "eps_growth_year": null,
            "eps_4q": null,
            "eps_4q_growth_year": null,
            "roe": null,
            "roe_4q": 0,
            "gross_profit": null,
            "gross_margin": null,
            "gross_margin_4q_avg": 0,
            "net_income": null,
            "net_income_4q": null,
            "revenue": null,
            "revenue_4q": null,
            "common_shares": null,
            "book_valuer_per_share": null,
            "book_valuer_per_share_4q_avg": 0,
            "equity": null,
            "current_ratio": null,
            "debt_ratio": null,
            "inventory_turnover_ratio": null,
            "account_receivable_turnover_ratio": null,
            "reinvestment_rate": null,
            "research_to_sale_ratio": null,
            "price_fair": 0,
            "eps_avg_yearly": 0,
            "eps_latest_yearly": 0,
            "eps_growth_yearly": 0
        },
        "20073": {
            "year_quarter": 20073,
            "year": 2007,
            "quarter": 3,
            "eps": null,
            "eps_growth_year": null,
            "eps_4q": null,
            "eps_4q_growth_year": null,
            "roe": null,
            "roe_4q": 0,
            "gross_profit": null,
            "gross_margin": null,
            "gross_margin_4q_avg": 0,
            "net_income": null,
            "net_income_4q": null,
            "revenue": null,
            "revenue_4q": null,
            "common_shares": null,
            "book_valuer_per_share": null,
            "book_valuer_per_share_4q_avg": 0,
            "equity": null,
            "current_ratio": null,
            "debt_ratio": null,
            "inventory_turnover_ratio": null,
            "account_receivable_turnover_ratio": null,
            "reinvestment_rate": null,
            "research_to_sale_ratio": null,
            "price_fair": 0,
            "eps_avg_yearly": 0,
            "eps_latest_yearly": 0,
            "eps_growth_yearly": 0
        },
        "20074": {
            "year_quarter": 20074,
            "year": 2007,
            "quarter": 4,
            "eps": null,
            "eps_growth_year": null,
            "eps_4q": null,
            "eps_4q_growth_year": null,
            "roe": null,
            "roe_4q": 0,
            "gross_profit": null,
            "gross_margin": null,
            "gross_margin_4q_avg": 0,
            "net_income": null,
            "net_income_4q": null,
            "revenue": null,
            "revenue_4q": null,
            "common_shares": null,
            "book_valuer_per_share": null,
            "book_valuer_per_share_4q_avg": 0,
            "equity": null,
            "current_ratio": null,
            "debt_ratio": null,
            "inventory_turnover_ratio": null,
            "account_receivable_turnover_ratio": null,
            "reinvestment_rate": null,
            "research_to_sale_ratio": null,
            "price_fair": 0,
            "eps_avg_yearly": 0,
            "eps_latest_yearly": 0,
            "eps_growth_yearly": 0
        },
        "20081": {
            "year_quarter": 20081,
            "year": 2008,
            "quarter": 1,
            "eps": null,
            "eps_growth_year": null,
            "eps_4q": null,
            "eps_4q_growth_year": null,
            "roe": null,
            "roe_4q": 0,
            "gross_profit": null,
            "gross_margin": null,
            "gross_margin_4q_avg": 0,
            "net_income": null,
            "net_income_4q": null,
            "revenue": null,
            "revenue_4q": null,
            "common_shares": null,
            "book_valuer_per_share": null,
            "book_valuer_per_share_4q_avg": 0,
            "equity": null,
            "current_ratio": null,
            "debt_ratio": null,
            "inventory_turnover_ratio": null,
            "account_receivable_turnover_ratio": null,
            "reinvestment_rate": null,
            "research_to_sale_ratio": null,
            "price_fair": 0,
            "eps_avg_yearly": 0,
            "eps_latest_yearly": 0,
            "eps_growth_yearly": 0
        },
        "20082": {
            "year_quarter": 20082,
            "year": 2008,
            "quarter": 2,
            "eps": null,
            "eps_growth_year": null,
            "eps_4q": null,
            "eps_4q_growth_year": null,
            "roe": null,
            "roe_4q": 0,
            "gross_profit": null,
            "gross_margin": null,
            "gross_margin_4q_avg": 0,
            "net_income": null,
            "net_income_4q": null,
            "revenue": null,
            "revenue_4q": null,
            "common_shares": null,
            "book_valuer_per_share": null,
            "book_valuer_per_share_4q_avg": 0,
            "equity": null,
            "current_ratio": null,
            "debt_ratio": null,
            "inventory_turnover_ratio": null,
            "account_receivable_turnover_ratio": null,
            "reinvestment_rate": null,
            "research_to_sale_ratio": null,
            "price_fair": 0,
            "eps_avg_yearly": 0,
            "eps_latest_yearly": 0,
            "eps_growth_yearly": 0
        },
        "20083": {
            "year_quarter": 20083,
            "year": 2008,
            "quarter": 3,
            "eps": null,
            "eps_growth_year": null,
            "eps_4q": null,
            "eps_4q_growth_year": null,
            "roe": null,
            "roe_4q": 0,
            "gross_profit": null,
            "gross_margin": null,
            "gross_margin_4q_avg": 0,
            "net_income": null,
            "net_income_4q": null,
            "revenue": null,
            "revenue_4q": null,
            "common_shares": null,
            "book_valuer_per_share": null,
            "book_valuer_per_share_4q_avg": 0,
            "equity": null,
            "current_ratio": null,
            "debt_ratio": null,
            "inventory_turnover_ratio": null,
            "account_receivable_turnover_ratio": null,
            "reinvestment_rate": null,
            "research_to_sale_ratio": null,
            "price_fair": 0,
            "eps_avg_yearly": 0,
            "eps_latest_yearly": 0,
            "eps_growth_yearly": 0
        },
        "20084": {
            "year_quarter": 20084,
            "year": 2008,
            "quarter": 4,
            "eps": null,
            "eps_growth_year": null,
            "eps_4q": null,
            "eps_4q_growth_year": null,
            "roe": null,
            "roe_4q": 0,
            "gross_profit": null,
            "gross_margin": null,
            "gross_margin_4q_avg": 0,
            "net_income": null,
            "net_income_4q": null,
            "revenue": null,
            "revenue_4q": null,
            "common_shares": 2999013,
            "book_valuer_per_share": null,
            "book_valuer_per_share_4q_avg": 0,
            "equity": 3406470,
            "current_ratio": null,
            "debt_ratio": null,
            "inventory_turnover_ratio": null,
            "account_receivable_turnover_ratio": null,
            "reinvestment_rate": null,
            "research_to_sale_ratio": null,
            "price_fair": 0,
            "eps_avg_yearly": 0,
            "eps_latest_yearly": 0,
            "eps_growth_yearly": 0
        },
        "20091": {
            "year_quarter": 20091,
            "year": 2009,
            "quarter": 1,
            "eps": null,
            "eps_growth_year": null,
            "eps_4q": null,
            "eps_4q_growth_year": null,
            "roe": null,
            "roe_4q": 0,
            "gross_profit": null,
            "gross_margin": null,
            "gross_margin_4q_avg": 0,
            "net_income": 109763,
            "net_income_4q": null,
            "revenue": 445265,
            "revenue_4q": null,
            "common_shares": 2999013,
            "book_valuer_per_share": null,
            "book_valuer_per_share_4q_avg": 0,
            "equity": 3488050,
            "current_ratio": null,
            "debt_ratio": null,
            "inventory_turnover_ratio": null,
            "account_receivable_turnover_ratio": null,
            "reinvestment_rate": null,
            "research_to_sale_ratio": null,
            "price_fair": 0,
            "eps_avg_yearly": 0,
            "eps_latest_yearly": 0,
            "eps_growth_yearly": 0
        },
        "20092": {
            "year_quarter": 20092,
            "year": 2009,
            "quarter": 2,
            "eps": null,
            "eps_growth_year": null,
            "eps_4q": null,
            "eps_4q_growth_year": null,
            "roe": null,
            "roe_4q": 0,
            "gross_profit": null,
            "gross_margin": null,
            "gross_margin_4q_avg": 0,
            "net_income": 204564,
            "net_income_4q": null,
            "revenue": 640844,
            "revenue_4q": null,
            "common_shares": 3105846,
            "book_valuer_per_share": null,
            "book_valuer_per_share_4q_avg": 0,
            "equity": 3944279,
            "current_ratio": null,
            "debt_ratio": null,
            "inventory_turnover_ratio": null,
            "account_receivable_turnover_ratio": null,
            "reinvestment_rate": null,
            "research_to_sale_ratio": null,
            "price_fair": 0,
            "eps_avg_yearly": 0,
            "eps_latest_yearly": 0,
            "eps_growth_yearly": 0
        },
        "20093": {
            "year_quarter": 20093,
            "year": 2009,
            "quarter": 3,
            "eps": null,
            "eps_growth_year": null,
            "eps_4q": null,
            "eps_4q_growth_year": null,
            "roe": null,
            "roe_4q": 0,
            "gross_profit": null,
            "gross_margin": null,
            "gross_margin_4q_avg": 0,
            "net_income": 135171,
            "net_income_4q": null,
            "revenue": 499037,
            "revenue_4q": null,
            "common_shares": 3127762,
            "book_valuer_per_share": null,
            "book_valuer_per_share_4q_avg": 0,
            "equity": 4105963,
            "current_ratio": null,
            "debt_ratio": null,
            "inventory_turnover_ratio": null,
            "account_receivable_turnover_ratio": null,
            "reinvestment_rate": null,
            "research_to_sale_ratio": null,
            "price_fair": 0,
            "eps_avg_yearly": 0,
            "eps_latest_yearly": 0,
            "eps_growth_yearly": 0
        },
        "20094": {
            "year_quarter": 20094,
            "year": 2009,
            "quarter": 4,
            "eps": null,
            "eps_growth_year": null,
            "eps_4q": null,
            "eps_4q_growth_year": null,
            "roe": null,
            "roe_4q": 0,
            "gross_profit": null,
            "gross_margin": null,
            "gross_margin_4q_avg": 0,
            "net_income": 188998,
            "net_income_4q": null,
            "revenue": 529778,
            "revenue_4q": null,
            "common_shares": 3192763,
            "book_valuer_per_share": 14.26,
            "book_valuer_per_share_4q_avg": 3.57,
            "equity": 4455669,
            "current_ratio": 163.45,
            "debt_ratio": 57.57,
            "inventory_turnover_ratio": null,
            "account_receivable_turnover_ratio": null,
            "reinvestment_rate": null,
            "research_to_sale_ratio": null,
            "price_fair": 0,
            "eps_avg_yearly": 0,
            "eps_latest_yearly": 0,
            "eps_growth_yearly": 0
        },
        "20101": {
            "year_quarter": 20101,
            "year": 2010,
            "quarter": 1,
            "eps": 0,
            "eps_growth_year": null,
            "eps_4q": 0,
            "eps_4q_growth_year": null,
            "roe": 0,
            "roe_4q": 0,
            "gross_profit": null,
            "gross_margin": null,
            "gross_margin_4q_avg": 0,
            "net_income": 48,
            "net_income_4q": null,
            "revenue": 376606,
            "revenue_4q": null,
            "common_shares": 3213929,
            "book_valuer_per_share": 14.09,
            "book_valuer_per_share_4q_avg": 7.09,
            "equity": 4431881,
            "current_ratio": 157.88,
            "debt_ratio": 60.03,
            "inventory_turnover_ratio": null,
            "account_receivable_turnover_ratio": 53.87,
            "reinvestment_rate": null,
            "research_to_sale_ratio": null,
            "price_fair": 0,
            "eps_avg_yearly": 0,
            "eps_latest_yearly": 0,
            "eps_growth_yearly": 0
        },
        "20102": {
            "year_quarter": 20102,
            "year": 2010,
            "quarter": 2,
            "eps": -0.41,
            "eps_growth_year": null,
            "eps_4q": -0.41,
            "eps_4q_growth_year": null,
            "roe": -2.98,
            "roe_4q": -2.98,
            "gross_profit": null,
            "gross_margin": null,
            "gross_margin_4q_avg": 0,
            "net_income": -130175,
            "net_income_4q": null,
            "revenue": 365542,
            "revenue_4q": null,
            "common_shares": 3213929,
            "book_valuer_per_share": 13.72,
            "book_valuer_per_share_4q_avg": 10.52,
            "equity": 4317757,
            "current_ratio": 189.51,
            "debt_ratio": 64.41,
            "inventory_turnover_ratio": null,
            "account_receivable_turnover_ratio": 3.25,
            "reinvestment_rate": null,
            "research_to_sale_ratio": null,
            "price_fair": 0,
            "eps_avg_yearly": 0,
            "eps_latest_yearly": 0,
            "eps_growth_yearly": 0
        },
        "20103": {
            "year_quarter": 20103,
            "year": 2010,
            "quarter": 3,
            "eps": 0.5,
            "eps_growth_year": null,
            "eps_4q": 0.16,
            "eps_4q_growth_year": null,
            "roe": 4.28,
            "roe_4q": 1.3000000000000003,
            "gross_profit": null,
            "gross_margin": null,
            "gross_margin_4q_avg": 0,
            "net_income": 191202,
            "net_income_4q": null,
            "revenue": 346577,
            "revenue_4q": null,
            "common_shares": 3909898,
            "book_valuer_per_share": 12,
            "book_valuer_per_share_4q_avg": 13.52,
            "equity": 4611336,
            "current_ratio": 193.69,
            "debt_ratio": 64.08,
            "inventory_turnover_ratio": null,
            "account_receivable_turnover_ratio": 3.06,
            "reinvestment_rate": null,
            "research_to_sale_ratio": null,
            "price_fair": 0,
            "eps_avg_yearly": 0,
            "eps_latest_yearly": 0,
            "eps_growth_yearly": 0
        },
        "20104": {
            "year_quarter": 20104,
            "year": 2010,
            "quarter": 4,
            "eps": 0.11,
            "eps_growth_year": null,
            "eps_4q": 0.26,
            "eps_4q_growth_year": null,
            "roe": 0.87,
            "roe_4q": 2.1700000000000004,
            "gross_profit": null,
            "gross_margin": null,
            "gross_margin_4q_avg": 0,
            "net_income": 40716,
            "net_income_4q": null,
            "revenue": 324994,
            "revenue_4q": null,
            "common_shares": 3909898,
            "book_valuer_per_share": 12.35,
            "book_valuer_per_share_4q_avg": 13.04,
            "equity": 4744235,
            "current_ratio": 186.94,
            "debt_ratio": 65.21,
            "inventory_turnover_ratio": null,
            "account_receivable_turnover_ratio": 60.48,
            "reinvestment_rate": null,
            "research_to_sale_ratio": null,
            "price_fair": 1.32,
            "eps_avg_yearly": 0.44,
            "eps_latest_yearly": 0.44,
            "eps_growth_yearly": -312
        },
        "20111": {
            "year_quarter": 20111,
            "year": 2011,
            "quarter": 1,
            "eps": 0.01,
            "eps_growth_year": null,
            "eps_4q": 0.27,
            "eps_4q_growth_year": 179526.14,
            "roe": 0.08,
            "roe_4q": 2.2500000000000004,
            "gross_profit": null,
            "gross_margin": null,
            "gross_margin_4q_avg": 0,
            "net_income": 3900,
            "net_income_4q": null,
            "revenue": 375623,
            "revenue_4q": null,
            "common_shares": 3911918,
            "book_valuer_per_share": 0,
            "book_valuer_per_share_4q_avg": 9.52,
            "equity": 4850514,
            "current_ratio": 192.98,
            "debt_ratio": 64.06,
            "inventory_turnover_ratio": null,
            "account_receivable_turnover_ratio": 7.45,
            "reinvestment_rate": null,
            "research_to_sale_ratio": null,
            "price_fair": 0.72,
            "eps_avg_yearly": 0.24,
            "eps_latest_yearly": 0.04,
            "eps_growth_yearly": -337.82
        },
        "20112": {
            "year_quarter": 20112,
            "year": 2011,
            "quarter": 2,
            "eps": 0.06,
            "eps_growth_year": null,
            "eps_4q": 0.68,
            "eps_4q_growth_year": null,
            "roe": 0.51,
            "roe_4q": 5.74,
            "gross_profit": null,
            "gross_margin": null,
            "gross_margin_4q_avg": 0,
            "net_income": 24402,
            "net_income_4q": null,
            "revenue": 383295,
            "revenue_4q": null,
            "common_shares": 3911918,
            "book_valuer_per_share": 0,
            "book_valuer_per_share_4q_avg": 6.09,
            "equity": 4732511,
            "current_ratio": 152.67,
            "debt_ratio": 63.43,
            "inventory_turnover_ratio": null,
            "account_receivable_turnover_ratio": 7.59,
            "reinvestment_rate": null,
            "research_to_sale_ratio": null,
            "price_fair": 8.4,
            "eps_avg_yearly": 0.24,
            "eps_latest_yearly": 0.24,
            "eps_growth_yearly": 441.45
        },
        "20113": {
            "year_quarter": 20113,
            "year": 2011,
            "quarter": 3,
            "eps": -0.18,
            "eps_growth_year": -136.9,
            "eps_4q": -0,
            "eps_4q_growth_year": -101.44,
            "roe": -1.5,
            "roe_4q": -0.040000000000000036,
            "gross_profit": null,
            "gross_margin": null,
            "gross_margin_4q_avg": 0,
            "net_income": -69892,
            "net_income_4q": null,
            "revenue": 609876,
            "revenue_4q": null,
            "common_shares": 3911918,
            "book_valuer_per_share": 0,
            "book_valuer_per_share_4q_avg": 3.09,
            "equity": 4555837,
            "current_ratio": 151.44,
            "debt_ratio": 64.35,
            "inventory_turnover_ratio": null,
            "account_receivable_turnover_ratio": 59.84,
            "reinvestment_rate": null,
            "research_to_sale_ratio": null,
            "price_fair": 8.4,
            "eps_avg_yearly": 0.24,
            "eps_latest_yearly": 0.24,
            "eps_growth_yearly": 441.45
        },
        "20114": {
            "year_quarter": 20114,
            "year": 2011,
            "quarter": 4,
            "eps": -0.19,
            "eps_growth_year": -278.28,
            "eps_4q": -0.3,
            "eps_4q_growth_year": -212.87,
            "roe": -1.57,
            "roe_4q": -2.4800000000000004,
            "gross_profit": null,
            "gross_margin": null,
            "gross_margin_4q_avg": 0,
            "net_income": -71373,
            "net_income_4q": null,
            "revenue": 308519,
            "revenue_4q": null,
            "common_shares": 3911918,
            "book_valuer_per_share": 11.76,
            "book_valuer_per_share_4q_avg": 2.94,
            "equity": 4562009,
            "current_ratio": 158.2,
            "debt_ratio": 62.26,
            "inventory_turnover_ratio": null,
            "account_receivable_turnover_ratio": 16.43,
            "reinvestment_rate": null,
            "research_to_sale_ratio": null,
            "price_fair": 8.4,
            "eps_avg_yearly": 0.24,
            "eps_latest_yearly": 0.24,
            "eps_growth_yearly": 441.45
        },
        "20121": {
            "year_quarter": 20121,
            "year": 2012,
            "quarter": 1,
            "eps": 0.14,
            "eps_growth_year": 1300,
            "eps_4q": -0.17,
            "eps_4q_growth_year": -162.92,
            "roe": 1.07,
            "roe_4q": -1.49,
            "gross_profit": null,
            "gross_margin": null,
            "gross_margin_4q_avg": 0,
            "net_income": 49732,
            "net_income_4q": null,
            "revenue": 393187,
            "revenue_4q": null,
            "common_shares": 3777618,
            "book_valuer_per_share": 12.17,
            "book_valuer_per_share_4q_avg": 5.98,
            "equity": 4704469,
            "current_ratio": 150.6,
            "debt_ratio": 62.24,
            "inventory_turnover_ratio": null,
            "account_receivable_turnover_ratio": 8.35,
            "reinvestment_rate": null,
            "research_to_sale_ratio": null,
            "price_fair": 8.4,
            "eps_avg_yearly": 0.24,
            "eps_latest_yearly": 0.24,
            "eps_growth_yearly": 441.45
        },
        "20122": {
            "year_quarter": 20122,
            "year": 2012,
            "quarter": 2,
            "eps": -0.09,
            "eps_growth_year": -240.79,
            "eps_4q": -0.33,
            "eps_4q_growth_year": -148.29,
            "roe": -0.78,
            "roe_4q": -2.7800000000000002,
            "gross_profit": null,
            "gross_margin": null,
            "gross_margin_4q_avg": 0,
            "net_income": -36289,
            "net_income_4q": null,
            "revenue": 294087,
            "revenue_4q": null,
            "common_shares": 3777618,
            "book_valuer_per_share": 11.93,
            "book_valuer_per_share_4q_avg": 8.97,
            "equity": 4607216,
            "current_ratio": 154.26,
            "debt_ratio": 60.05,
            "inventory_turnover_ratio": null,
            "account_receivable_turnover_ratio": 3.77,
            "reinvestment_rate": null,
            "research_to_sale_ratio": null,
            "price_fair": 8.4,
            "eps_avg_yearly": 0.24,
            "eps_latest_yearly": 0.24,
            "eps_growth_yearly": 441.45
        },
        "20123": {
            "year_quarter": 20123,
            "year": 2012,
            "quarter": 3,
            "eps": -0.02,
            "eps_growth_year": null,
            "eps_4q": -0.17,
            "eps_4q_growth_year": null,
            "roe": -0.31,
            "roe_4q": -1.59,
            "gross_profit": null,
            "gross_margin": null,
            "gross_margin_4q_avg": 0,
            "net_income": -14283,
            "net_income_4q": null,
            "revenue": 339155,
            "revenue_4q": null,
            "common_shares": 3777618,
            "book_valuer_per_share": 11.99,
            "book_valuer_per_share_4q_avg": 11.96,
            "equity": 4624578,
            "current_ratio": 151.17,
            "debt_ratio": 61.02,
            "inventory_turnover_ratio": null,
            "account_receivable_turnover_ratio": 7.89,
            "reinvestment_rate": null,
            "research_to_sale_ratio": null,
            "price_fair": 8.4,
            "eps_avg_yearly": 0.24,
            "eps_latest_yearly": 0.24,
            "eps_growth_yearly": 441.45
        },
        "20124": {
            "year_quarter": 20124,
            "year": 2012,
            "quarter": 4,
            "eps": -0.05,
            "eps_growth_year": null,
            "eps_4q": -0.03,
            "eps_4q_growth_year": null,
            "roe": -0.47,
            "roe_4q": -0.49,
            "gross_profit": null,
            "gross_margin": null,
            "gross_margin_4q_avg": 0,
            "net_income": -21521,
            "net_income_4q": null,
            "revenue": 297620,
            "revenue_4q": null,
            "common_shares": 3777618,
            "book_valuer_per_share": 11.93,
            "book_valuer_per_share_4q_avg": 12.01,
            "equity": 4597742,
            "current_ratio": 145.94,
            "debt_ratio": 63.46,
            "inventory_turnover_ratio": null,
            "account_receivable_turnover_ratio": 13.9,
            "reinvestment_rate": 8.04,
            "research_to_sale_ratio": null,
            "price_fair": 8.4,
            "eps_avg_yearly": 0.24,
            "eps_latest_yearly": 0.24,
            "eps_growth_yearly": 441.45
        },
        "20131": {
            "year_quarter": 20131,
            "year": 2013,
            "quarter": 1,
            "eps": 0.1,
            "eps_growth_year": -28.57,
            "eps_4q": -0.06,
            "eps_4q_growth_year": null,
            "roe": 0.79,
            "roe_4q": -0.77,
            "gross_profit": null,
            "gross_margin": null,
            "gross_margin_4q_avg": 0,
            "net_income": 36783,
            "net_income_4q": null,
            "revenue": 228302,
            "revenue_4q": null,
            "common_shares": 3777618,
            "book_valuer_per_share": 12.21,
            "book_valuer_per_share_4q_avg": 12.02,
            "equity": 4701261,
            "current_ratio": 143.57,
            "debt_ratio": 64.58,
            "inventory_turnover_ratio": null,
            "account_receivable_turnover_ratio": 0.33,
            "reinvestment_rate": 11.41,
            "research_to_sale_ratio": null,
            "price_fair": 8.4,
            "eps_avg_yearly": 0.24,
            "eps_latest_yearly": 0.24,
            "eps_growth_yearly": 441.45
        },
        "20132": {
            "year_quarter": 20132,
            "year": 2013,
            "quarter": 2,
            "eps": 0.02,
            "eps_growth_year": null,
            "eps_4q": 0.05,
            "eps_4q_growth_year": null,
            "roe": 0.11,
            "roe_4q": 0.12000000000000005,
            "gross_profit": null,
            "gross_margin": null,
            "gross_margin_4q_avg": 0,
            "net_income": 5048,
            "net_income_4q": null,
            "revenue": 193469,
            "revenue_4q": null,
            "common_shares": 3777618,
            "book_valuer_per_share": 12.17,
            "book_valuer_per_share_4q_avg": 12.08,
            "equity": 4683711,
            "current_ratio": 149.42,
            "debt_ratio": 62.24,
            "inventory_turnover_ratio": null,
            "account_receivable_turnover_ratio": 0.15,
            "reinvestment_rate": 33.54,
            "research_to_sale_ratio": null,
            "price_fair": 7,
            "eps_avg_yearly": 0.2,
            "eps_latest_yearly": 0.08,
            "eps_growth_yearly": 251.09
        },
        "20133": {
            "year_quarter": 20133,
            "year": 2013,
            "quarter": 3,
            "eps": 0.06,
            "eps_growth_year": null,
            "eps_4q": 0.13,
            "eps_4q_growth_year": null,
            "roe": 0.43,
            "roe_4q": 0.8600000000000001,
            "gross_profit": null,
            "gross_margin": null,
            "gross_margin_4q_avg": 0,
            "net_income": 20140,
            "net_income_4q": null,
            "revenue": 211793,
            "revenue_4q": null,
            "common_shares": 3777618,
            "book_valuer_per_share": 12.29,
            "book_valuer_per_share_4q_avg": 12.15,
            "equity": 4726496,
            "current_ratio": 149.9,
            "debt_ratio": 65.83,
            "inventory_turnover_ratio": null,
            "account_receivable_turnover_ratio": 0.15,
            "reinvestment_rate": 48.75,
            "research_to_sale_ratio": null,
            "price_fair": 7.28,
            "eps_avg_yearly": 0.21,
            "eps_latest_yearly": 0.24,
            "eps_growth_yearly": 360.87
        },
        "20134": {
            "year_quarter": 20134,
            "year": 2013,
            "quarter": 4,
            "eps": 0.19,
            "eps_growth_year": null,
            "eps_4q": 0.37,
            "eps_4q_growth_year": null,
            "roe": 1.46,
            "roe_4q": 2.79,
            "gross_profit": null,
            "gross_margin": null,
            "gross_margin_4q_avg": 0,
            "net_income": 69478,
            "net_income_4q": null,
            "revenue": 242894,
            "revenue_4q": null,
            "common_shares": 3777618,
            "book_valuer_per_share": 12.51,
            "book_valuer_per_share_4q_avg": 12.3,
            "equity": 4809960,
            "current_ratio": 145.95,
            "debt_ratio": 67.52,
            "inventory_turnover_ratio": null,
            "account_receivable_turnover_ratio": 0.15,
            "reinvestment_rate": 91.26,
            "research_to_sale_ratio": null,
            "price_fair": 10.5,
            "eps_avg_yearly": 0.3,
            "eps_latest_yearly": 0.76,
            "eps_growth_yearly": 445.17
        },
        "20141": {
            "year_quarter": 20141,
            "year": 2014,
            "quarter": 1,
            "eps": 0.36,
            "eps_growth_year": 260,
            "eps_4q": 0.63,
            "eps_4q_growth_year": null,
            "roe": 2.79,
            "roe_4q": 4.79,
            "gross_profit": null,
            "gross_margin": null,
            "gross_margin_4q_avg": 0,
            "net_income": 135938,
            "net_income_4q": null,
            "revenue": 363012,
            "revenue_4q": null,
            "common_shares": 3777618,
            "book_valuer_per_share": 12.86,
            "book_valuer_per_share_4q_avg": 12.46,
            "equity": 4941237,
            "current_ratio": 145.17,
            "debt_ratio": 68.09,
            "inventory_turnover_ratio": null,
            "account_receivable_turnover_ratio": 0.21,
            "reinvestment_rate": 38.26,
            "research_to_sale_ratio": null,
            "price_fair": 16.2,
            "eps_avg_yearly": 0.46,
            "eps_latest_yearly": 1.44,
            "eps_growth_yearly": 432.7
        },
        "20142": {
            "year_quarter": 20142,
            "year": 2014,
            "quarter": 2,
            "eps": 0.26,
            "eps_growth_year": 1200,
            "eps_4q": 0.88,
            "eps_4q_growth_year": 1793.11,
            "roe": 2.04,
            "roe_4q": 6.72,
            "gross_profit": null,
            "gross_margin": null,
            "gross_margin_4q_avg": 0,
            "net_income": 100025,
            "net_income_4q": null,
            "revenue": 321591,
            "revenue_4q": null,
            "common_shares": 3777618,
            "book_valuer_per_share": 12.86,
            "book_valuer_per_share_4q_avg": 12.63,
            "equity": 4856834,
            "current_ratio": 139.2,
            "debt_ratio": 67.11,
            "inventory_turnover_ratio": null,
            "account_receivable_turnover_ratio": 0.17,
            "reinvestment_rate": 19.48,
            "research_to_sale_ratio": null,
            "price_fair": 18.73,
            "eps_avg_yearly": 0.54,
            "eps_latest_yearly": 1.04,
            "eps_growth_yearly": 364.73
        },
        "20143": {
            "year_quarter": 20143,
            "year": 2014,
            "quarter": 3,
            "eps": -0.14,
            "eps_growth_year": -333.33,
            "eps_4q": 0.67,
            "eps_4q_growth_year": 396.49,
            "roe": -1.1,
            "roe_4q": 5.1899999999999995,
            "gross_profit": null,
            "gross_margin": null,
            "gross_margin_4q_avg": 0,
            "net_income": -53202,
            "net_income_4q": null,
            "revenue": 118149,
            "revenue_4q": null,
            "common_shares": 3777618,
            "book_valuer_per_share": 12.73,
            "book_valuer_per_share_4q_avg": 12.74,
            "equity": 4807191,
            "current_ratio": 139.49,
            "debt_ratio": 66.88,
            "inventory_turnover_ratio": null,
            "account_receivable_turnover_ratio": 0.07,
            "reinvestment_rate": 36.63,
            "research_to_sale_ratio": null,
            "price_fair": 18.73,
            "eps_avg_yearly": 0.54,
            "eps_latest_yearly": 1.04,
            "eps_growth_yearly": 364.73
        },
        "20144": {
            "year_quarter": 20144,
            "year": 2014,
            "quarter": 4,
            "eps": 0.05,
            "eps_growth_year": -71.9,
            "eps_4q": 0.54,
            "eps_4q_growth_year": 45.11,
            "roe": 0.41,
            "roe_4q": 4.14,
            "gross_profit": null,
            "gross_margin": null,
            "gross_margin_4q_avg": 0,
            "net_income": 19704,
            "net_income_4q": null,
            "revenue": 183045,
            "revenue_4q": null,
            "common_shares": 3777618,
            "book_valuer_per_share": 12.79,
            "book_valuer_per_share_4q_avg": 12.81,
            "equity": 4832927,
            "current_ratio": 145.68,
            "debt_ratio": 63.35,
            "inventory_turnover_ratio": null,
            "account_receivable_turnover_ratio": 0.12,
            "reinvestment_rate": 56.86,
            "research_to_sale_ratio": null,
            "price_fair": 19.2,
            "eps_avg_yearly": 0.55,
            "eps_latest_yearly": 1.04,
            "eps_growth_yearly": 461.4
        },
        "20151": {
            "year_quarter": 20151,
            "year": 2015,
            "quarter": 1,
            "eps": 0.11,
            "eps_growth_year": -69.44,
            "eps_4q": 0.29,
            "eps_4q_growth_year": -53.94,
            "roe": 0.87,
            "roe_4q": 2.2199999999999998,
            "gross_profit": null,
            "gross_margin": null,
            "gross_margin_4q_avg": 0,
            "net_income": 42403,
            "net_income_4q": null,
            "revenue": 220487,
            "revenue_4q": null,
            "common_shares": 3777618,
            "book_valuer_per_share": 12.93,
            "book_valuer_per_share_4q_avg": 12.83,
            "equity": 4885555,
            "current_ratio": 145.61,
            "debt_ratio": 63.05,
            "inventory_turnover_ratio": null,
            "account_receivable_turnover_ratio": 0.14,
            "reinvestment_rate": 70.65,
            "research_to_sale_ratio": null,
            "price_fair": 21.2,
            "eps_avg_yearly": 0.61,
            "eps_latest_yearly": 0.44,
            "eps_growth_yearly": 581.92
        },
        "20152": {
            "year_quarter": 20152,
            "year": 2015,
            "quarter": 2,
            "eps": 0.1,
            "eps_growth_year": -61.54,
            "eps_4q": 0.13,
            "eps_4q_growth_year": -85.42,
            "roe": 0.81,
            "roe_4q": 0.9900000000000002,
            "gross_profit": null,
            "gross_margin": null,
            "gross_margin_4q_avg": 0,
            "net_income": 39288,
            "net_income_4q": null,
            "revenue": 231763,
            "revenue_4q": null,
            "common_shares": 3777618,
            "book_valuer_per_share": 12.61,
            "book_valuer_per_share_4q_avg": 12.77,
            "equity": 4765120,
            "current_ratio": 153.49,
            "debt_ratio": 60.9,
            "inventory_turnover_ratio": null,
            "account_receivable_turnover_ratio": 0.16,
            "reinvestment_rate": 48.91,
            "research_to_sale_ratio": null,
            "price_fair": 22,
            "eps_avg_yearly": 0.63,
            "eps_latest_yearly": 0.4,
            "eps_growth_yearly": 291.01
        },
        "20153": {
            "year_quarter": 20153,
            "year": 2015,
            "quarter": 3,
            "eps": -0.15,
            "eps_growth_year": null,
            "eps_4q": 0.12,
            "eps_4q_growth_year": -82.01,
            "roe": -1.18,
            "roe_4q": 0.9100000000000001,
            "gross_profit": null,
            "gross_margin": null,
            "gross_margin_4q_avg": 0,
            "net_income": -55886,
            "net_income_4q": null,
            "revenue": 102874,
            "revenue_4q": null,
            "common_shares": 3777618,
            "book_valuer_per_share": 12.51,
            "book_valuer_per_share_4q_avg": 12.71,
            "equity": 4725337,
            "current_ratio": 164.14,
            "debt_ratio": 61.91,
            "inventory_turnover_ratio": null,
            "account_receivable_turnover_ratio": 0.08,
            "reinvestment_rate": 53.13,
            "research_to_sale_ratio": null,
            "price_fair": 22,
            "eps_avg_yearly": 0.63,
            "eps_latest_yearly": 0.4,
            "eps_growth_yearly": 291.01
        },
        "20154": {
            "year_quarter": 20154,
            "year": 2015,
            "quarter": 4,
            "eps": 0.37,
            "eps_growth_year": 600.85,
            "eps_4q": 0.43,
            "eps_4q_growth_year": -19.07,
            "roe": 2.89,
            "roe_4q": 3.3900000000000006,
            "gross_profit": null,
            "gross_margin": null,
            "gross_margin_4q_avg": 0,
            "net_income": 138096,
            "net_income_4q": null,
            "revenue": 330283,
            "revenue_4q": null,
            "common_shares": 3777618,
            "book_valuer_per_share": 12.82,
            "book_valuer_per_share_4q_avg": 12.72,
            "equity": 4841804,
            "current_ratio": 178.37,
            "debt_ratio": 57.84,
            "inventory_turnover_ratio": null,
            "account_receivable_turnover_ratio": 0.32,
            "reinvestment_rate": 22.33,
            "research_to_sale_ratio": null,
            "price_fair": 22,
            "eps_avg_yearly": 0.63,
            "eps_latest_yearly": 0.4,
            "eps_growth_yearly": 291.01
        },
        "20161": {
            "year_quarter": 20161,
            "year": 2016,
            "quarter": 1,
            "eps": 0.06,
            "eps_growth_year": -45.45,
            "eps_4q": 0.38,
            "eps_4q_growth_year": 30.71,
            "roe": 0.43,
            "roe_4q": 2.9500000000000006,
            "gross_profit": null,
            "gross_margin": null,
            "gross_margin_4q_avg": 0,
            "net_income": 20879,
            "net_income_4q": null,
            "revenue": 185986,
            "revenue_4q": null,
            "common_shares": 3777618,
            "book_valuer_per_share": 12.8,
            "book_valuer_per_share_4q_avg": 12.69,
            "equity": 4836291,
            "current_ratio": 171.74,
            "debt_ratio": 59.65,
            "inventory_turnover_ratio": null,
            "account_receivable_turnover_ratio": 0.17,
            "reinvestment_rate": 32.81,
            "research_to_sale_ratio": null,
            "price_fair": 20.3,
            "eps_avg_yearly": 0.58,
            "eps_latest_yearly": 0.24,
            "eps_growth_yearly": 212.74
        },
        "20162": {
            "year_quarter": 20162,
            "year": 2016,
            "quarter": 2,
            "eps": 0.03,
            "eps_growth_year": -70,
            "eps_4q": 0.3,
            "eps_4q_growth_year": 136.5,
            "roe": 0.23,
            "roe_4q": 2.37,
            "gross_profit": null,
            "gross_margin": null,
            "gross_margin_4q_avg": 0,
            "net_income": 10885,
            "net_income_4q": null,
            "revenue": 161642,
            "revenue_4q": null,
            "common_shares": 3777618,
            "book_valuer_per_share": 12.55,
            "book_valuer_per_share_4q_avg": 12.67,
            "equity": 4740773,
            "current_ratio": 157.73,
            "debt_ratio": 57.75,
            "inventory_turnover_ratio": null,
            "account_receivable_turnover_ratio": 0.13,
            "reinvestment_rate": 29.59,
            "research_to_sale_ratio": null,
            "price_fair": 18.51,
            "eps_avg_yearly": 0.53,
            "eps_latest_yearly": 0.12,
            "eps_growth_yearly": 166.88
        },
        "20163": {
            "year_quarter": 20163,
            "year": 2016,
            "quarter": 3,
            "eps": 0.02,
            "eps_growth_year": null,
            "eps_4q": 0.47,
            "eps_4q_growth_year": 292.08,
            "roe": 0.18,
            "roe_4q": 3.7300000000000004,
            "gross_profit": null,
            "gross_margin": null,
            "gross_margin_4q_avg": 0,
            "net_income": 8572,
            "net_income_4q": null,
            "revenue": 153368,
            "revenue_4q": null,
            "common_shares": 3777618,
            "book_valuer_per_share": 12.58,
            "book_valuer_per_share_4q_avg": 12.69,
            "equity": 4750736,
            "current_ratio": 159.34,
            "debt_ratio": 57.11,
            "inventory_turnover_ratio": null,
            "account_receivable_turnover_ratio": 0.12,
            "reinvestment_rate": 30.19,
            "research_to_sale_ratio": null,
            "price_fair": 16.94,
            "eps_avg_yearly": 0.48,
            "eps_latest_yearly": 0.08,
            "eps_growth_yearly": 136.86
        },
        "20164": {
            "year_quarter": 20164,
            "year": 2016,
            "quarter": 4,
            "eps": -0.1,
            "eps_growth_year": -128.52,
            "eps_4q": 0,
            "eps_4q_growth_year": -99.42,
            "roe": -0.83,
            "roe_4q": 0.010000000000000064,
            "gross_profit": null,
            "gross_margin": null,
            "gross_margin_4q_avg": 0,
            "net_income": -39387,
            "net_income_4q": null,
            "revenue": 84795,
            "revenue_4q": null,
            "common_shares": 3777618,
            "book_valuer_per_share": 12.5,
            "book_valuer_per_share_4q_avg": 12.61,
            "equity": 4720468,
            "current_ratio": 163.26,
            "debt_ratio": 55.5,
            "inventory_turnover_ratio": null,
            "account_receivable_turnover_ratio": 0.08,
            "reinvestment_rate": 30.7,
            "research_to_sale_ratio": null,
            "price_fair": 16.94,
            "eps_avg_yearly": 0.48,
            "eps_latest_yearly": 0.08,
            "eps_growth_yearly": 136.86
        },
        "20171": {
            "year_quarter": 20171,
            "year": 2017,
            "quarter": 1,
            "eps": 0.06,
            "eps_growth_year": 0,
            "eps_4q": 0.01,
            "eps_4q_growth_year": -97.59,
            "roe": 0.49,
            "roe_4q": 0.07000000000000003,
            "gross_profit": null,
            "gross_margin": null,
            "gross_margin_4q_avg": 0,
            "net_income": 23358,
            "net_income_4q": null,
            "revenue": 176191,
            "revenue_4q": null,
            "common_shares": 3777618,
            "book_valuer_per_share": 12.56,
            "book_valuer_per_share_4q_avg": 12.55,
            "equity": 4745286,
            "current_ratio": 150.7,
            "debt_ratio": 60.94,
            "inventory_turnover_ratio": null,
            "account_receivable_turnover_ratio": 0.14,
            "reinvestment_rate": 29.38,
            "research_to_sale_ratio": null,
            "price_fair": 16.94,
            "eps_avg_yearly": 0.48,
            "eps_latest_yearly": 0.08,
            "eps_growth_yearly": 136.86
        },
        "20172": {
            "year_quarter": 20172,
            "year": 2017,
            "quarter": 2,
            "eps": -0.03,
            "eps_growth_year": -200,
            "eps_4q": -0.05,
            "eps_4q_growth_year": -116.06,
            "roe": -0.22,
            "roe_4q": -0.37999999999999995,
            "gross_profit": null,
            "gross_margin": null,
            "gross_margin_4q_avg": 0,
            "net_income": -10340,
            "net_income_4q": null,
            "revenue": 131719,
            "revenue_4q": null,
            "common_shares": 3777618,
            "book_valuer_per_share": 12.58,
            "book_valuer_per_share_4q_avg": 12.56,
            "equity": 4619565,
            "current_ratio": 159.49,
            "debt_ratio": 56.95,
            "inventory_turnover_ratio": null,
            "account_receivable_turnover_ratio": 0.09,
            "reinvestment_rate": 20,
            "research_to_sale_ratio": null,
            "price_fair": 18.51,
            "eps_avg_yearly": 0.53,
            "eps_latest_yearly": 0.08,
            "eps_growth_yearly": 187.62
        }
    },
    "months": {
        "2004-08": {
            "month": "2004-08",
            "price": "8.85",
            "revenue": 32556
        },
        "2004-09": {
            "month": "2004-09",
            "price": "8.71",
            "revenue": 41566
        },
        "2004-10": {
            "month": "2004-10",
            "price": "8.81",
            "revenue": 36378
        },
        "2004-11": {
            "month": "2004-11",
            "price": "8.95",
            "revenue": 34217
        },
        "2004-12": {
            "month": "2004-12",
            "price": "8.98",
            "revenue": 32123
        },
        "2005-01": {
            "month": "2005-01",
            "price": "9.16",
            "revenue": 32375
        },
        "2005-02": {
            "month": "2005-02",
            "price": "9.11",
            "revenue": 33928
        },
        "2005-03": {
            "month": "2005-03",
            "price": "9.54",
            "revenue": 40176
        },
        "2005-04": {
            "month": "2005-04",
            "price": "10.14",
            "revenue": 18547
        },
        "2005-05": {
            "month": "2005-05",
            "price": "10.01",
            "revenue": 37199
        },
        "2005-06": {
            "month": "2005-06",
            "price": "10.00",
            "revenue": 61558
        },
        "2005-07": {
            "month": "2005-07",
            "price": "9.05",
            "revenue": 62347
        },
        "2005-08": {
            "month": "2005-08",
            "price": "10.37",
            "revenue": 30514
        },
        "2005-09": {
            "month": "2005-09",
            "price": "8.38",
            "revenue": 28356
        },
        "2005-10": {
            "month": "2005-10",
            "price": "9.02",
            "revenue": 26790
        },
        "2005-11": {
            "month": "2005-11",
            "price": "8.76",
            "revenue": 51084
        },
        "2005-12": {
            "month": "2005-12",
            "price": "8.53",
            "revenue": 86136
        },
        "2006-01": {
            "month": "2006-01",
            "price": "8.65",
            "revenue": 6295
        },
        "2006-02": {
            "month": "2006-02",
            "price": "8.17",
            "revenue": 40557
        },
        "2006-03": {
            "month": "2006-03",
            "price": "7.64",
            "revenue": 60837
        },
        "2006-04": {
            "month": "2006-04",
            "price": "8.17",
            "revenue": 245827
        },
        "2006-05": {
            "month": "2006-05",
            "price": "9.36",
            "revenue": 48592
        },
        "2006-06": {
            "month": "2006-06",
            "price": "7.83",
            "revenue": 43760
        },
        "2006-07": {
            "month": "2006-07",
            "price": "7.46",
            "revenue": 56368
        },
        "2006-08": {
            "month": "2006-08",
            "price": "7.37",
            "revenue": 66308
        },
        "2006-09": {
            "month": "2006-09",
            "price": "7.49",
            "revenue": 105292
        },
        "2006-10": {
            "month": "2006-10",
            "price": "7.98",
            "revenue": 85058
        },
        "2006-11": {
            "month": "2006-11",
            "price": "8.32",
            "revenue": 133792
        },
        "2006-12": {
            "month": "2006-12",
            "price": "9.49",
            "revenue": 138488
        },
        "2007-01": {
            "month": "2007-01",
            "price": "10.28",
            "revenue": 59613
        },
        "2007-02": {
            "month": "2007-02",
            "price": "9.98",
            "revenue": 110509
        },
        "2007-03": {
            "month": "2007-03",
            "price": "9.78",
            "revenue": 100836
        },
        "2007-04": {
            "month": "2007-04",
            "price": "10.24",
            "revenue": 125508
        },
        "2007-05": {
            "month": "2007-05",
            "price": "10.26",
            "revenue": 67167
        },
        "2007-06": {
            "month": "2007-06",
            "price": "11.82",
            "revenue": 272622
        },
        "2007-07": {
            "month": "2007-07",
            "price": "22.99",
            "revenue": 390014
        },
        "2007-08": {
            "month": "2007-08",
            "price": "25.16",
            "revenue": -32852
        },
        "2007-09": {
            "month": "2007-09",
            "price": "25.88",
            "revenue": 191949
        },
        "2007-10": {
            "month": "2007-10",
            "price": "28.20",
            "revenue": 147105
        },
        "2007-11": {
            "month": "2007-11",
            "price": "23.73",
            "revenue": -23842
        },
        "2007-12": {
            "month": "2007-12",
            "price": "18.77",
            "revenue": 68909
        },
        "2008-01": {
            "month": "2008-01",
            "price": "18.10",
            "revenue": -108386
        },
        "2008-02": {
            "month": "2008-02",
            "price": "18.08",
            "revenue": 116017
        },
        "2008-03": {
            "month": "2008-03",
            "price": "20.08",
            "revenue": 170166
        },
        "2008-04": {
            "month": "2008-04",
            "price": "22.18",
            "revenue": 124022
        },
        "2008-05": {
            "month": "2008-05",
            "price": "19.68",
            "revenue": 71077
        },
        "2008-06": {
            "month": "2008-06",
            "price": "15.14",
            "revenue": -33180
        },
        "2008-07": {
            "month": "2008-07",
            "price": "11.96",
            "revenue": -20535
        },
        "2008-08": {
            "month": "2008-08",
            "price": "11.42",
            "revenue": 79840
        },
        "2008-09": {
            "month": "2008-09",
            "price": "8.82",
            "revenue": -55545
        },
        "2008-10": {
            "month": "2008-10",
            "price": "6.00",
            "revenue": 110320
        },
        "2008-11": {
            "month": "2008-11",
            "price": "6.89",
            "revenue": 77416
        },
        "2008-12": {
            "month": "2008-12",
            "price": "7.18",
            "revenue": 109865
        },
        "2009-01": {
            "month": "2009-01",
            "price": "6.61",
            "revenue": 64356
        },
        "2009-02": {
            "month": "2009-02",
            "price": "6.26",
            "revenue": 77074
        },
        "2009-03": {
            "month": "2009-03",
            "price": "7.47",
            "revenue": 166696
        },
        "2009-04": {
            "month": "2009-04",
            "price": "11.38",
            "revenue": 158817
        },
        "2009-05": {
            "month": "2009-05",
            "price": "15.16",
            "revenue": 349809
        },
        "2009-06": {
            "month": "2009-06",
            "price": "16.68",
            "revenue": -48269
        },
        "2009-07": {
            "month": "2009-07",
            "price": "16.09",
            "revenue": 203547
        },
        "2009-08": {
            "month": "2009-08",
            "price": "14.98",
            "revenue": 50692
        },
        "2009-09": {
            "month": "2009-09",
            "price": "16.23",
            "revenue": 116021
        },
        "2009-10": {
            "month": "2009-10",
            "price": "16.79",
            "revenue": 50286
        },
        "2009-11": {
            "month": "2009-11",
            "price": "15.80",
            "revenue": 124578
        },
        "2009-12": {
            "month": "2009-12",
            "price": "16.24",
            "revenue": 258068
        },
        "2010-01": {
            "month": "2010-01",
            "price": "18.59",
            "revenue": 16826
        },
        "2010-02": {
            "month": "2010-02",
            "price": "15.64",
            "revenue": 55522
        },
        "2010-03": {
            "month": "2010-03",
            "price": "16.55",
            "revenue": 136462
        },
        "2010-04": {
            "month": "2010-04",
            "price": "17.59",
            "revenue": 88609
        },
        "2010-05": {
            "month": "2010-05",
            "price": "16.00",
            "revenue": 3682
        },
        "2010-06": {
            "month": "2010-06",
            "price": "15.26",
            "revenue": 8884
        },
        "2010-07": {
            "month": "2010-07",
            "price": "15.68",
            "revenue": 115576
        },
        "2010-08": {
            "month": "2010-08",
            "price": "13.80",
            "revenue": 107334
        },
        "2010-09": {
            "month": "2010-09",
            "price": "13.10",
            "revenue": 168090
        },
        "2010-10": {
            "month": "2010-10",
            "price": "13.05",
            "revenue": 48075
        },
        "2010-11": {
            "month": "2010-11",
            "price": "12.32",
            "revenue": 54132
        },
        "2010-12": {
            "month": "2010-12",
            "price": "13.56",
            "revenue": 146736
        },
        "2011-01": {
            "month": "2011-01",
            "price": "13.68",
            "revenue": 103174
        },
        "2011-02": {
            "month": "2011-02",
            "price": "12.35",
            "revenue": 47265
        },
        "2011-03": {
            "month": "2011-03",
            "price": "11.42",
            "revenue": 85015
        },
        "2011-04": {
            "month": "2011-04",
            "price": "11.58",
            "revenue": 120011
        },
        "2011-05": {
            "month": "2011-05",
            "price": "11.92",
            "revenue": 70681
        },
        "2011-06": {
            "month": "2011-06",
            "price": "11.44",
            "revenue": 64100
        },
        "2011-07": {
            "month": "2011-07",
            "price": "11.18",
            "revenue": 84322
        },
        "2011-08": {
            "month": "2011-08",
            "price": "9.46",
            "revenue": 61502
        },
        "2011-09": {
            "month": "2011-09",
            "price": "9.00",
            "revenue": 69384
        },
        "2011-10": {
            "month": "2011-10",
            "price": "9.08",
            "revenue": 82366
        },
        "2011-11": {
            "month": "2011-11",
            "price": "8.48",
            "revenue": 8045
        },
        "2011-12": {
            "month": "2011-12",
            "price": "7.31",
            "revenue": 29975
        },
        "2012-01": {
            "month": "2012-01",
            "price": "7.16",
            "revenue": 73822
        },
        "2012-02": {
            "month": "2012-02",
            "price": "10.20",
            "revenue": 110287
        },
        "2012-03": {
            "month": "2012-03",
            "price": "9.97",
            "revenue": 74004
        },
        "2012-04": {
            "month": "2012-04",
            "price": "8.07",
            "revenue": 43796
        },
        "2012-05": {
            "month": "2012-05",
            "price": "7.89",
            "revenue": 51623
        },
        "2012-06": {
            "month": "2012-06",
            "price": "7.50",
            "revenue": 48915
        },
        "2012-07": {
            "month": "2012-07",
            "price": "7.78",
            "revenue": 38192
        },
        "2012-08": {
            "month": "2012-08",
            "price": "8.51",
            "revenue": 80648
        },
        "2012-09": {
            "month": "2012-09",
            "price": "8.52",
            "revenue": 65719
        },
        "2012-10": {
            "month": "2012-10",
            "price": "7.84",
            "revenue": 6288
        },
        "2012-11": {
            "month": "2012-11",
            "price": "7.29",
            "revenue": 74648
        },
        "2012-12": {
            "month": "2012-12",
            "price": "7.98",
            "revenue": 72501
        },
        "2013-01": {
            "month": "2013-01",
            "price": "8.12",
            "revenue": 83473
        },
        "2013-02": {
            "month": "2013-02",
            "price": "8.29",
            "revenue": 68866
        },
        "2013-03": {
            "month": "2013-03",
            "price": "8.06",
            "revenue": 76724
        },
        "2013-04": {
            "month": "2013-04",
            "price": "7.63",
            "revenue": 80206
        },
        "2013-05": {
            "month": "2013-05",
            "price": "8.62",
            "revenue": 79595
        },
        "2013-06": {
            "month": "2013-06",
            "price": "9.21",
            "revenue": 35359
        },
        "2013-07": {
            "month": "2013-07",
            "price": "8.82",
            "revenue": 88555
        },
        "2013-08": {
            "month": "2013-08",
            "price": "8.25",
            "revenue": 51070
        },
        "2013-09": {
            "month": "2013-09",
            "price": "8.92",
            "revenue": 70520
        },
        "2013-10": {
            "month": "2013-10",
            "price": "9.13",
            "revenue": 85074
        },
        "2013-11": {
            "month": "2013-11",
            "price": "8.83",
            "revenue": 67186
        },
        "2013-12": {
            "month": "2013-12",
            "price": "9.22",
            "revenue": 92201
        },
        "2014-01": {
            "month": "2014-01",
            "price": "11.15",
            "revenue": 76796
        },
        "2014-02": {
            "month": "2014-02",
            "price": "10.55",
            "revenue": 134655
        },
        "2014-03": {
            "month": "2014-03",
            "price": "11.14",
            "revenue": 151471
        },
        "2014-04": {
            "month": "2014-04",
            "price": "10.99",
            "revenue": 70753
        },
        "2014-05": {
            "month": "2014-05",
            "price": "10.53",
            "revenue": 124225
        },
        "2014-06": {
            "month": "2014-06",
            "price": "11.41",
            "revenue": 121489
        },
        "2014-07": {
            "month": "2014-07",
            "price": "12.51",
            "revenue": 25162
        },
        "2014-08": {
            "month": "2014-08",
            "price": "11.06",
            "revenue": 57096
        },
        "2014-09": {
            "month": "2014-09",
            "price": "10.81",
            "revenue": 41163
        },
        "2014-10": {
            "month": "2014-10",
            "price": "10.09",
            "revenue": 16228
        },
        "2014-11": {
            "month": "2014-11",
            "price": "9.79",
            "revenue": 57007
        },
        "2014-12": {
            "month": "2014-12",
            "price": "10.82",
            "revenue": 109820
        },
        "2015-01": {
            "month": "2015-01",
            "price": "11.44",
            "revenue": 62318
        },
        "2015-02": {
            "month": "2015-02",
            "price": "11.41",
            "revenue": 63877
        },
        "2015-03": {
            "month": "2015-03",
            "price": "10.97",
            "revenue": 94298
        },
        "2015-04": {
            "month": "2015-04",
            "price": "11.56",
            "revenue": 123565
        },
        "2015-05": {
            "month": "2015-05",
            "price": "11.76",
            "revenue": 55310
        },
        "2015-06": {
            "month": "2015-06",
            "price": "10.83",
            "revenue": 52892
        },
        "2015-07": {
            "month": "2015-07",
            "price": "9.93",
            "revenue": 30098
        },
        "2015-08": {
            "month": "2015-08",
            "price": "8.78",
            "revenue": 29161
        },
        "2015-09": {
            "month": "2015-09",
            "price": "9.61",
            "revenue": 43625
        },
        "2015-10": {
            "month": "2015-10",
            "price": "9.80",
            "revenue": 109310
        },
        "2015-11": {
            "month": "2015-11",
            "price": "10.28",
            "revenue": 116613
        },
        "2015-12": {
            "month": "2015-12",
            "price": "9.68",
            "revenue": 104480
        },
        "2016-01": {
            "month": "2016-01",
            "price": "8.92",
            "revenue": 55814
        },
        "2016-02": {
            "month": "2016-02",
            "price": "9.27",
            "revenue": 38572
        },
        "2016-03": {
            "month": "2016-03",
            "price": "9.20",
            "revenue": 91611
        },
        "2016-04": {
            "month": "2016-04",
            "price": "8.57",
            "revenue": 55240
        },
        "2016-05": {
            "month": "2016-05",
            "price": "8.21",
            "revenue": 68593
        },
        "2016-06": {
            "month": "2016-06",
            "price": "8.20",
            "revenue": 37808
        },
        "2016-07": {
            "month": "2016-07",
            "price": "8.37",
            "revenue": 71686
        },
        "2016-08": {
            "month": "2016-08",
            "price": "8.38",
            "revenue": 41019
        },
        "2016-09": {
            "month": "2016-09",
            "price": "8.14",
            "revenue": 40664
        },
        "2016-10": {
            "month": "2016-10",
            "price": "7.85",
            "revenue": 16831
        },
        "2016-11": {
            "month": "2016-11",
            "price": "7.69",
            "revenue": 30517
        },
        "2016-12": {
            "month": "2016-12",
            "price": "8.16",
            "revenue": 37447
        },
        "2017-01": {
            "month": "2017-01",
            "price": "8.68",
            "revenue": 25672
        },
        "2017-02": {
            "month": "2017-02",
            "price": "9.68",
            "revenue": 82278
        },
        "2017-03": {
            "month": "2017-03",
            "price": "10.67",
            "revenue": 69381
        },
        "2017-04": {
            "month": "2017-04",
            "price": "11.00",
            "revenue": 33087
        },
        "2017-05": {
            "month": "2017-05",
            "price": "11.06",
            "revenue": 57957
        },
        "2017-06": {
            "month": "2017-06",
            "price": "11.07",
            "revenue": 40675
        },
        "2017-07": {
            "month": "2017-07",
            "price": "11.10",
            "revenue": -3855
        }
    }
}
