{
    "summary": {
        "stock_name": "元大期",
        "stock_id": "6023",
        "category": "金融",
        "main_business": "期貨經紀業務 期貨自營業務 期貨顧問事業<br>證券商 證券交易輔助業務 證券自營商<br>槓桿交易商",
        "website_url": "http://www.yuantafutures.com.tw/",
        "ceo": "許國村",
        "pe_ratio": 13,
        "report_year_from": 2004,
        "report_year_to": 2023,
        "age": 20,
        "eps_negative_percentage": 0,
        "eps_growth_avg": {
            "last_all": 11.8,
            "last_2y": 21.55,
            "last_4y": 13.06,
            "last_8y": 9.02,
            "last_12y": 11.8,
            "last_16y": null,
            "last_20y": null,
            "at_2006_last_3y": null,
            "at_2007_last_3y": null,
            "at_2008_last_3y": null,
            "at_2009_last_3y": null,
            "at_2010_last_3y": null,
            "at_2011_last_3y": null,
            "at_2012_last_3y": null,
            "at_2013_last_3y": null,
            "at_2014_last_3y": 18.05,
            "at_2015_last_3y": 1.22,
            "at_2016_last_3y": 10.22,
            "at_2017_last_3y": 8.47,
            "at_2018_last_3y": 3.98,
            "at_2019_last_3y": 10.08,
            "at_2020_last_3y": 4.94,
            "at_2021_last_3y": -3.7,
            "at_2022_last_3y": 0.88,
            "at_2023_last_3y": 12.89,
            "at_2024_last_3y": 12.89,
            "at_2006_last_all": null,
            "at_2007_last_all": null,
            "at_2008_last_all": null,
            "at_2009_last_all": null,
            "at_2010_last_all": null,
            "at_2011_last_all": null,
            "at_2012_last_all": 14.05,
            "at_2013_last_all": 13.19,
            "at_2014_last_all": 18.05,
            "at_2015_last_all": 12.3,
            "at_2016_last_all": 11.5,
            "at_2017_last_all": 10.49,
            "at_2018_last_all": 11.01,
            "at_2019_last_all": 11.31,
            "at_2020_last_all": 8.87,
            "at_2021_last_all": 5.33,
            "at_2022_last_all": 7.63,
            "at_2023_last_all": 11.8,
            "at_2024_last_all": 11.8
        },
        "latest_eps": 6.39,
        "latest_price": 81.1,
        "latest_roe": 13.53,
        "latest_gross_margin": null,
        "latest_equity": 14512709,
        "latest_revenue": 861318,
        "latest_gross_profit": null,
        "latest_net_income": 434641,
        "latest_debt_ratio": 87.12,
        "latest_current_ratio": 112.67,
        "latest_account_receivable_turnover_ratio": 6.78,
        "latest_inventory_turnover_ratio": null,
        "latest_reinvestment_rate": 2.32,
        "latest_research_to_sale_ratio": null
    },
    "eps_dividends": {
        "2001": {
            "cash": 0,
            "stock": 0,
            "eps": 0
        },
        "2002": {
            "cash": 0,
            "stock": 0,
            "eps": 0
        },
        "2003": {
            "cash": 0,
            "stock": 0,
            "eps": 0
        },
        "2004": {
            "cash": 0,
            "stock": 0,
            "eps": 0
        },
        "2005": {
            "cash": 1.2,
            "stock": 1.2,
            "eps": 0
        },
        "2006": {
            "cash": 1.1,
            "stock": 1.1,
            "eps": 0
        },
        "2007": {
            "cash": 0.81,
            "stock": 1.86,
            "eps": 0
        },
        "2008": {
            "cash": 1.15,
            "stock": 1.72,
            "eps": 0
        },
        "2009": {
            "cash": 3,
            "stock": 0,
            "eps": 0
        },
        "2010": {
            "cash": 1.83,
            "stock": 0,
            "eps": 2.26
        },
        "2011": {
            "cash": 1.58,
            "stock": 0,
            "eps": 3.54
        },
        "2012": {
            "cash": 2.4,
            "stock": 0,
            "eps": 2.53
        },
        "2013": {
            "cash": 1.79,
            "stock": 0,
            "eps": 2.82
        },
        "2014": {
            "cash": 2.07,
            "stock": 0,
            "eps": 3.74
        },
        "2015": {
            "cash": 6.95,
            "stock": 0,
            "eps": 3.34
        },
        "2016": {
            "cash": 2.28,
            "stock": 0,
            "eps": 3.59
        },
        "2017": {
            "cash": 2.47,
            "stock": 0,
            "eps": 3.75
        },
        "2018": {
            "cash": 2,
            "stock": 0,
            "eps": 4.3
        },
        "2019": {
            "cash": 2.8,
            "stock": 0,
            "eps": 4.89
        },
        "2020": {
            "cash": 3.2,
            "stock": 0,
            "eps": 4.25
        },
        "2021": {
            "cash": 2.8,
            "stock": 0,
            "eps": 2.97
        },
        "2022": {
            "cash": 2.3,
            "stock": 0,
            "eps": 3.95
        },
        "2023": {
            "cash": 2.5,
            "stock": 0,
            "eps": 6.39
        },
        "2024": {
            "cash": 5,
            "stock": 0,
            "eps": 0
        }
    },
    "dividends": {
        "2005-04-27": {
            "cash": 1.2,
            "stock": 1.2
        },
        "2006-03-02": {
            "cash": 1.1,
            "stock": 1.1
        },
        "2007-03-23": {
            "cash": 0.81,
            "stock": 1.86
        },
        "2008-04-24": {
            "cash": 1.15,
            "stock": 1.72
        },
        "2009-04-21": {
            "cash": 3,
            "stock": 0
        },
        "2010-02-25": {
            "cash": 1.83,
            "stock": 0
        },
        "2011-05-24": {
            "cash": 1.58,
            "stock": 0
        },
        "2012-03-06": {
            "cash": 2.4,
            "stock": 0
        },
        "2013-05-17": {
            "cash": 1.79,
            "stock": 0
        },
        "2014-05-20": {
            "cash": 2.07,
            "stock": 0
        },
        "2015-03-25": {
            "cash": 6.95,
            "stock": 0
        },
        "2016-06-30": {
            "cash": 2.28,
            "stock": 0
        },
        "2017-06-30": {
            "cash": 2.47,
            "stock": 0
        },
        "2018-07-05": {
            "cash": 2,
            "stock": 0
        },
        "2019-06-28": {
            "cash": 2.8,
            "stock": 0
        },
        "2020-06-30": {
            "cash": 3.2,
            "stock": 0
        },
        "2021-07-30": {
            "cash": 2.8,
            "stock": 0
        },
        "2022-06-30": {
            "cash": 2.3,
            "stock": 0
        },
        "2023-06-30": {
            "cash": 2.5,
            "stock": 0
        },
        "2024-02-27": {
            "cash": 5,
            "stock": 0
        }
    },
    "prices": {
        "200101": "無",
        "200102": "無",
        "200103": "無",
        "200104": "無",
        "200105": "無",
        "200106": "無",
        "200107": "無",
        "200108": "無",
        "200109": "無",
        "200110": "無",
        "200111": "無",
        "200112": "無",
        "200201": "無",
        "200202": "無",
        "200203": "無",
        "200204": "無",
        "200205": "無",
        "200206": "無",
        "200207": "無",
        "200208": "無",
        "200209": "無",
        "200210": "無",
        "200211": "無",
        "200212": "無",
        "200301": "無",
        "200302": "無",
        "200303": "無",
        "200304": "無",
        "200305": "無",
        "200306": "無",
        "200307": "無",
        "200308": "無",
        "200309": "無",
        "200310": "無",
        "200311": "無",
        "200312": "無",
        "200401": "無",
        "200402": "無",
        "200403": "無",
        "200404": "無",
        "200405": "無",
        "200406": "無",
        "200407": "無",
        "200408": "無",
        "200409": "無",
        "200410": "37.34",
        "200411": "34.78",
        "200412": "29.85",
        "200501": "31.59",
        "200502": "32.03",
        "200503": "33.39",
        "200504": "32.08",
        "200505": "31.70",
        "200506": "31.61",
        "200507": "30.77",
        "200508": "28.70",
        "200509": "25.11",
        "200510": "22.48",
        "200511": "21.89",
        "200512": "22.98",
        "200601": "24.13",
        "200602": "26.19",
        "200603": "26.22",
        "200604": "26.97",
        "200605": "29.27",
        "200606": "30.30",
        "200607": "31.26",
        "200608": "31.65",
        "200609": "30.44",
        "200610": "30.41",
        "200611": "30.61",
        "200612": "31.04",
        "200701": "37.08",
        "200702": "39.45",
        "200703": "44.34",
        "200704": "49.61",
        "200705": "48.95",
        "200706": "50.19",
        "200707": "61.52",
        "200708": "63.66",
        "200709": "56.84",
        "200710": "52.58",
        "200711": "40.93",
        "200712": "40.92",
        "200801": "44.13",
        "200802": "44.39",
        "200803": "44.63",
        "200804": "53.03",
        "200805": "56.02",
        "200806": "51.33",
        "200807": "54.26",
        "200808": "50.13",
        "200809": "43.02",
        "200810": "39.74",
        "200811": "42.27",
        "200812": "46.07",
        "200901": "43.65",
        "200902": "40.79",
        "200903": "42.25",
        "200904": "48.12",
        "200905": "47.60",
        "200906": "43.84",
        "200907": "41.69",
        "200908": "38.19",
        "200909": "38.43",
        "200910": "39.16",
        "200911": "37.97",
        "200912": "39.21",
        "201001": "41.35",
        "201002": "38.02",
        "201003": "39.09",
        "201004": "39.62",
        "201005": "39.31",
        "201006": "40.16",
        "201007": "39.98",
        "201008": "40.30",
        "201009": "39.39",
        "201010": "38.61",
        "201011": "36.63",
        "201012": "37.34",
        "201101": "37.39",
        "201102": "36.90",
        "201103": "36.56",
        "201104": "37.64",
        "201105": "37.78",
        "201106": "37.54",
        "201107": "37.34",
        "201108": "37.21",
        "201109": "38.53",
        "201110": "37.44",
        "201111": "34.72",
        "201112": "32.95",
        "201201": "34.21",
        "201202": "36.45",
        "201203": "36.74",
        "201204": "33.80",
        "201205": "33.26",
        "201206": "32.61",
        "201207": "33.51",
        "201208": "34.67",
        "201209": "33.17",
        "201210": "32.50",
        "201211": "30.76",
        "201212": "31.75",
        "201301": "32.73",
        "201302": "33.40",
        "201303": "33.81",
        "201304": "32.72",
        "201305": "33.34",
        "201306": "32.21",
        "201307": "32.21",
        "201308": "32.67",
        "201309": "33.08",
        "201310": "33.10",
        "201311": "32.69",
        "201312": "33.48",
        "201401": "35.80",
        "201402": "35.50",
        "201403": "35.35",
        "201404": "35.76",
        "201405": "35.41",
        "201406": "35.80",
        "201407": "34.20",
        "201408": "33.78",
        "201409": "33.72",
        "201410": "33.20",
        "201411": "33.92",
        "201412": "34.57",
        "201501": "35.22",
        "201502": "35.15",
        "201503": "37.50",
        "201504": "47.52",
        "201505": "48.57",
        "201506": "43.94",
        "201507": "35.42",
        "201508": "34.20",
        "201509": "35.32",
        "201510": "35.55",
        "201511": "35.42",
        "201512": "35.89",
        "201601": "35.60",
        "201602": "37.30",
        "201603": "39.49",
        "201604": "38.26",
        "201605": "37.77",
        "201606": "36.94",
        "201607": "36.96",
        "201608": "37.33",
        "201609": "36.99",
        "201610": "36.73",
        "201611": "36.99",
        "201612": "37.71",
        "201701": "38.09",
        "201702": "39.10",
        "201703": "39.36",
        "201704": "39.40",
        "201705": "39.24",
        "201706": "38.88",
        "201707": "38.29",
        "201708": "38.43",
        "201709": "39.80",
        "201710": "41.25",
        "201711": "40.90",
        "201712": "40.66",
        "201801": "42.85",
        "201802": "45.10",
        "201803": "47.14",
        "201804": "44.79",
        "201805": "44.77",
        "201806": "43.97",
        "201807": "41.93",
        "201808": "42.35",
        "201809": "42.15",
        "201810": "40.64",
        "201811": "41.15",
        "201812": "42.74",
        "201901": "44.51",
        "201902": "45.67",
        "201903": "45.87",
        "201904": "47.00",
        "201905": "47.19",
        "201906": "48.03",
        "201907": "49.65",
        "201908": "52.22",
        "201909": "55.27",
        "201910": "56.22",
        "201911": "55.05",
        "201912": "55.09",
        "202001": "55.53",
        "202002": "55.08",
        "202003": "50.14",
        "202004": "52.04",
        "202005": "54.83",
        "202006": "56.16",
        "202007": "55.03",
        "202008": "55.55",
        "202009": "53.65",
        "202010": "52.76",
        "202011": "51.14",
        "202012": "51.66",
        "202101": "51.73",
        "202102": "51.95",
        "202103": "52.72",
        "202104": "52.44",
        "202105": "50.65",
        "202106": "50.82",
        "202107": "50.53",
        "202108": "48.95",
        "202109": "49.18",
        "202110": "49.16",
        "202111": "49.38",
        "202112": "49.61",
        "202201": "49.68",
        "202202": "50.33",
        "202203": "49.80",
        "202204": "49.92",
        "202205": "48.66",
        "202206": "47.31",
        "202207": "46.59",
        "202208": "47.43",
        "202209": "47.73",
        "202210": "46.93",
        "202211": "47.85",
        "202212": "48.90",
        "202301": "49.01",
        "202302": "50.03",
        "202303": "50.18",
        "202304": "50.98",
        "202305": "52.28",
        "202306": "52.45",
        "202307": "53.54",
        "202308": "56.23",
        "202309": "58.94",
        "202310": "59.20",
        "202311": "59.78",
        "202312": "60.19",
        "202401": "60.67",
        "202402": "62.94",
        "202403": "73.77",
        "202404": "無"
    },
    "quarters": {
        "20011": {
            "year_quarter": 20011,
            "year": 2001,
            "quarter": 1,
            "eps": null,
            "eps_growth_year": null,
            "eps_4q": null,
            "eps_4q_growth_year": null,
            "roe": null,
            "roe_4q": 0,
            "gross_profit": null,
            "gross_margin": null,
            "gross_margin_4q_avg": 0,
            "net_income": null,
            "net_income_4q": null,
            "revenue": null,
            "revenue_4q": null,
            "common_shares": null,
            "book_valuer_per_share": null,
            "book_valuer_per_share_4q_avg": 0,
            "equity": null,
            "current_ratio": null,
            "debt_ratio": null,
            "inventory_turnover_ratio": null,
            "account_receivable_turnover_ratio": null,
            "reinvestment_rate": null,
            "research_to_sale_ratio": null,
            "price_fair": 0,
            "eps_avg_yearly": 0,
            "eps_latest_yearly": 0,
            "eps_growth_yearly": 0
        },
        "20012": {
            "year_quarter": 20012,
            "year": 2001,
            "quarter": 2,
            "eps": null,
            "eps_growth_year": null,
            "eps_4q": null,
            "eps_4q_growth_year": null,
            "roe": null,
            "roe_4q": 0,
            "gross_profit": null,
            "gross_margin": null,
            "gross_margin_4q_avg": 0,
            "net_income": null,
            "net_income_4q": null,
            "revenue": null,
            "revenue_4q": null,
            "common_shares": null,
            "book_valuer_per_share": null,
            "book_valuer_per_share_4q_avg": 0,
            "equity": null,
            "current_ratio": null,
            "debt_ratio": null,
            "inventory_turnover_ratio": null,
            "account_receivable_turnover_ratio": null,
            "reinvestment_rate": null,
            "research_to_sale_ratio": null,
            "price_fair": 0,
            "eps_avg_yearly": 0,
            "eps_latest_yearly": 0,
            "eps_growth_yearly": 0
        },
        "20013": {
            "year_quarter": 20013,
            "year": 2001,
            "quarter": 3,
            "eps": null,
            "eps_growth_year": null,
            "eps_4q": null,
            "eps_4q_growth_year": null,
            "roe": null,
            "roe_4q": 0,
            "gross_profit": null,
            "gross_margin": null,
            "gross_margin_4q_avg": 0,
            "net_income": null,
            "net_income_4q": null,
            "revenue": null,
            "revenue_4q": null,
            "common_shares": null,
            "book_valuer_per_share": null,
            "book_valuer_per_share_4q_avg": 0,
            "equity": null,
            "current_ratio": null,
            "debt_ratio": null,
            "inventory_turnover_ratio": null,
            "account_receivable_turnover_ratio": null,
            "reinvestment_rate": null,
            "research_to_sale_ratio": null,
            "price_fair": 0,
            "eps_avg_yearly": 0,
            "eps_latest_yearly": 0,
            "eps_growth_yearly": 0
        },
        "20014": {
            "year_quarter": 20014,
            "year": 2001,
            "quarter": 4,
            "eps": null,
            "eps_growth_year": null,
            "eps_4q": null,
            "eps_4q_growth_year": null,
            "roe": null,
            "roe_4q": 0,
            "gross_profit": null,
            "gross_margin": null,
            "gross_margin_4q_avg": 0,
            "net_income": null,
            "net_income_4q": null,
            "revenue": null,
            "revenue_4q": null,
            "common_shares": null,
            "book_valuer_per_share": null,
            "book_valuer_per_share_4q_avg": 0,
            "equity": null,
            "current_ratio": null,
            "debt_ratio": null,
            "inventory_turnover_ratio": null,
            "account_receivable_turnover_ratio": null,
            "reinvestment_rate": null,
            "research_to_sale_ratio": null,
            "price_fair": 0,
            "eps_avg_yearly": 0,
            "eps_latest_yearly": 0,
            "eps_growth_yearly": 0
        },
        "20021": {
            "year_quarter": 20021,
            "year": 2002,
            "quarter": 1,
            "eps": null,
            "eps_growth_year": null,
            "eps_4q": null,
            "eps_4q_growth_year": null,
            "roe": null,
            "roe_4q": 0,
            "gross_profit": null,
            "gross_margin": null,
            "gross_margin_4q_avg": 0,
            "net_income": null,
            "net_income_4q": null,
            "revenue": null,
            "revenue_4q": null,
            "common_shares": null,
            "book_valuer_per_share": null,
            "book_valuer_per_share_4q_avg": 0,
            "equity": null,
            "current_ratio": null,
            "debt_ratio": null,
            "inventory_turnover_ratio": null,
            "account_receivable_turnover_ratio": null,
            "reinvestment_rate": null,
            "research_to_sale_ratio": null,
            "price_fair": 0,
            "eps_avg_yearly": 0,
            "eps_latest_yearly": 0,
            "eps_growth_yearly": 0
        },
        "20022": {
            "year_quarter": 20022,
            "year": 2002,
            "quarter": 2,
            "eps": null,
            "eps_growth_year": null,
            "eps_4q": null,
            "eps_4q_growth_year": null,
            "roe": null,
            "roe_4q": 0,
            "gross_profit": null,
            "gross_margin": null,
            "gross_margin_4q_avg": 0,
            "net_income": null,
            "net_income_4q": null,
            "revenue": null,
            "revenue_4q": null,
            "common_shares": null,
            "book_valuer_per_share": null,
            "book_valuer_per_share_4q_avg": 0,
            "equity": null,
            "current_ratio": null,
            "debt_ratio": null,
            "inventory_turnover_ratio": null,
            "account_receivable_turnover_ratio": null,
            "reinvestment_rate": null,
            "research_to_sale_ratio": null,
            "price_fair": 0,
            "eps_avg_yearly": 0,
            "eps_latest_yearly": 0,
            "eps_growth_yearly": 0
        },
        "20023": {
            "year_quarter": 20023,
            "year": 2002,
            "quarter": 3,
            "eps": null,
            "eps_growth_year": null,
            "eps_4q": null,
            "eps_4q_growth_year": null,
            "roe": null,
            "roe_4q": 0,
            "gross_profit": null,
            "gross_margin": null,
            "gross_margin_4q_avg": 0,
            "net_income": null,
            "net_income_4q": null,
            "revenue": null,
            "revenue_4q": null,
            "common_shares": null,
            "book_valuer_per_share": null,
            "book_valuer_per_share_4q_avg": 0,
            "equity": null,
            "current_ratio": null,
            "debt_ratio": null,
            "inventory_turnover_ratio": null,
            "account_receivable_turnover_ratio": null,
            "reinvestment_rate": null,
            "research_to_sale_ratio": null,
            "price_fair": 0,
            "eps_avg_yearly": 0,
            "eps_latest_yearly": 0,
            "eps_growth_yearly": 0
        },
        "20024": {
            "year_quarter": 20024,
            "year": 2002,
            "quarter": 4,
            "eps": null,
            "eps_growth_year": null,
            "eps_4q": null,
            "eps_4q_growth_year": null,
            "roe": null,
            "roe_4q": 0,
            "gross_profit": null,
            "gross_margin": null,
            "gross_margin_4q_avg": 0,
            "net_income": null,
            "net_income_4q": null,
            "revenue": null,
            "revenue_4q": null,
            "common_shares": null,
            "book_valuer_per_share": null,
            "book_valuer_per_share_4q_avg": 0,
            "equity": null,
            "current_ratio": null,
            "debt_ratio": null,
            "inventory_turnover_ratio": null,
            "account_receivable_turnover_ratio": null,
            "reinvestment_rate": null,
            "research_to_sale_ratio": null,
            "price_fair": 0,
            "eps_avg_yearly": 0,
            "eps_latest_yearly": 0,
            "eps_growth_yearly": 0
        },
        "20031": {
            "year_quarter": 20031,
            "year": 2003,
            "quarter": 1,
            "eps": null,
            "eps_growth_year": null,
            "eps_4q": null,
            "eps_4q_growth_year": null,
            "roe": null,
            "roe_4q": 0,
            "gross_profit": null,
            "gross_margin": null,
            "gross_margin_4q_avg": 0,
            "net_income": null,
            "net_income_4q": null,
            "revenue": null,
            "revenue_4q": null,
            "common_shares": null,
            "book_valuer_per_share": null,
            "book_valuer_per_share_4q_avg": 0,
            "equity": null,
            "current_ratio": null,
            "debt_ratio": null,
            "inventory_turnover_ratio": null,
            "account_receivable_turnover_ratio": null,
            "reinvestment_rate": null,
            "research_to_sale_ratio": null,
            "price_fair": 0,
            "eps_avg_yearly": 0,
            "eps_latest_yearly": 0,
            "eps_growth_yearly": 0
        },
        "20032": {
            "year_quarter": 20032,
            "year": 2003,
            "quarter": 2,
            "eps": null,
            "eps_growth_year": null,
            "eps_4q": null,
            "eps_4q_growth_year": null,
            "roe": null,
            "roe_4q": 0,
            "gross_profit": null,
            "gross_margin": null,
            "gross_margin_4q_avg": 0,
            "net_income": null,
            "net_income_4q": null,
            "revenue": null,
            "revenue_4q": null,
            "common_shares": null,
            "book_valuer_per_share": null,
            "book_valuer_per_share_4q_avg": 0,
            "equity": null,
            "current_ratio": null,
            "debt_ratio": null,
            "inventory_turnover_ratio": null,
            "account_receivable_turnover_ratio": null,
            "reinvestment_rate": null,
            "research_to_sale_ratio": null,
            "price_fair": 0,
            "eps_avg_yearly": 0,
            "eps_latest_yearly": 0,
            "eps_growth_yearly": 0
        },
        "20033": {
            "year_quarter": 20033,
            "year": 2003,
            "quarter": 3,
            "eps": null,
            "eps_growth_year": null,
            "eps_4q": null,
            "eps_4q_growth_year": null,
            "roe": null,
            "roe_4q": 0,
            "gross_profit": null,
            "gross_margin": null,
            "gross_margin_4q_avg": 0,
            "net_income": null,
            "net_income_4q": null,
            "revenue": null,
            "revenue_4q": null,
            "common_shares": null,
            "book_valuer_per_share": null,
            "book_valuer_per_share_4q_avg": 0,
            "equity": null,
            "current_ratio": null,
            "debt_ratio": null,
            "inventory_turnover_ratio": null,
            "account_receivable_turnover_ratio": null,
            "reinvestment_rate": null,
            "research_to_sale_ratio": null,
            "price_fair": 0,
            "eps_avg_yearly": 0,
            "eps_latest_yearly": 0,
            "eps_growth_yearly": 0
        },
        "20034": {
            "year_quarter": 20034,
            "year": 2003,
            "quarter": 4,
            "eps": null,
            "eps_growth_year": null,
            "eps_4q": null,
            "eps_4q_growth_year": null,
            "roe": null,
            "roe_4q": 0,
            "gross_profit": null,
            "gross_margin": null,
            "gross_margin_4q_avg": 0,
            "net_income": null,
            "net_income_4q": null,
            "revenue": null,
            "revenue_4q": null,
            "common_shares": null,
            "book_valuer_per_share": null,
            "book_valuer_per_share_4q_avg": 0,
            "equity": null,
            "current_ratio": null,
            "debt_ratio": null,
            "inventory_turnover_ratio": null,
            "account_receivable_turnover_ratio": null,
            "reinvestment_rate": null,
            "research_to_sale_ratio": null,
            "price_fair": 0,
            "eps_avg_yearly": 0,
            "eps_latest_yearly": 0,
            "eps_growth_yearly": 0
        },
        "20041": {
            "year_quarter": 20041,
            "year": 2004,
            "quarter": 1,
            "eps": null,
            "eps_growth_year": null,
            "eps_4q": null,
            "eps_4q_growth_year": null,
            "roe": null,
            "roe_4q": 0,
            "gross_profit": null,
            "gross_margin": null,
            "gross_margin_4q_avg": 0,
            "net_income": null,
            "net_income_4q": null,
            "revenue": null,
            "revenue_4q": null,
            "common_shares": null,
            "book_valuer_per_share": null,
            "book_valuer_per_share_4q_avg": 0,
            "equity": null,
            "current_ratio": null,
            "debt_ratio": null,
            "inventory_turnover_ratio": null,
            "account_receivable_turnover_ratio": null,
            "reinvestment_rate": null,
            "research_to_sale_ratio": null,
            "price_fair": 0,
            "eps_avg_yearly": 0,
            "eps_latest_yearly": 0,
            "eps_growth_yearly": 0
        },
        "20042": {
            "year_quarter": 20042,
            "year": 2004,
            "quarter": 2,
            "eps": null,
            "eps_growth_year": null,
            "eps_4q": null,
            "eps_4q_growth_year": null,
            "roe": null,
            "roe_4q": 0,
            "gross_profit": null,
            "gross_margin": null,
            "gross_margin_4q_avg": 0,
            "net_income": null,
            "net_income_4q": null,
            "revenue": null,
            "revenue_4q": null,
            "common_shares": null,
            "book_valuer_per_share": null,
            "book_valuer_per_share_4q_avg": 0,
            "equity": null,
            "current_ratio": null,
            "debt_ratio": null,
            "inventory_turnover_ratio": null,
            "account_receivable_turnover_ratio": null,
            "reinvestment_rate": null,
            "research_to_sale_ratio": null,
            "price_fair": 0,
            "eps_avg_yearly": 0,
            "eps_latest_yearly": 0,
            "eps_growth_yearly": 0
        },
        "20043": {
            "year_quarter": 20043,
            "year": 2004,
            "quarter": 3,
            "eps": null,
            "eps_growth_year": null,
            "eps_4q": null,
            "eps_4q_growth_year": null,
            "roe": null,
            "roe_4q": 0,
            "gross_profit": null,
            "gross_margin": null,
            "gross_margin_4q_avg": 0,
            "net_income": null,
            "net_income_4q": null,
            "revenue": null,
            "revenue_4q": null,
            "common_shares": null,
            "book_valuer_per_share": null,
            "book_valuer_per_share_4q_avg": 0,
            "equity": null,
            "current_ratio": null,
            "debt_ratio": null,
            "inventory_turnover_ratio": null,
            "account_receivable_turnover_ratio": null,
            "reinvestment_rate": null,
            "research_to_sale_ratio": null,
            "price_fair": 0,
            "eps_avg_yearly": 0,
            "eps_latest_yearly": 0,
            "eps_growth_yearly": 0
        },
        "20044": {
            "year_quarter": 20044,
            "year": 2004,
            "quarter": 4,
            "eps": null,
            "eps_growth_year": null,
            "eps_4q": null,
            "eps_4q_growth_year": null,
            "roe": null,
            "roe_4q": 0,
            "gross_profit": null,
            "gross_margin": null,
            "gross_margin_4q_avg": 0,
            "net_income": null,
            "net_income_4q": null,
            "revenue": null,
            "revenue_4q": null,
            "common_shares": null,
            "book_valuer_per_share": null,
            "book_valuer_per_share_4q_avg": 0,
            "equity": null,
            "current_ratio": null,
            "debt_ratio": null,
            "inventory_turnover_ratio": null,
            "account_receivable_turnover_ratio": null,
            "reinvestment_rate": null,
            "research_to_sale_ratio": null,
            "price_fair": 0,
            "eps_avg_yearly": 0,
            "eps_latest_yearly": 0,
            "eps_growth_yearly": 0
        },
        "20051": {
            "year_quarter": 20051,
            "year": 2005,
            "quarter": 1,
            "eps": null,
            "eps_growth_year": null,
            "eps_4q": null,
            "eps_4q_growth_year": null,
            "roe": null,
            "roe_4q": 0,
            "gross_profit": null,
            "gross_margin": null,
            "gross_margin_4q_avg": 0,
            "net_income": null,
            "net_income_4q": null,
            "revenue": null,
            "revenue_4q": null,
            "common_shares": null,
            "book_valuer_per_share": null,
            "book_valuer_per_share_4q_avg": 0,
            "equity": null,
            "current_ratio": null,
            "debt_ratio": null,
            "inventory_turnover_ratio": null,
            "account_receivable_turnover_ratio": null,
            "reinvestment_rate": null,
            "research_to_sale_ratio": null,
            "price_fair": 0,
            "eps_avg_yearly": 0,
            "eps_latest_yearly": 0,
            "eps_growth_yearly": 0
        },
        "20052": {
            "year_quarter": 20052,
            "year": 2005,
            "quarter": 2,
            "eps": null,
            "eps_growth_year": null,
            "eps_4q": null,
            "eps_4q_growth_year": null,
            "roe": null,
            "roe_4q": 0,
            "gross_profit": null,
            "gross_margin": null,
            "gross_margin_4q_avg": 0,
            "net_income": null,
            "net_income_4q": null,
            "revenue": null,
            "revenue_4q": null,
            "common_shares": null,
            "book_valuer_per_share": null,
            "book_valuer_per_share_4q_avg": 0,
            "equity": null,
            "current_ratio": null,
            "debt_ratio": null,
            "inventory_turnover_ratio": null,
            "account_receivable_turnover_ratio": null,
            "reinvestment_rate": null,
            "research_to_sale_ratio": null,
            "price_fair": 0,
            "eps_avg_yearly": 0,
            "eps_latest_yearly": 0,
            "eps_growth_yearly": 0
        },
        "20053": {
            "year_quarter": 20053,
            "year": 2005,
            "quarter": 3,
            "eps": null,
            "eps_growth_year": null,
            "eps_4q": null,
            "eps_4q_growth_year": null,
            "roe": null,
            "roe_4q": 0,
            "gross_profit": null,
            "gross_margin": null,
            "gross_margin_4q_avg": 0,
            "net_income": null,
            "net_income_4q": null,
            "revenue": null,
            "revenue_4q": null,
            "common_shares": null,
            "book_valuer_per_share": null,
            "book_valuer_per_share_4q_avg": 0,
            "equity": null,
            "current_ratio": null,
            "debt_ratio": null,
            "inventory_turnover_ratio": null,
            "account_receivable_turnover_ratio": null,
            "reinvestment_rate": null,
            "research_to_sale_ratio": null,
            "price_fair": 0,
            "eps_avg_yearly": 0,
            "eps_latest_yearly": 0,
            "eps_growth_yearly": 0
        },
        "20054": {
            "year_quarter": 20054,
            "year": 2005,
            "quarter": 4,
            "eps": null,
            "eps_growth_year": null,
            "eps_4q": null,
            "eps_4q_growth_year": null,
            "roe": null,
            "roe_4q": 0,
            "gross_profit": null,
            "gross_margin": null,
            "gross_margin_4q_avg": 0,
            "net_income": null,
            "net_income_4q": null,
            "revenue": null,
            "revenue_4q": null,
            "common_shares": null,
            "book_valuer_per_share": null,
            "book_valuer_per_share_4q_avg": 0,
            "equity": null,
            "current_ratio": null,
            "debt_ratio": null,
            "inventory_turnover_ratio": null,
            "account_receivable_turnover_ratio": null,
            "reinvestment_rate": null,
            "research_to_sale_ratio": null,
            "price_fair": 0,
            "eps_avg_yearly": 0,
            "eps_latest_yearly": 0,
            "eps_growth_yearly": 0
        },
        "20061": {
            "year_quarter": 20061,
            "year": 2006,
            "quarter": 1,
            "eps": null,
            "eps_growth_year": null,
            "eps_4q": null,
            "eps_4q_growth_year": null,
            "roe": null,
            "roe_4q": 0,
            "gross_profit": null,
            "gross_margin": null,
            "gross_margin_4q_avg": 0,
            "net_income": null,
            "net_income_4q": null,
            "revenue": null,
            "revenue_4q": null,
            "common_shares": null,
            "book_valuer_per_share": null,
            "book_valuer_per_share_4q_avg": 0,
            "equity": null,
            "current_ratio": null,
            "debt_ratio": null,
            "inventory_turnover_ratio": null,
            "account_receivable_turnover_ratio": null,
            "reinvestment_rate": null,
            "research_to_sale_ratio": null,
            "price_fair": 0,
            "eps_avg_yearly": 0,
            "eps_latest_yearly": 0,
            "eps_growth_yearly": 0
        },
        "20062": {
            "year_quarter": 20062,
            "year": 2006,
            "quarter": 2,
            "eps": null,
            "eps_growth_year": null,
            "eps_4q": null,
            "eps_4q_growth_year": null,
            "roe": null,
            "roe_4q": 0,
            "gross_profit": null,
            "gross_margin": null,
            "gross_margin_4q_avg": 0,
            "net_income": null,
            "net_income_4q": null,
            "revenue": null,
            "revenue_4q": null,
            "common_shares": null,
            "book_valuer_per_share": null,
            "book_valuer_per_share_4q_avg": 0,
            "equity": null,
            "current_ratio": null,
            "debt_ratio": null,
            "inventory_turnover_ratio": null,
            "account_receivable_turnover_ratio": null,
            "reinvestment_rate": null,
            "research_to_sale_ratio": null,
            "price_fair": 0,
            "eps_avg_yearly": 0,
            "eps_latest_yearly": 0,
            "eps_growth_yearly": 0
        },
        "20063": {
            "year_quarter": 20063,
            "year": 2006,
            "quarter": 3,
            "eps": null,
            "eps_growth_year": null,
            "eps_4q": null,
            "eps_4q_growth_year": null,
            "roe": null,
            "roe_4q": 0,
            "gross_profit": null,
            "gross_margin": null,
            "gross_margin_4q_avg": 0,
            "net_income": null,
            "net_income_4q": null,
            "revenue": null,
            "revenue_4q": null,
            "common_shares": null,
            "book_valuer_per_share": null,
            "book_valuer_per_share_4q_avg": 0,
            "equity": null,
            "current_ratio": null,
            "debt_ratio": null,
            "inventory_turnover_ratio": null,
            "account_receivable_turnover_ratio": null,
            "reinvestment_rate": null,
            "research_to_sale_ratio": null,
            "price_fair": 0,
            "eps_avg_yearly": 0,
            "eps_latest_yearly": 0,
            "eps_growth_yearly": 0
        },
        "20064": {
            "year_quarter": 20064,
            "year": 2006,
            "quarter": 4,
            "eps": null,
            "eps_growth_year": null,
            "eps_4q": null,
            "eps_4q_growth_year": null,
            "roe": null,
            "roe_4q": 0,
            "gross_profit": null,
            "gross_margin": null,
            "gross_margin_4q_avg": 0,
            "net_income": null,
            "net_income_4q": null,
            "revenue": null,
            "revenue_4q": null,
            "common_shares": null,
            "book_valuer_per_share": null,
            "book_valuer_per_share_4q_avg": 0,
            "equity": null,
            "current_ratio": null,
            "debt_ratio": null,
            "inventory_turnover_ratio": null,
            "account_receivable_turnover_ratio": null,
            "reinvestment_rate": null,
            "research_to_sale_ratio": null,
            "price_fair": 0,
            "eps_avg_yearly": 0,
            "eps_latest_yearly": 0,
            "eps_growth_yearly": 0
        },
        "20071": {
            "year_quarter": 20071,
            "year": 2007,
            "quarter": 1,
            "eps": null,
            "eps_growth_year": null,
            "eps_4q": null,
            "eps_4q_growth_year": null,
            "roe": null,
            "roe_4q": 0,
            "gross_profit": null,
            "gross_margin": null,
            "gross_margin_4q_avg": 0,
            "net_income": null,
            "net_income_4q": null,
            "revenue": null,
            "revenue_4q": null,
            "common_shares": null,
            "book_valuer_per_share": null,
            "book_valuer_per_share_4q_avg": 0,
            "equity": null,
            "current_ratio": null,
            "debt_ratio": null,
            "inventory_turnover_ratio": null,
            "account_receivable_turnover_ratio": null,
            "reinvestment_rate": null,
            "research_to_sale_ratio": null,
            "price_fair": 0,
            "eps_avg_yearly": 0,
            "eps_latest_yearly": 0,
            "eps_growth_yearly": 0
        },
        "20072": {
            "year_quarter": 20072,
            "year": 2007,
            "quarter": 2,
            "eps": null,
            "eps_growth_year": null,
            "eps_4q": null,
            "eps_4q_growth_year": null,
            "roe": null,
            "roe_4q": 0,
            "gross_profit": null,
            "gross_margin": null,
            "gross_margin_4q_avg": 0,
            "net_income": null,
            "net_income_4q": null,
            "revenue": null,
            "revenue_4q": null,
            "common_shares": null,
            "book_valuer_per_share": null,
            "book_valuer_per_share_4q_avg": 0,
            "equity": null,
            "current_ratio": null,
            "debt_ratio": null,
            "inventory_turnover_ratio": null,
            "account_receivable_turnover_ratio": null,
            "reinvestment_rate": null,
            "research_to_sale_ratio": null,
            "price_fair": 0,
            "eps_avg_yearly": 0,
            "eps_latest_yearly": 0,
            "eps_growth_yearly": 0
        },
        "20073": {
            "year_quarter": 20073,
            "year": 2007,
            "quarter": 3,
            "eps": null,
            "eps_growth_year": null,
            "eps_4q": null,
            "eps_4q_growth_year": null,
            "roe": null,
            "roe_4q": 0,
            "gross_profit": null,
            "gross_margin": null,
            "gross_margin_4q_avg": 0,
            "net_income": null,
            "net_income_4q": null,
            "revenue": null,
            "revenue_4q": null,
            "common_shares": null,
            "book_valuer_per_share": null,
            "book_valuer_per_share_4q_avg": 0,
            "equity": null,
            "current_ratio": null,
            "debt_ratio": null,
            "inventory_turnover_ratio": null,
            "account_receivable_turnover_ratio": null,
            "reinvestment_rate": null,
            "research_to_sale_ratio": null,
            "price_fair": 0,
            "eps_avg_yearly": 0,
            "eps_latest_yearly": 0,
            "eps_growth_yearly": 0
        },
        "20074": {
            "year_quarter": 20074,
            "year": 2007,
            "quarter": 4,
            "eps": null,
            "eps_growth_year": null,
            "eps_4q": null,
            "eps_4q_growth_year": null,
            "roe": null,
            "roe_4q": 0,
            "gross_profit": null,
            "gross_margin": null,
            "gross_margin_4q_avg": 0,
            "net_income": null,
            "net_income_4q": null,
            "revenue": null,
            "revenue_4q": null,
            "common_shares": null,
            "book_valuer_per_share": null,
            "book_valuer_per_share_4q_avg": 0,
            "equity": null,
            "current_ratio": null,
            "debt_ratio": null,
            "inventory_turnover_ratio": null,
            "account_receivable_turnover_ratio": null,
            "reinvestment_rate": null,
            "research_to_sale_ratio": null,
            "price_fair": 0,
            "eps_avg_yearly": 0,
            "eps_latest_yearly": 0,
            "eps_growth_yearly": 0
        },
        "20081": {
            "year_quarter": 20081,
            "year": 2008,
            "quarter": 1,
            "eps": null,
            "eps_growth_year": null,
            "eps_4q": null,
            "eps_4q_growth_year": null,
            "roe": null,
            "roe_4q": 0,
            "gross_profit": null,
            "gross_margin": null,
            "gross_margin_4q_avg": 0,
            "net_income": null,
            "net_income_4q": null,
            "revenue": null,
            "revenue_4q": null,
            "common_shares": null,
            "book_valuer_per_share": null,
            "book_valuer_per_share_4q_avg": 0,
            "equity": null,
            "current_ratio": null,
            "debt_ratio": null,
            "inventory_turnover_ratio": null,
            "account_receivable_turnover_ratio": null,
            "reinvestment_rate": null,
            "research_to_sale_ratio": null,
            "price_fair": 0,
            "eps_avg_yearly": 0,
            "eps_latest_yearly": 0,
            "eps_growth_yearly": 0
        },
        "20082": {
            "year_quarter": 20082,
            "year": 2008,
            "quarter": 2,
            "eps": null,
            "eps_growth_year": null,
            "eps_4q": null,
            "eps_4q_growth_year": null,
            "roe": null,
            "roe_4q": 0,
            "gross_profit": null,
            "gross_margin": null,
            "gross_margin_4q_avg": 0,
            "net_income": null,
            "net_income_4q": null,
            "revenue": null,
            "revenue_4q": null,
            "common_shares": null,
            "book_valuer_per_share": null,
            "book_valuer_per_share_4q_avg": 0,
            "equity": null,
            "current_ratio": null,
            "debt_ratio": null,
            "inventory_turnover_ratio": null,
            "account_receivable_turnover_ratio": null,
            "reinvestment_rate": null,
            "research_to_sale_ratio": null,
            "price_fair": 0,
            "eps_avg_yearly": 0,
            "eps_latest_yearly": 0,
            "eps_growth_yearly": 0
        },
        "20083": {
            "year_quarter": 20083,
            "year": 2008,
            "quarter": 3,
            "eps": null,
            "eps_growth_year": null,
            "eps_4q": null,
            "eps_4q_growth_year": null,
            "roe": null,
            "roe_4q": 0,
            "gross_profit": null,
            "gross_margin": null,
            "gross_margin_4q_avg": 0,
            "net_income": null,
            "net_income_4q": null,
            "revenue": null,
            "revenue_4q": null,
            "common_shares": null,
            "book_valuer_per_share": null,
            "book_valuer_per_share_4q_avg": 0,
            "equity": null,
            "current_ratio": null,
            "debt_ratio": null,
            "inventory_turnover_ratio": null,
            "account_receivable_turnover_ratio": null,
            "reinvestment_rate": null,
            "research_to_sale_ratio": null,
            "price_fair": 0,
            "eps_avg_yearly": 0,
            "eps_latest_yearly": 0,
            "eps_growth_yearly": 0
        },
        "20084": {
            "year_quarter": 20084,
            "year": 2008,
            "quarter": 4,
            "eps": null,
            "eps_growth_year": null,
            "eps_4q": null,
            "eps_4q_growth_year": null,
            "roe": null,
            "roe_4q": 0,
            "gross_profit": null,
            "gross_margin": null,
            "gross_margin_4q_avg": 0,
            "net_income": null,
            "net_income_4q": null,
            "revenue": null,
            "revenue_4q": null,
            "common_shares": 1312763,
            "book_valuer_per_share": null,
            "book_valuer_per_share_4q_avg": 0,
            "equity": 2889701,
            "current_ratio": null,
            "debt_ratio": null,
            "inventory_turnover_ratio": null,
            "account_receivable_turnover_ratio": null,
            "reinvestment_rate": null,
            "research_to_sale_ratio": null,
            "price_fair": 0,
            "eps_avg_yearly": 0,
            "eps_latest_yearly": 0,
            "eps_growth_yearly": 0
        },
        "20091": {
            "year_quarter": 20091,
            "year": 2009,
            "quarter": 1,
            "eps": null,
            "eps_growth_year": null,
            "eps_4q": null,
            "eps_4q_growth_year": null,
            "roe": null,
            "roe_4q": 0,
            "gross_profit": null,
            "gross_margin": null,
            "gross_margin_4q_avg": 0,
            "net_income": 140432,
            "net_income_4q": null,
            "revenue": 1134541,
            "revenue_4q": null,
            "common_shares": 1312763,
            "book_valuer_per_share": null,
            "book_valuer_per_share_4q_avg": 0,
            "equity": 3030133,
            "current_ratio": null,
            "debt_ratio": null,
            "inventory_turnover_ratio": null,
            "account_receivable_turnover_ratio": null,
            "reinvestment_rate": null,
            "research_to_sale_ratio": null,
            "price_fair": 0,
            "eps_avg_yearly": 0,
            "eps_latest_yearly": 0,
            "eps_growth_yearly": 0
        },
        "20092": {
            "year_quarter": 20092,
            "year": 2009,
            "quarter": 2,
            "eps": null,
            "eps_growth_year": null,
            "eps_4q": null,
            "eps_4q_growth_year": null,
            "roe": null,
            "roe_4q": 0,
            "gross_profit": null,
            "gross_margin": null,
            "gross_margin_4q_avg": 0,
            "net_income": 101556,
            "net_income_4q": null,
            "revenue": 767905,
            "revenue_4q": null,
            "common_shares": 1312763,
            "book_valuer_per_share": null,
            "book_valuer_per_share_4q_avg": 0,
            "equity": 2737860,
            "current_ratio": null,
            "debt_ratio": null,
            "inventory_turnover_ratio": null,
            "account_receivable_turnover_ratio": null,
            "reinvestment_rate": null,
            "research_to_sale_ratio": null,
            "price_fair": 0,
            "eps_avg_yearly": 0,
            "eps_latest_yearly": 0,
            "eps_growth_yearly": 0
        },
        "20093": {
            "year_quarter": 20093,
            "year": 2009,
            "quarter": 3,
            "eps": null,
            "eps_growth_year": null,
            "eps_4q": null,
            "eps_4q_growth_year": null,
            "roe": null,
            "roe_4q": 0,
            "gross_profit": null,
            "gross_margin": null,
            "gross_margin_4q_avg": 0,
            "net_income": 44474,
            "net_income_4q": null,
            "revenue": 585967,
            "revenue_4q": null,
            "common_shares": 1312763,
            "book_valuer_per_share": null,
            "book_valuer_per_share_4q_avg": 0,
            "equity": 2782334,
            "current_ratio": null,
            "debt_ratio": null,
            "inventory_turnover_ratio": null,
            "account_receivable_turnover_ratio": null,
            "reinvestment_rate": null,
            "research_to_sale_ratio": null,
            "price_fair": 0,
            "eps_avg_yearly": 0,
            "eps_latest_yearly": 0,
            "eps_growth_yearly": 0
        },
        "20094": {
            "year_quarter": 20094,
            "year": 2009,
            "quarter": 4,
            "eps": null,
            "eps_growth_year": null,
            "eps_4q": null,
            "eps_4q_growth_year": null,
            "roe": null,
            "roe_4q": 0,
            "gross_profit": null,
            "gross_margin": null,
            "gross_margin_4q_avg": 0,
            "net_income": 19934,
            "net_income_4q": null,
            "revenue": 682972,
            "revenue_4q": null,
            "common_shares": 1312763,
            "book_valuer_per_share": 21.35,
            "book_valuer_per_share_4q_avg": 5.34,
            "equity": 2802268,
            "current_ratio": 114.79,
            "debt_ratio": 85.68,
            "inventory_turnover_ratio": null,
            "account_receivable_turnover_ratio": null,
            "reinvestment_rate": null,
            "research_to_sale_ratio": null,
            "price_fair": 0,
            "eps_avg_yearly": 0,
            "eps_latest_yearly": 0,
            "eps_growth_yearly": 0
        },
        "20101": {
            "year_quarter": 20101,
            "year": 2010,
            "quarter": 1,
            "eps": 0.54,
            "eps_growth_year": null,
            "eps_4q": 0.54,
            "eps_4q_growth_year": null,
            "roe": 2.5,
            "roe_4q": 2.5,
            "gross_profit": null,
            "gross_margin": null,
            "gross_margin_4q_avg": 0,
            "net_income": 70940,
            "net_income_4q": null,
            "revenue": 655990,
            "revenue_4q": null,
            "common_shares": 1312763,
            "book_valuer_per_share": 21.89,
            "book_valuer_per_share_4q_avg": 10.81,
            "equity": 2873208,
            "current_ratio": 113.82,
            "debt_ratio": 86.4,
            "inventory_turnover_ratio": null,
            "account_receivable_turnover_ratio": 176.63,
            "reinvestment_rate": null,
            "research_to_sale_ratio": null,
            "price_fair": 0,
            "eps_avg_yearly": 0,
            "eps_latest_yearly": 0,
            "eps_growth_yearly": 0
        },
        "20102": {
            "year_quarter": 20102,
            "year": 2010,
            "quarter": 2,
            "eps": 0.61,
            "eps_growth_year": null,
            "eps_4q": 1.15,
            "eps_4q_growth_year": null,
            "roe": 2.88,
            "roe_4q": 5.38,
            "gross_profit": null,
            "gross_margin": null,
            "gross_margin_4q_avg": 0,
            "net_income": 80539,
            "net_income_4q": null,
            "revenue": 879834,
            "revenue_4q": null,
            "common_shares": 1312763,
            "book_valuer_per_share": 20.67,
            "book_valuer_per_share_4q_avg": 15.98,
            "equity": 2713511,
            "current_ratio": 113.4,
            "debt_ratio": 86.67,
            "inventory_turnover_ratio": null,
            "account_receivable_turnover_ratio": 158.64,
            "reinvestment_rate": null,
            "research_to_sale_ratio": null,
            "price_fair": 85.4,
            "eps_avg_yearly": 2.44,
            "eps_latest_yearly": 2.44,
            "eps_growth_yearly": 51.85
        },
        "20103": {
            "year_quarter": 20103,
            "year": 2010,
            "quarter": 3,
            "eps": 0.52,
            "eps_growth_year": null,
            "eps_4q": 1.68,
            "eps_4q_growth_year": null,
            "roe": 2.51,
            "roe_4q": 7.89,
            "gross_profit": null,
            "gross_margin": null,
            "gross_margin_4q_avg": 0,
            "net_income": 68896,
            "net_income_4q": null,
            "revenue": 611048,
            "revenue_4q": null,
            "common_shares": 1312763,
            "book_valuer_per_share": 21.2,
            "book_valuer_per_share_4q_avg": 21.28,
            "equity": 2782406,
            "current_ratio": 113.64,
            "debt_ratio": 86.56,
            "inventory_turnover_ratio": null,
            "account_receivable_turnover_ratio": 108.8,
            "reinvestment_rate": null,
            "research_to_sale_ratio": null,
            "price_fair": 6.78,
            "eps_avg_yearly": 2.26,
            "eps_latest_yearly": 2.08,
            "eps_growth_yearly": -3.58
        },
        "20104": {
            "year_quarter": 20104,
            "year": 2010,
            "quarter": 4,
            "eps": 0.59,
            "eps_growth_year": null,
            "eps_4q": 2.27,
            "eps_4q_growth_year": null,
            "roe": 2.73,
            "roe_4q": 10.620000000000001,
            "gross_profit": null,
            "gross_margin": null,
            "gross_margin_4q_avg": 0,
            "net_income": 77069,
            "net_income_4q": null,
            "revenue": 645996,
            "revenue_4q": null,
            "common_shares": 1312763,
            "book_valuer_per_share": 21.78,
            "book_valuer_per_share_4q_avg": 21.39,
            "equity": 2859475,
            "current_ratio": 113.87,
            "debt_ratio": 85.55,
            "inventory_turnover_ratio": null,
            "account_receivable_turnover_ratio": 112.85,
            "reinvestment_rate": null,
            "research_to_sale_ratio": null,
            "price_fair": 58.62,
            "eps_avg_yearly": 2.29,
            "eps_latest_yearly": 2.36,
            "eps_growth_yearly": 15.56
        },
        "20111": {
            "year_quarter": 20111,
            "year": 2011,
            "quarter": 1,
            "eps": 0.97,
            "eps_growth_year": 79.63,
            "eps_4q": 2.69,
            "eps_4q_growth_year": 398.46,
            "roe": 4.21,
            "roe_4q": 12.329999999999998,
            "gross_profit": null,
            "gross_margin": null,
            "gross_margin_4q_avg": 0,
            "net_income": 127104,
            "net_income_4q": null,
            "revenue": 871898,
            "revenue_4q": null,
            "common_shares": 1312763,
            "book_valuer_per_share": 24.18,
            "book_valuer_per_share_4q_avg": 21.96,
            "equity": 3173857,
            "current_ratio": 115.64,
            "debt_ratio": 84.12,
            "inventory_turnover_ratio": null,
            "account_receivable_turnover_ratio": 155.42,
            "reinvestment_rate": null,
            "research_to_sale_ratio": null,
            "price_fair": 94.15,
            "eps_avg_yearly": 2.69,
            "eps_latest_yearly": 3.88,
            "eps_growth_yearly": 76.08
        },
        "20112": {
            "year_quarter": 20112,
            "year": 2011,
            "quarter": 2,
            "eps": 0.85,
            "eps_growth_year": 39.14,
            "eps_4q": 2.93,
            "eps_4q_growth_year": 154.25,
            "roe": 3.59,
            "roe_4q": 13.04,
            "gross_profit": null,
            "gross_margin": null,
            "gross_margin_4q_avg": 0,
            "net_income": 112059,
            "net_income_4q": null,
            "revenue": 751083,
            "revenue_4q": null,
            "common_shares": 1312763,
            "book_valuer_per_share": 23.42,
            "book_valuer_per_share_4q_avg": 22.65,
            "equity": 3074183,
            "current_ratio": 114.77,
            "debt_ratio": 84.88,
            "inventory_turnover_ratio": null,
            "account_receivable_turnover_ratio": 126.68,
            "reinvestment_rate": null,
            "research_to_sale_ratio": null,
            "price_fair": 99.12,
            "eps_avg_yearly": 2.83,
            "eps_latest_yearly": 3.4,
            "eps_growth_yearly": 50.96
        },
        "20113": {
            "year_quarter": 20113,
            "year": 2011,
            "quarter": 3,
            "eps": 1.2,
            "eps_growth_year": 127.87,
            "eps_4q": 3.6,
            "eps_4q_growth_year": 114.74,
            "roe": 4.97,
            "roe_4q": 15.5,
            "gross_profit": null,
            "gross_margin": null,
            "gross_margin_4q_avg": 0,
            "net_income": 156993,
            "net_income_4q": null,
            "revenue": 2830852,
            "revenue_4q": null,
            "common_shares": 1312763,
            "book_valuer_per_share": 24.7,
            "book_valuer_per_share_4q_avg": 23.52,
            "equity": 3241977,
            "current_ratio": 113.89,
            "debt_ratio": 85.74,
            "inventory_turnover_ratio": null,
            "account_receivable_turnover_ratio": 410.12,
            "reinvestment_rate": null,
            "research_to_sale_ratio": null,
            "price_fair": 110.6,
            "eps_avg_yearly": 3.16,
            "eps_latest_yearly": 4.8,
            "eps_growth_yearly": 69.92
        },
        "20114": {
            "year_quarter": 20114,
            "year": 2011,
            "quarter": 4,
            "eps": 0.52,
            "eps_growth_year": -11.11,
            "eps_4q": 3.54,
            "eps_4q_growth_year": 56.22,
            "roe": 2.09,
            "roe_4q": 14.86,
            "gross_profit": null,
            "gross_margin": null,
            "gross_margin_4q_avg": 0,
            "net_income": 68510,
            "net_income_4q": null,
            "revenue": 957777,
            "revenue_4q": null,
            "common_shares": 1312763,
            "book_valuer_per_share": 25.2,
            "book_valuer_per_share_4q_avg": 24.38,
            "equity": 3308768,
            "current_ratio": 117,
            "debt_ratio": 83.15,
            "inventory_turnover_ratio": null,
            "account_receivable_turnover_ratio": 79.33,
            "reinvestment_rate": null,
            "research_to_sale_ratio": null,
            "price_fair": 105.2,
            "eps_avg_yearly": 3.01,
            "eps_latest_yearly": 2.08,
            "eps_growth_yearly": 27.55
        },
        "20121": {
            "year_quarter": 20121,
            "year": 2012,
            "quarter": 1,
            "eps": 0.64,
            "eps_growth_year": -34.02,
            "eps_4q": 3.21,
            "eps_4q_growth_year": 19.07,
            "roe": 2.61,
            "roe_4q": 13.259999999999998,
            "gross_profit": null,
            "gross_margin": null,
            "gross_margin_4q_avg": 0,
            "net_income": 83485,
            "net_income_4q": null,
            "revenue": 624128,
            "revenue_4q": null,
            "common_shares": 1312763,
            "book_valuer_per_share": 23.49,
            "book_valuer_per_share_4q_avg": 24.2,
            "equity": 3083369,
            "current_ratio": 115.2,
            "debt_ratio": 84.14,
            "inventory_turnover_ratio": null,
            "account_receivable_turnover_ratio": 58.06,
            "reinvestment_rate": null,
            "research_to_sale_ratio": null,
            "price_fair": 103.25,
            "eps_avg_yearly": 2.95,
            "eps_latest_yearly": 2.56,
            "eps_growth_yearly": 35.65
        },
        "20122": {
            "year_quarter": 20122,
            "year": 2012,
            "quarter": 2,
            "eps": 0.8,
            "eps_growth_year": -6.49,
            "eps_4q": 2.13,
            "eps_4q_growth_year": -27.45,
            "roe": 5.48,
            "roe_4q": 15.149999999999999,
            "gross_profit": null,
            "gross_margin": null,
            "gross_margin_4q_avg": 0,
            "net_income": 245016,
            "net_income_4q": null,
            "revenue": 1558708,
            "revenue_4q": null,
            "common_shares": 2322763,
            "book_valuer_per_share": 25.25,
            "book_valuer_per_share_4q_avg": 24.66,
            "equity": 5865779,
            "current_ratio": 114.04,
            "debt_ratio": 85.46,
            "inventory_turnover_ratio": null,
            "account_receivable_turnover_ratio": 262.41,
            "reinvestment_rate": null,
            "research_to_sale_ratio": null,
            "price_fair": 104.22,
            "eps_avg_yearly": 2.98,
            "eps_latest_yearly": 3.2,
            "eps_growth_yearly": 42.8
        },
        "20123": {
            "year_quarter": 20123,
            "year": 2012,
            "quarter": 3,
            "eps": 0.45,
            "eps_growth_year": -62.11,
            "eps_4q": 1.91,
            "eps_4q_growth_year": -47.14,
            "roe": 1.77,
            "roe_4q": 11.95,
            "gross_profit": null,
            "gross_margin": null,
            "gross_margin_4q_avg": 0,
            "net_income": 105248,
            "net_income_4q": null,
            "revenue": 977757,
            "revenue_4q": null,
            "common_shares": 2322763,
            "book_valuer_per_share": 25.83,
            "book_valuer_per_share_4q_avg": 24.94,
            "equity": 6000600,
            "current_ratio": 115.16,
            "debt_ratio": 84.64,
            "inventory_turnover_ratio": null,
            "account_receivable_turnover_ratio": 89.58,
            "reinvestment_rate": null,
            "research_to_sale_ratio": null,
            "price_fair": 88.71,
            "eps_avg_yearly": 2.86,
            "eps_latest_yearly": 1.8,
            "eps_growth_yearly": 21.02
        },
        "20124": {
            "year_quarter": 20124,
            "year": 2012,
            "quarter": 4,
            "eps": 0.64,
            "eps_growth_year": 23.54,
            "eps_4q": 2.26,
            "eps_4q_growth_year": -36.28,
            "roe": 2.47,
            "roe_4q": 12.33,
            "gross_profit": null,
            "gross_margin": null,
            "gross_margin_4q_avg": 0,
            "net_income": 149749,
            "net_income_4q": null,
            "revenue": 896900,
            "revenue_4q": null,
            "common_shares": 2322763,
            "book_valuer_per_share": 26.35,
            "book_valuer_per_share_4q_avg": 25.23,
            "equity": 6120106,
            "current_ratio": 115.58,
            "debt_ratio": 84.15,
            "inventory_turnover_ratio": null,
            "account_receivable_turnover_ratio": 93,
            "reinvestment_rate": 4.26,
            "research_to_sale_ratio": null,
            "price_fair": 99.15,
            "eps_avg_yearly": 2.83,
            "eps_latest_yearly": 2.56,
            "eps_growth_yearly": 34.46
        },
        "20131": {
            "year_quarter": 20131,
            "year": 2013,
            "quarter": 1,
            "eps": 0.43,
            "eps_growth_year": -32.81,
            "eps_4q": 2.32,
            "eps_4q_growth_year": -27.53,
            "roe": 1.54,
            "roe_4q": 11.26,
            "gross_profit": null,
            "gross_margin": null,
            "gross_margin_4q_avg": 0,
            "net_income": 99532,
            "net_income_4q": null,
            "revenue": 568280,
            "revenue_4q": null,
            "common_shares": 2322763,
            "book_valuer_per_share": 29.25,
            "book_valuer_per_share_4q_avg": 26.67,
            "equity": 6793289,
            "current_ratio": 115.55,
            "debt_ratio": 82.53,
            "inventory_turnover_ratio": null,
            "account_receivable_turnover_ratio": 149.35,
            "reinvestment_rate": 8.14,
            "research_to_sale_ratio": null,
            "price_fair": 83.98,
            "eps_avg_yearly": 2.74,
            "eps_latest_yearly": 1.72,
            "eps_growth_yearly": 20.65
        },
        "20132": {
            "year_quarter": 20132,
            "year": 2013,
            "quarter": 2,
            "eps": 0.85,
            "eps_growth_year": 6.49,
            "eps_4q": 2.38,
            "eps_4q_growth_year": 11.93,
            "roe": 2.97,
            "roe_4q": 8.75,
            "gross_profit": null,
            "gross_margin": null,
            "gross_margin_4q_avg": 0,
            "net_income": 198815,
            "net_income_4q": null,
            "revenue": 703122,
            "revenue_4q": null,
            "common_shares": 2322763,
            "book_valuer_per_share": 28.39,
            "book_valuer_per_share_4q_avg": 27.46,
            "equity": 6593406,
            "current_ratio": 114.53,
            "debt_ratio": 83.39,
            "inventory_turnover_ratio": null,
            "account_receivable_turnover_ratio": 192.72,
            "reinvestment_rate": 7.83,
            "research_to_sale_ratio": null,
            "price_fair": 97.68,
            "eps_avg_yearly": 2.79,
            "eps_latest_yearly": 3.4,
            "eps_growth_yearly": 49.12
        },
        "20133": {
            "year_quarter": 20133,
            "year": 2013,
            "quarter": 3,
            "eps": 0.68,
            "eps_growth_year": 50.07,
            "eps_4q": 2.6,
            "eps_4q_growth_year": 36.61,
            "roe": 2.34,
            "roe_4q": 9.32,
            "gross_profit": null,
            "gross_margin": null,
            "gross_margin_4q_avg": 0,
            "net_income": 156602,
            "net_income_4q": null,
            "revenue": 605429,
            "revenue_4q": null,
            "common_shares": 2322763,
            "book_valuer_per_share": 29.16,
            "book_valuer_per_share_4q_avg": 28.29,
            "equity": 6772587,
            "current_ratio": 115.56,
            "debt_ratio": 82.52,
            "inventory_turnover_ratio": null,
            "account_receivable_turnover_ratio": 144.06,
            "reinvestment_rate": 4.82,
            "research_to_sale_ratio": null,
            "price_fair": 97.5,
            "eps_avg_yearly": 2.79,
            "eps_latest_yearly": 2.72,
            "eps_growth_yearly": 39.89
        },
        "20134": {
            "year_quarter": 20134,
            "year": 2013,
            "quarter": 4,
            "eps": 0.86,
            "eps_growth_year": 32.83,
            "eps_4q": 2.82,
            "eps_4q_growth_year": 24.81,
            "roe": 2.89,
            "roe_4q": 9.740000000000002,
            "gross_profit": null,
            "gross_margin": null,
            "gross_margin_4q_avg": 0,
            "net_income": 198918,
            "net_income_4q": null,
            "revenue": 519928,
            "revenue_4q": null,
            "common_shares": 2322763,
            "book_valuer_per_share": 30.16,
            "book_valuer_per_share_4q_avg": 29.24,
            "equity": 7005065,
            "current_ratio": 117.46,
            "debt_ratio": 81.15,
            "inventory_turnover_ratio": null,
            "account_receivable_turnover_ratio": 131.81,
            "reinvestment_rate": 0.7,
            "research_to_sale_ratio": null,
            "price_fair": 99.03,
            "eps_avg_yearly": 2.83,
            "eps_latest_yearly": 3.44,
            "eps_growth_yearly": 44.29
        },
        "20141": {
            "year_quarter": 20141,
            "year": 2014,
            "quarter": 1,
            "eps": 1.59,
            "eps_growth_year": 269.77,
            "eps_4q": 3.98,
            "eps_4q_growth_year": 71.26,
            "roe": 5.17,
            "roe_4q": 13.370000000000001,
            "gross_profit": null,
            "gross_margin": null,
            "gross_margin_4q_avg": 0,
            "net_income": 370347,
            "net_income_4q": null,
            "revenue": 466830,
            "revenue_4q": null,
            "common_shares": 2322763,
            "book_valuer_per_share": 31.47,
            "book_valuer_per_share_4q_avg": 29.8,
            "equity": 7309650,
            "current_ratio": 117.92,
            "debt_ratio": 81.32,
            "inventory_turnover_ratio": null,
            "account_receivable_turnover_ratio": 147.75,
            "reinvestment_rate": 0.02,
            "research_to_sale_ratio": null,
            "price_fair": 106.75,
            "eps_avg_yearly": 3.05,
            "eps_latest_yearly": 6.36,
            "eps_growth_yearly": 62.75
        },
        "20142": {
            "year_quarter": 20142,
            "year": 2014,
            "quarter": 2,
            "eps": 0.59,
            "eps_growth_year": -30.59,
            "eps_4q": 3.71,
            "eps_4q_growth_year": 55.92,
            "roe": 1.92,
            "roe_4q": 12.32,
            "gross_profit": null,
            "gross_margin": null,
            "gross_margin_4q_avg": 0,
            "net_income": 136905,
            "net_income_4q": null,
            "revenue": 493224,
            "revenue_4q": null,
            "common_shares": 2322763,
            "book_valuer_per_share": 30.04,
            "book_valuer_per_share_4q_avg": 30.21,
            "equity": 6977022,
            "current_ratio": 118.31,
            "debt_ratio": 80.74,
            "inventory_turnover_ratio": null,
            "account_receivable_turnover_ratio": 112.48,
            "reinvestment_rate": -0.27,
            "research_to_sale_ratio": null,
            "price_fair": 106.58,
            "eps_avg_yearly": 3.05,
            "eps_latest_yearly": 2.36,
            "eps_growth_yearly": 43.78
        },
        "20143": {
            "year_quarter": 20143,
            "year": 2014,
            "quarter": 3,
            "eps": 0.72,
            "eps_growth_year": 5.88,
            "eps_4q": 3.76,
            "eps_4q_growth_year": 44.49,
            "roe": 2.37,
            "roe_4q": 12.350000000000001,
            "gross_profit": null,
            "gross_margin": null,
            "gross_margin_4q_avg": 0,
            "net_income": 167563,
            "net_income_4q": null,
            "revenue": 642449,
            "revenue_4q": null,
            "common_shares": 2322763,
            "book_valuer_per_share": 30.96,
            "book_valuer_per_share_4q_avg": 30.66,
            "equity": 7191681,
            "current_ratio": 118.39,
            "debt_ratio": 80.76,
            "inventory_turnover_ratio": null,
            "account_receivable_turnover_ratio": 87.34,
            "reinvestment_rate": -0.35,
            "research_to_sale_ratio": null,
            "price_fair": 108.33,
            "eps_avg_yearly": 3.1,
            "eps_latest_yearly": 2.88,
            "eps_growth_yearly": 52.98
        },
        "20144": {
            "year_quarter": 20144,
            "year": 2014,
            "quarter": 4,
            "eps": 0.84,
            "eps_growth_year": -1.57,
            "eps_4q": 3.75,
            "eps_4q_growth_year": 33.15,
            "roe": 2.67,
            "roe_4q": 12.129999999999999,
            "gross_profit": null,
            "gross_margin": null,
            "gross_margin_4q_avg": 0,
            "net_income": 195790,
            "net_income_4q": null,
            "revenue": 671531,
            "revenue_4q": null,
            "common_shares": 2322763,
            "book_valuer_per_share": 32.08,
            "book_valuer_per_share_4q_avg": 31.14,
            "equity": 7452433,
            "current_ratio": 119.08,
            "debt_ratio": 80.25,
            "inventory_turnover_ratio": null,
            "account_receivable_turnover_ratio": 71.02,
            "reinvestment_rate": -0.69,
            "research_to_sale_ratio": null,
            "price_fair": 110.51,
            "eps_avg_yearly": 3.16,
            "eps_latest_yearly": 3.36,
            "eps_growth_yearly": 53.78
        },
        "20151": {
            "year_quarter": 20151,
            "year": 2015,
            "quarter": 1,
            "eps": 0.56,
            "eps_growth_year": -64.78,
            "eps_4q": 2.71,
            "eps_4q_growth_year": -31.92,
            "roe": 1.71,
            "roe_4q": 8.67,
            "gross_profit": null,
            "gross_margin": null,
            "gross_margin_4q_avg": 0,
            "net_income": 129274,
            "net_income_4q": null,
            "revenue": 536912,
            "revenue_4q": null,
            "common_shares": 2322763,
            "book_valuer_per_share": 33.08,
            "book_valuer_per_share_4q_avg": 31.54,
            "equity": 7684733,
            "current_ratio": 116.84,
            "debt_ratio": 81.99,
            "inventory_turnover_ratio": null,
            "account_receivable_turnover_ratio": 28.02,
            "reinvestment_rate": -0.65,
            "research_to_sale_ratio": null,
            "price_fair": 106.93,
            "eps_avg_yearly": 3.06,
            "eps_latest_yearly": 2.24,
            "eps_growth_yearly": 29.34
        },
        "20152": {
            "year_quarter": 20152,
            "year": 2015,
            "quarter": 2,
            "eps": 0.81,
            "eps_growth_year": 37.29,
            "eps_4q": 2.93,
            "eps_4q_growth_year": -21.04,
            "roe": 2.7,
            "roe_4q": 9.45,
            "gross_profit": null,
            "gross_margin": null,
            "gross_margin_4q_avg": 0,
            "net_income": 188626,
            "net_income_4q": null,
            "revenue": 697008,
            "revenue_4q": null,
            "common_shares": 2322763,
            "book_valuer_per_share": 27.03,
            "book_valuer_per_share_4q_avg": 30.79,
            "equity": 6279018,
            "current_ratio": 111.16,
            "debt_ratio": 86.17,
            "inventory_turnover_ratio": null,
            "account_receivable_turnover_ratio": 19.64,
            "reinvestment_rate": -0.83,
            "research_to_sale_ratio": null,
            "price_fair": 106.58,
            "eps_avg_yearly": 3.05,
            "eps_latest_yearly": 3.24,
            "eps_growth_yearly": 43.6
        },
        "20153": {
            "year_quarter": 20153,
            "year": 2015,
            "quarter": 3,
            "eps": 1.07,
            "eps_growth_year": 48.61,
            "eps_4q": 3.29,
            "eps_4q_growth_year": -12.67,
            "roe": 3.88,
            "roe_4q": 10.959999999999999,
            "gross_profit": null,
            "gross_margin": null,
            "gross_margin_4q_avg": 0,
            "net_income": 249361,
            "net_income_4q": null,
            "revenue": 909738,
            "revenue_4q": null,
            "common_shares": 2322763,
            "book_valuer_per_share": 28.26,
            "book_valuer_per_share_4q_avg": 30.11,
            "equity": 6563665,
            "current_ratio": 109.56,
            "debt_ratio": 88.04,
            "inventory_turnover_ratio": null,
            "account_receivable_turnover_ratio": 39.77,
            "reinvestment_rate": -1.31,
            "research_to_sale_ratio": null,
            "price_fair": 105.44,
            "eps_avg_yearly": 3.01,
            "eps_latest_yearly": 4.28,
            "eps_growth_yearly": 41.33
        },
        "20154": {
            "year_quarter": 20154,
            "year": 2015,
            "quarter": 4,
            "eps": 0.9,
            "eps_growth_year": 7.17,
            "eps_4q": 3.35,
            "eps_4q_growth_year": -10.74,
            "roe": 3.15,
            "roe_4q": 11.440000000000001,
            "gross_profit": null,
            "gross_margin": null,
            "gross_margin_4q_avg": 0,
            "net_income": 209832,
            "net_income_4q": null,
            "revenue": 786271,
            "revenue_4q": null,
            "common_shares": 2322763,
            "book_valuer_per_share": 29.18,
            "book_valuer_per_share_4q_avg": 29.39,
            "equity": 6777107,
            "current_ratio": 109.67,
            "debt_ratio": 88.08,
            "inventory_turnover_ratio": null,
            "account_receivable_turnover_ratio": 45.58,
            "reinvestment_rate": -0.36,
            "research_to_sale_ratio": null,
            "price_fair": 108.76,
            "eps_avg_yearly": 3.11,
            "eps_latest_yearly": 3.6,
            "eps_growth_yearly": 51.52
        },
        "20161": {
            "year_quarter": 20161,
            "year": 2016,
            "quarter": 1,
            "eps": 0.9,
            "eps_growth_year": 60.71,
            "eps_4q": 3.69,
            "eps_4q_growth_year": 36.19,
            "roe": 3.02,
            "roe_4q": 12.75,
            "gross_profit": null,
            "gross_margin": null,
            "gross_margin_4q_avg": 0,
            "net_income": 209542,
            "net_income_4q": null,
            "revenue": 783848,
            "revenue_4q": null,
            "common_shares": 2322763,
            "book_valuer_per_share": 30.61,
            "book_valuer_per_share_4q_avg": 28.77,
            "equity": 7110483,
            "current_ratio": 109.2,
            "debt_ratio": 88.71,
            "inventory_turnover_ratio": null,
            "account_receivable_turnover_ratio": 18.49,
            "reinvestment_rate": -0.32,
            "research_to_sale_ratio": null,
            "price_fair": 111.04,
            "eps_avg_yearly": 3.17,
            "eps_latest_yearly": 3.6,
            "eps_growth_yearly": 45.75
        },
        "20162": {
            "year_quarter": 20162,
            "year": 2016,
            "quarter": 2,
            "eps": 1.01,
            "eps_growth_year": 24.69,
            "eps_4q": 3.89,
            "eps_4q_growth_year": 32.65,
            "roe": 3.38,
            "roe_4q": 13.43,
            "gross_profit": null,
            "gross_margin": null,
            "gross_margin_4q_avg": 0,
            "net_income": 234931,
            "net_income_4q": null,
            "revenue": 768320,
            "revenue_4q": null,
            "common_shares": 2322763,
            "book_valuer_per_share": 29.32,
            "book_valuer_per_share_4q_avg": 29.34,
            "equity": 6811315,
            "current_ratio": 108.67,
            "debt_ratio": 89.16,
            "inventory_turnover_ratio": null,
            "account_receivable_turnover_ratio": 16.02,
            "reinvestment_rate": -2.51,
            "research_to_sale_ratio": null,
            "price_fair": 112.88,
            "eps_avg_yearly": 3.23,
            "eps_latest_yearly": 4.04,
            "eps_growth_yearly": 42.56
        },
        "20163": {
            "year_quarter": 20163,
            "year": 2016,
            "quarter": 3,
            "eps": 0.77,
            "eps_growth_year": -28.04,
            "eps_4q": 3.59,
            "eps_4q_growth_year": 9.18,
            "roe": 2.59,
            "roe_4q": 12.14,
            "gross_profit": null,
            "gross_margin": null,
            "gross_margin_4q_avg": 0,
            "net_income": 178777,
            "net_income_4q": null,
            "revenue": 678448,
            "revenue_4q": null,
            "common_shares": 2322763,
            "book_valuer_per_share": 30.2,
            "book_valuer_per_share_4q_avg": 29.83,
            "equity": 7014835,
            "current_ratio": 108.72,
            "debt_ratio": 89.16,
            "inventory_turnover_ratio": null,
            "account_receivable_turnover_ratio": 9.88,
            "reinvestment_rate": -2.8,
            "research_to_sale_ratio": null,
            "price_fair": 115.68,
            "eps_avg_yearly": 3.31,
            "eps_latest_yearly": 3.08,
            "eps_growth_yearly": 47.56
        },
        "20164": {
            "year_quarter": 20164,
            "year": 2016,
            "quarter": 4,
            "eps": 0.91,
            "eps_growth_year": 1.25,
            "eps_4q": 3.6,
            "eps_4q_growth_year": 7.54,
            "roe": 2.99,
            "roe_4q": 11.98,
            "gross_profit": null,
            "gross_margin": null,
            "gross_margin_4q_avg": 0,
            "net_income": 212456,
            "net_income_4q": null,
            "revenue": 702759,
            "revenue_4q": null,
            "common_shares": 2322763,
            "book_valuer_per_share": 30.93,
            "book_valuer_per_share_4q_avg": 30.27,
            "equity": 7183896,
            "current_ratio": 109.47,
            "debt_ratio": 88.45,
            "inventory_turnover_ratio": null,
            "account_receivable_turnover_ratio": 3.15,
            "reinvestment_rate": -3.47,
            "research_to_sale_ratio": null,
            "price_fair": 118.04,
            "eps_avg_yearly": 3.37,
            "eps_latest_yearly": 3.64,
            "eps_growth_yearly": 41.55
        },
        "20171": {
            "year_quarter": 20171,
            "year": 2017,
            "quarter": 1,
            "eps": 0.7,
            "eps_growth_year": -22.22,
            "eps_4q": 3.39,
            "eps_4q_growth_year": -8.03,
            "roe": 2.23,
            "roe_4q": 11.190000000000001,
            "gross_profit": null,
            "gross_margin": null,
            "gross_margin_4q_avg": 0,
            "net_income": 162370,
            "net_income_4q": null,
            "revenue": 628492,
            "revenue_4q": null,
            "common_shares": 2322763,
            "book_valuer_per_share": 31.67,
            "book_valuer_per_share_4q_avg": 30.53,
            "equity": 7355982,
            "current_ratio": 111.18,
            "debt_ratio": 86.73,
            "inventory_turnover_ratio": null,
            "account_receivable_turnover_ratio": 3.55,
            "reinvestment_rate": -5.08,
            "research_to_sale_ratio": null,
            "price_fair": 120.4,
            "eps_avg_yearly": 3.44,
            "eps_latest_yearly": 2.8,
            "eps_growth_yearly": 43.98
        },
        "20172": {
            "year_quarter": 20172,
            "year": 2017,
            "quarter": 2,
            "eps": 0.78,
            "eps_growth_year": -22.77,
            "eps_4q": 3.17,
            "eps_4q_growth_year": -18.55,
            "roe": 2.55,
            "roe_4q": 10.36,
            "gross_profit": null,
            "gross_margin": null,
            "gross_margin_4q_avg": 0,
            "net_income": 182403,
            "net_income_4q": null,
            "revenue": 678438,
            "revenue_4q": null,
            "common_shares": 2322763,
            "book_valuer_per_share": 29.95,
            "book_valuer_per_share_4q_avg": 30.69,
            "equity": 6957758,
            "current_ratio": 108.82,
            "debt_ratio": 87.97,
            "inventory_turnover_ratio": null,
            "account_receivable_turnover_ratio": 200.16,
            "reinvestment_rate": 10.77,
            "research_to_sale_ratio": null,
            "price_fair": 110.95,
            "eps_avg_yearly": 3.42,
            "eps_latest_yearly": 3.12,
            "eps_growth_yearly": 22.42
        },
        "20173": {
            "year_quarter": 20173,
            "year": 2017,
            "quarter": 3,
            "eps": 1.15,
            "eps_growth_year": 49.35,
            "eps_4q": 3.56,
            "eps_4q_growth_year": -0.79,
            "roe": 3.79,
            "roe_4q": 11.56,
            "gross_profit": null,
            "gross_margin": null,
            "gross_margin_4q_avg": 0,
            "net_income": 269271,
            "net_income_4q": null,
            "revenue": 856031,
            "revenue_4q": null,
            "common_shares": 2322763,
            "book_valuer_per_share": 31.18,
            "book_valuer_per_share_4q_avg": 30.93,
            "equity": 7241478,
            "current_ratio": 109.29,
            "debt_ratio": 87.55,
            "inventory_turnover_ratio": null,
            "account_receivable_turnover_ratio": 44.76,
            "reinvestment_rate": 11.72,
            "research_to_sale_ratio": null,
            "price_fair": 123.9,
            "eps_avg_yearly": 3.54,
            "eps_latest_yearly": 4.6,
            "eps_growth_yearly": 39.28
        },
        "20174": {
            "year_quarter": 20174,
            "year": 2017,
            "quarter": 4,
            "eps": 1.12,
            "eps_growth_year": 22.02,
            "eps_4q": 3.76,
            "eps_4q_growth_year": 4.5,
            "roe": 3.52,
            "roe_4q": 12.09,
            "gross_profit": null,
            "gross_margin": null,
            "gross_margin_4q_avg": 0,
            "net_income": 259242,
            "net_income_4q": null,
            "revenue": 758040,
            "revenue_4q": null,
            "common_shares": 2322763,
            "book_valuer_per_share": 32.15,
            "book_valuer_per_share_4q_avg": 31.24,
            "equity": 7467585,
            "current_ratio": 110.04,
            "debt_ratio": 87.01,
            "inventory_turnover_ratio": null,
            "account_receivable_turnover_ratio": 32.81,
            "reinvestment_rate": 13.28,
            "research_to_sale_ratio": null,
            "price_fair": 126.18,
            "eps_avg_yearly": 3.61,
            "eps_latest_yearly": 4.48,
            "eps_growth_yearly": 32.01
        },
        "20181": {
            "year_quarter": 20181,
            "year": 2018,
            "quarter": 1,
            "eps": 0.89,
            "eps_growth_year": 27.14,
            "eps_4q": 3.95,
            "eps_4q_growth_year": 16.41,
            "roe": 2.72,
            "roe_4q": 12.580000000000002,
            "gross_profit": null,
            "gross_margin": null,
            "gross_margin_4q_avg": 0,
            "net_income": 207026,
            "net_income_4q": null,
            "revenue": 880599,
            "revenue_4q": null,
            "common_shares": 2322763,
            "book_valuer_per_share": 33.32,
            "book_valuer_per_share_4q_avg": 31.65,
            "equity": 7740537,
            "current_ratio": 109.71,
            "debt_ratio": 87.39,
            "inventory_turnover_ratio": null,
            "account_receivable_turnover_ratio": 95.69,
            "reinvestment_rate": 14.15,
            "research_to_sale_ratio": null,
            "price_fair": 53.69,
            "eps_avg_yearly": 3.43,
            "eps_latest_yearly": 3.56,
            "eps_growth_yearly": 5.65
        },
        "20182": {
            "year_quarter": 20182,
            "year": 2018,
            "quarter": 2,
            "eps": 0.97,
            "eps_growth_year": 24.36,
            "eps_4q": 4.14,
            "eps_4q_growth_year": 30.59,
            "roe": 2.95,
            "roe_4q": 12.98,
            "gross_profit": null,
            "gross_margin": null,
            "gross_margin_4q_avg": 0,
            "net_income": 225576,
            "net_income_4q": null,
            "revenue": 784101,
            "revenue_4q": null,
            "common_shares": 2322763,
            "book_valuer_per_share": 32.6,
            "book_valuer_per_share_4q_avg": 32.31,
            "equity": 7572659,
            "current_ratio": 109.48,
            "debt_ratio": 87.41,
            "inventory_turnover_ratio": null,
            "account_receivable_turnover_ratio": 102.58,
            "reinvestment_rate": 14,
            "research_to_sale_ratio": null,
            "price_fair": 118.52,
            "eps_avg_yearly": 3.53,
            "eps_latest_yearly": 3.88,
            "eps_growth_yearly": 23.62
        },
        "20183": {
            "year_quarter": 20183,
            "year": 2018,
            "quarter": 3,
            "eps": 1.09,
            "eps_growth_year": -5.22,
            "eps_4q": 4.07,
            "eps_4q_growth_year": 14.32,
            "roe": 3.27,
            "roe_4q": 12.46,
            "gross_profit": null,
            "gross_margin": null,
            "gross_margin_4q_avg": 0,
            "net_income": 252982,
            "net_income_4q": null,
            "revenue": 872983,
            "revenue_4q": null,
            "common_shares": 2322763,
            "book_valuer_per_share": 33.98,
            "book_valuer_per_share_4q_avg": 33.01,
            "equity": 7893576,
            "current_ratio": 108.84,
            "debt_ratio": 88.14,
            "inventory_turnover_ratio": null,
            "account_receivable_turnover_ratio": 39.63,
            "reinvestment_rate": 13.71,
            "research_to_sale_ratio": null,
            "price_fair": 112.89,
            "eps_avg_yearly": 3.62,
            "eps_latest_yearly": 4.36,
            "eps_growth_yearly": 21.21
        },
        "20184": {
            "year_quarter": 20184,
            "year": 2018,
            "quarter": 4,
            "eps": 1.35,
            "eps_growth_year": 21.3,
            "eps_4q": 4.31,
            "eps_4q_growth_year": 14.52,
            "roe": 3.9,
            "roe_4q": 12.840000000000002,
            "gross_profit": null,
            "gross_margin": null,
            "gross_margin_4q_avg": 0,
            "net_income": 314461,
            "net_income_4q": null,
            "revenue": 1011500,
            "revenue_4q": null,
            "common_shares": 2322763,
            "book_valuer_per_share": 35.39,
            "book_valuer_per_share_4q_avg": 33.82,
            "equity": 8220550,
            "current_ratio": 108.35,
            "debt_ratio": 88.78,
            "inventory_turnover_ratio": null,
            "account_receivable_turnover_ratio": 52.29,
            "reinvestment_rate": 14.99,
            "research_to_sale_ratio": null,
            "price_fair": 123.6,
            "eps_avg_yearly": 3.75,
            "eps_latest_yearly": 5.4,
            "eps_growth_yearly": 23
        },
        "20191": {
            "year_quarter": 20191,
            "year": 2019,
            "quarter": 1,
            "eps": 1.09,
            "eps_growth_year": 22.47,
            "eps_4q": 4.51,
            "eps_4q_growth_year": 14.06,
            "roe": 3.03,
            "roe_4q": 13.149999999999999,
            "gross_profit": null,
            "gross_margin": null,
            "gross_margin_4q_avg": 0,
            "net_income": 254001,
            "net_income_4q": null,
            "revenue": 684019,
            "revenue_4q": null,
            "common_shares": 2322763,
            "book_valuer_per_share": 36.76,
            "book_valuer_per_share_4q_avg": 34.68,
            "equity": 8538271,
            "current_ratio": 108.56,
            "debt_ratio": 88.81,
            "inventory_turnover_ratio": null,
            "account_receivable_turnover_ratio": 63.35,
            "reinvestment_rate": 14.35,
            "research_to_sale_ratio": null,
            "price_fair": 135.71,
            "eps_avg_yearly": 3.88,
            "eps_latest_yearly": 4.36,
            "eps_growth_yearly": 26.52
        },
        "20192": {
            "year_quarter": 20192,
            "year": 2019,
            "quarter": 2,
            "eps": 1.45,
            "eps_growth_year": 49.48,
            "eps_4q": 4.99,
            "eps_4q_growth_year": 20.5,
            "roe": 4.01,
            "roe_4q": 14.209999999999999,
            "gross_profit": null,
            "gross_margin": null,
            "gross_margin_4q_avg": 0,
            "net_income": 336723,
            "net_income_4q": null,
            "revenue": 829990,
            "revenue_4q": null,
            "common_shares": 2322763,
            "book_valuer_per_share": 35.6,
            "book_valuer_per_share_4q_avg": 35.43,
            "equity": 8268508,
            "current_ratio": 107.67,
            "debt_ratio": 89.5,
            "inventory_turnover_ratio": null,
            "account_receivable_turnover_ratio": 70.07,
            "reinvestment_rate": 13.73,
            "research_to_sale_ratio": null,
            "price_fair": 135.74,
            "eps_avg_yearly": 4.04,
            "eps_latest_yearly": 5.8,
            "eps_growth_yearly": 23.62
        },
        "20193": {
            "year_quarter": 20193,
            "year": 2019,
            "quarter": 3,
            "eps": 1.35,
            "eps_growth_year": 23.85,
            "eps_4q": 5.25,
            "eps_4q_growth_year": 28.95,
            "roe": 3.71,
            "roe_4q": 14.65,
            "gross_profit": null,
            "gross_margin": null,
            "gross_margin_4q_avg": 0,
            "net_income": 313143,
            "net_income_4q": null,
            "revenue": 721715,
            "revenue_4q": null,
            "common_shares": 2322763,
            "book_valuer_per_share": 37.09,
            "book_valuer_per_share_4q_avg": 36.21,
            "equity": 8614407,
            "current_ratio": 108.51,
            "debt_ratio": 88.6,
            "inventory_turnover_ratio": null,
            "account_receivable_turnover_ratio": 19.6,
            "reinvestment_rate": 13.7,
            "research_to_sale_ratio": null,
            "price_fair": 98.05,
            "eps_avg_yearly": 4.11,
            "eps_latest_yearly": 5.4,
            "eps_growth_yearly": 13.87
        },
        "20194": {
            "year_quarter": 20194,
            "year": 2019,
            "quarter": 4,
            "eps": 1,
            "eps_growth_year": -26.24,
            "eps_4q": 4.89,
            "eps_4q_growth_year": 13.57,
            "roe": 2.66,
            "roe_4q": 13.409999999999998,
            "gross_profit": null,
            "gross_margin": null,
            "gross_margin_4q_avg": 0,
            "net_income": 231932,
            "net_income_4q": null,
            "revenue": 685381,
            "revenue_4q": null,
            "common_shares": 2322763,
            "book_valuer_per_share": 38.13,
            "book_valuer_per_share_4q_avg": 36.9,
            "equity": 8856137,
            "current_ratio": 109.06,
            "debt_ratio": 88.08,
            "inventory_turnover_ratio": null,
            "account_receivable_turnover_ratio": 11,
            "reinvestment_rate": 13.49,
            "research_to_sale_ratio": null,
            "price_fair": 88.27,
            "eps_avg_yearly": 4.13,
            "eps_latest_yearly": 4,
            "eps_growth_yearly": 11.36
        },
        "20201": {
            "year_quarter": 20201,
            "year": 2020,
            "quarter": 1,
            "eps": 1.23,
            "eps_growth_year": 12.84,
            "eps_4q": 4.68,
            "eps_4q_growth_year": 3.77,
            "roe": 3.09,
            "roe_4q": 13.47,
            "gross_profit": null,
            "gross_margin": null,
            "gross_margin_4q_avg": 0,
            "net_income": 287447,
            "net_income_4q": null,
            "revenue": 1175873,
            "revenue_4q": null,
            "common_shares": 2499763,
            "book_valuer_per_share": 39.09,
            "book_valuer_per_share_4q_avg": 37.48,
            "equity": 9771678,
            "current_ratio": 107.28,
            "debt_ratio": 90.73,
            "inventory_turnover_ratio": null,
            "account_receivable_turnover_ratio": 30.18,
            "reinvestment_rate": 13.08,
            "research_to_sale_ratio": null,
            "price_fair": 114.27,
            "eps_avg_yearly": 4.22,
            "eps_latest_yearly": 4.92,
            "eps_growth_yearly": 17.11
        },
        "20202": {
            "year_quarter": 20202,
            "year": 2020,
            "quarter": 2,
            "eps": 1.21,
            "eps_growth_year": -16.55,
            "eps_4q": 4.54,
            "eps_4q_growth_year": -8.92,
            "roe": 3.16,
            "roe_4q": 12.620000000000001,
            "gross_profit": null,
            "gross_margin": null,
            "gross_margin_4q_avg": 0,
            "net_income": 302677,
            "net_income_4q": null,
            "revenue": 812822,
            "revenue_4q": null,
            "common_shares": 2499763,
            "book_valuer_per_share": 37.54,
            "book_valuer_per_share_4q_avg": 37.96,
            "equity": 9385170,
            "current_ratio": 107.61,
            "debt_ratio": 90.02,
            "inventory_turnover_ratio": null,
            "account_receivable_turnover_ratio": 30.65,
            "reinvestment_rate": 13.55,
            "research_to_sale_ratio": null,
            "price_fair": 100.86,
            "eps_avg_yearly": 4.27,
            "eps_latest_yearly": 4.84,
            "eps_growth_yearly": 13.65
        },
        "20203": {
            "year_quarter": 20203,
            "year": 2020,
            "quarter": 3,
            "eps": 1.11,
            "eps_growth_year": -17.78,
            "eps_4q": 4.4,
            "eps_4q_growth_year": -16.18,
            "roe": 2.89,
            "roe_4q": 11.8,
            "gross_profit": null,
            "gross_margin": null,
            "gross_margin_4q_avg": 0,
            "net_income": 276923,
            "net_income_4q": null,
            "revenue": 985200,
            "revenue_4q": null,
            "common_shares": 2499763,
            "book_valuer_per_share": 39.08,
            "book_valuer_per_share_4q_avg": 38.46,
            "equity": 9769327,
            "current_ratio": 107.38,
            "debt_ratio": 90.34,
            "inventory_turnover_ratio": null,
            "account_receivable_turnover_ratio": 11,
            "reinvestment_rate": 13.24,
            "research_to_sale_ratio": null,
            "price_fair": 119.73,
            "eps_avg_yearly": 4.35,
            "eps_latest_yearly": 4.44,
            "eps_growth_yearly": 17.52
        },
        "20204": {
            "year_quarter": 20204,
            "year": 2020,
            "quarter": 4,
            "eps": 0.7,
            "eps_growth_year": -29.87,
            "eps_4q": 3.69,
            "eps_4q_growth_year": -24.53,
            "roe": 1.88,
            "roe_4q": 11.02,
            "gross_profit": null,
            "gross_margin": null,
            "gross_margin_4q_avg": 0,
            "net_income": 203052,
            "net_income_4q": null,
            "revenue": 869238,
            "revenue_4q": null,
            "common_shares": 2899763,
            "book_valuer_per_share": 40.89,
            "book_valuer_per_share_4q_avg": 39.15,
            "equity": 11858562,
            "current_ratio": 110.32,
            "debt_ratio": 87.77,
            "inventory_turnover_ratio": null,
            "account_receivable_turnover_ratio": 5,
            "reinvestment_rate": 13.86,
            "research_to_sale_ratio": null,
            "price_fair": 59.06,
            "eps_avg_yearly": 4.3,
            "eps_latest_yearly": 2.8,
            "eps_growth_yearly": 3.74
        },
        "20211": {
            "year_quarter": 20211,
            "year": 2021,
            "quarter": 1,
            "eps": 0.73,
            "eps_growth_year": -40.65,
            "eps_4q": 3.43,
            "eps_4q_growth_year": -26.62,
            "roe": 1.76,
            "roe_4q": 9.69,
            "gross_profit": null,
            "gross_margin": null,
            "gross_margin_4q_avg": 0,
            "net_income": 212647,
            "net_income_4q": null,
            "revenue": 1031121,
            "revenue_4q": null,
            "common_shares": 2899763,
            "book_valuer_per_share": 42.45,
            "book_valuer_per_share_4q_avg": 39.99,
            "equity": 12308820,
            "current_ratio": 110,
            "debt_ratio": 88.18,
            "inventory_turnover_ratio": null,
            "account_receivable_turnover_ratio": 10.11,
            "reinvestment_rate": 13.82,
            "research_to_sale_ratio": null,
            "price_fair": 88.62,
            "eps_avg_yearly": 4.31,
            "eps_latest_yearly": 2.92,
            "eps_growth_yearly": 10.58
        },
        "20212": {
            "year_quarter": 20212,
            "year": 2021,
            "quarter": 2,
            "eps": 0.78,
            "eps_growth_year": -35.54,
            "eps_4q": 3.17,
            "eps_4q_growth_year": -30.22,
            "roe": 1.89,
            "roe_4q": 8.42,
            "gross_profit": null,
            "gross_margin": null,
            "gross_margin_4q_avg": 0,
            "net_income": 226226,
            "net_income_4q": null,
            "revenue": 1050236,
            "revenue_4q": null,
            "common_shares": 2899763,
            "book_valuer_per_share": 40.21,
            "book_valuer_per_share_4q_avg": 40.66,
            "equity": 11658714,
            "current_ratio": 108.82,
            "debt_ratio": 89.23,
            "inventory_turnover_ratio": null,
            "account_receivable_turnover_ratio": 21.38,
            "reinvestment_rate": 1.22,
            "research_to_sale_ratio": null,
            "price_fair": 83.69,
            "eps_avg_yearly": 4.31,
            "eps_latest_yearly": 3.12,
            "eps_growth_yearly": 9.44
        },
        "20213": {
            "year_quarter": 20213,
            "year": 2021,
            "quarter": 3,
            "eps": 1.02,
            "eps_growth_year": -8.11,
            "eps_4q": 3.23,
            "eps_4q_growth_year": -26.59,
            "roe": 2.48,
            "roe_4q": 8.01,
            "gross_profit": null,
            "gross_margin": null,
            "gross_margin_4q_avg": 0,
            "net_income": 293890,
            "net_income_4q": null,
            "revenue": 965620,
            "revenue_4q": null,
            "common_shares": 2899763,
            "book_valuer_per_share": 41.52,
            "book_valuer_per_share_4q_avg": 41.27,
            "equity": 12038545,
            "current_ratio": 109.69,
            "debt_ratio": 88.16,
            "inventory_turnover_ratio": null,
            "account_receivable_turnover_ratio": 17.97,
            "reinvestment_rate": 0.28,
            "research_to_sale_ratio": null,
            "price_fair": 65.25,
            "eps_avg_yearly": 4.27,
            "eps_latest_yearly": 4.08,
            "eps_growth_yearly": 5.27
        },
        "20214": {
            "year_quarter": 20214,
            "year": 2021,
            "quarter": 4,
            "eps": 0.44,
            "eps_growth_year": -37.2,
            "eps_4q": 2.97,
            "eps_4q_growth_year": -19.61,
            "roe": 1.05,
            "roe_4q": 7.18,
            "gross_profit": null,
            "gross_margin": null,
            "gross_margin_4q_avg": 0,
            "net_income": 127519,
            "net_income_4q": null,
            "revenue": 845469,
            "revenue_4q": null,
            "common_shares": 2899763,
            "book_valuer_per_share": 42.59,
            "book_valuer_per_share_4q_avg": 41.69,
            "equity": 12349898,
            "current_ratio": 112.32,
            "debt_ratio": 87.4,
            "inventory_turnover_ratio": null,
            "account_receivable_turnover_ratio": 96,
            "reinvestment_rate": 1.33,
            "research_to_sale_ratio": null,
            "price_fair": 12.31,
            "eps_avg_yearly": 4.1,
            "eps_latest_yearly": 1.76,
            "eps_growth_yearly": -8.29
        },
        "20221": {
            "year_quarter": 20221,
            "year": 2022,
            "quarter": 1,
            "eps": 0.58,
            "eps_growth_year": -20.55,
            "eps_4q": 2.81,
            "eps_4q_growth_year": -18.08,
            "roe": 1.35,
            "roe_4q": 6.7700000000000005,
            "gross_profit": null,
            "gross_margin": null,
            "gross_margin_4q_avg": 0,
            "net_income": 167697,
            "net_income_4q": null,
            "revenue": 963034,
            "revenue_4q": null,
            "common_shares": 2899763,
            "book_valuer_per_share": 43.29,
            "book_valuer_per_share_4q_avg": 41.9,
            "equity": 12552751,
            "current_ratio": 111.44,
            "debt_ratio": 88.17,
            "inventory_turnover_ratio": null,
            "account_receivable_turnover_ratio": 245.48,
            "reinvestment_rate": 2.7,
            "research_to_sale_ratio": null,
            "price_fair": 59.56,
            "eps_avg_yearly": 4.03,
            "eps_latest_yearly": 2.32,
            "eps_growth_yearly": 4.8
        },
        "20222": {
            "year_quarter": 20222,
            "year": 2022,
            "quarter": 2,
            "eps": 0.98,
            "eps_growth_year": 25.64,
            "eps_4q": 3.01,
            "eps_4q_growth_year": -4.94,
            "roe": 2.31,
            "roe_4q": 7.1899999999999995,
            "gross_profit": null,
            "gross_margin": null,
            "gross_margin_4q_avg": 0,
            "net_income": 284377,
            "net_income_4q": null,
            "revenue": 1035061,
            "revenue_4q": null,
            "common_shares": 2899763,
            "book_valuer_per_share": 41.52,
            "book_valuer_per_share_4q_avg": 42.23,
            "equity": 12040586,
            "current_ratio": 109.33,
            "debt_ratio": 90.12,
            "inventory_turnover_ratio": null,
            "account_receivable_turnover_ratio": 27.1,
            "reinvestment_rate": 2.48,
            "research_to_sale_ratio": null,
            "price_fair": 119.99,
            "eps_avg_yearly": 4.03,
            "eps_latest_yearly": 3.92,
            "eps_growth_yearly": 19.79
        },
        "20223": {
            "year_quarter": 20223,
            "year": 2022,
            "quarter": 3,
            "eps": 1.28,
            "eps_growth_year": 25.49,
            "eps_4q": 3.28,
            "eps_4q_growth_year": 1.51,
            "roe": 3.01,
            "roe_4q": 7.72,
            "gross_profit": null,
            "gross_margin": null,
            "gross_margin_4q_avg": 0,
            "net_income": 370334,
            "net_income_4q": null,
            "revenue": 996168,
            "revenue_4q": null,
            "common_shares": 2899763,
            "book_valuer_per_share": 43.34,
            "book_valuer_per_share_4q_avg": 42.69,
            "equity": 12568972,
            "current_ratio": 111.15,
            "debt_ratio": 88.36,
            "inventory_turnover_ratio": null,
            "account_receivable_turnover_ratio": 26.02,
            "reinvestment_rate": 2.29,
            "research_to_sale_ratio": null,
            "price_fair": 139.99,
            "eps_avg_yearly": 4.08,
            "eps_latest_yearly": 5.12,
            "eps_growth_yearly": 24.35
        },
        "20224": {
            "year_quarter": 20224,
            "year": 2022,
            "quarter": 4,
            "eps": 1.11,
            "eps_growth_year": 153.25,
            "eps_4q": 3.95,
            "eps_4q_growth_year": 33.14,
            "roe": 2.54,
            "roe_4q": 9.209999999999999,
            "gross_profit": null,
            "gross_margin": null,
            "gross_margin_4q_avg": 0,
            "net_income": 322940,
            "net_income_4q": null,
            "revenue": 1008330,
            "revenue_4q": null,
            "common_shares": 2899763,
            "book_valuer_per_share": 44.39,
            "book_valuer_per_share_4q_avg": 43.14,
            "equity": 12870849,
            "current_ratio": 111.03,
            "debt_ratio": 88.54,
            "inventory_turnover_ratio": null,
            "account_receivable_turnover_ratio": 83.8,
            "reinvestment_rate": 0.96,
            "research_to_sale_ratio": null,
            "price_fair": 100.65,
            "eps_avg_yearly": 4.02,
            "eps_latest_yearly": 4.44,
            "eps_growth_yearly": 15.07
        },
        "20231": {
            "year_quarter": 20231,
            "year": 2023,
            "quarter": 1,
            "eps": 1.25,
            "eps_growth_year": 115.52,
            "eps_4q": 4.62,
            "eps_4q_growth_year": 64.46,
            "roe": 2.77,
            "roe_4q": 10.63,
            "gross_profit": null,
            "gross_margin": null,
            "gross_margin_4q_avg": 0,
            "net_income": 363238,
            "net_income_4q": null,
            "revenue": 829562,
            "revenue_4q": null,
            "common_shares": 2899763,
            "book_valuer_per_share": 45.96,
            "book_valuer_per_share_4q_avg": 43.8,
            "equity": 13326639,
            "current_ratio": 112.28,
            "debt_ratio": 87.46,
            "inventory_turnover_ratio": null,
            "account_receivable_turnover_ratio": 45.57,
            "reinvestment_rate": 0.77,
            "research_to_sale_ratio": null,
            "price_fair": 133.96,
            "eps_avg_yearly": 4.06,
            "eps_latest_yearly": 5,
            "eps_growth_yearly": 23.04
        },
        "20232": {
            "year_quarter": 20232,
            "year": 2023,
            "quarter": 2,
            "eps": 1.96,
            "eps_growth_year": 100,
            "eps_4q": 5.6,
            "eps_4q_growth_year": 85.83,
            "roe": 4.27,
            "roe_4q": 12.589999999999998,
            "gross_profit": null,
            "gross_margin": null,
            "gross_margin_4q_avg": 0,
            "net_income": 566645,
            "net_income_4q": null,
            "revenue": 802240,
            "revenue_4q": null,
            "common_shares": 2899763,
            "book_valuer_per_share": 45.64,
            "book_valuer_per_share_4q_avg": 44.83,
            "equity": 13235216,
            "current_ratio": 112.1,
            "debt_ratio": 87.67,
            "inventory_turnover_ratio": null,
            "account_receivable_turnover_ratio": 4.67,
            "reinvestment_rate": 0.84,
            "research_to_sale_ratio": null,
            "price_fair": 146.39,
            "eps_avg_yearly": 4.18,
            "eps_latest_yearly": 7.84,
            "eps_growth_yearly": 28.98
        },
        "20233": {
            "year_quarter": 20233,
            "year": 2023,
            "quarter": 3,
            "eps": 1.68,
            "eps_growth_year": 31.25,
            "eps_4q": 6,
            "eps_4q_growth_year": 83.28,
            "roe": 3.57,
            "roe_4q": 13.149999999999999,
            "gross_profit": null,
            "gross_margin": null,
            "gross_margin_4q_avg": 0,
            "net_income": 488195,
            "net_income_4q": null,
            "revenue": 981286,
            "revenue_4q": null,
            "common_shares": 2899763,
            "book_valuer_per_share": 48.79,
            "book_valuer_per_share_4q_avg": 46.2,
            "equity": 14148099,
            "current_ratio": 113.11,
            "debt_ratio": 86.64,
            "inventory_turnover_ratio": null,
            "account_receivable_turnover_ratio": 5.95,
            "reinvestment_rate": 1.85,
            "research_to_sale_ratio": null,
            "price_fair": 149.28,
            "eps_avg_yearly": 4.27,
            "eps_latest_yearly": 6.72,
            "eps_growth_yearly": 27.13
        },
        "20234": {
            "year_quarter": 20234,
            "year": 2023,
            "quarter": 4,
            "eps": 1.5,
            "eps_growth_year": 34.59,
            "eps_4q": 6.39,
            "eps_4q_growth_year": 61.76,
            "roe": 3.03,
            "roe_4q": 13.639999999999999,
            "gross_profit": null,
            "gross_margin": null,
            "gross_margin_4q_avg": 0,
            "net_income": 434641,
            "net_income_4q": null,
            "revenue": 861318,
            "revenue_4q": null,
            "common_shares": 2899763,
            "book_valuer_per_share": 50.05,
            "book_valuer_per_share_4q_avg": 47.61,
            "equity": 14512709,
            "current_ratio": 112.67,
            "debt_ratio": 87.12,
            "inventory_turnover_ratio": null,
            "account_receivable_turnover_ratio": 6.78,
            "reinvestment_rate": 2.32,
            "research_to_sale_ratio": null,
            "price_fair": 153.65,
            "eps_avg_yearly": 4.39,
            "eps_latest_yearly": 6,
            "eps_growth_yearly": 30.94
        }
    },
    "months": {
        "2004-10": {
            "month": "2004-10",
            "price": "37.34",
            "revenue": 117075
        },
        "2004-11": {
            "month": "2004-11",
            "price": "34.78",
            "revenue": 134113
        },
        "2004-12": {
            "month": "2004-12",
            "price": "29.85",
            "revenue": 105031
        },
        "2005-01": {
            "month": "2005-01",
            "price": "31.59",
            "revenue": 107114
        },
        "2005-02": {
            "month": "2005-02",
            "price": "32.03",
            "revenue": 78022
        },
        "2005-03": {
            "month": "2005-03",
            "price": "33.39",
            "revenue": 115792
        },
        "2005-04": {
            "month": "2005-04",
            "price": "32.08",
            "revenue": 112800
        },
        "2005-05": {
            "month": "2005-05",
            "price": "31.70",
            "revenue": 107324
        },
        "2005-06": {
            "month": "2005-06",
            "price": "31.61",
            "revenue": 153450
        },
        "2005-07": {
            "month": "2005-07",
            "price": "30.77",
            "revenue": 129003
        },
        "2005-08": {
            "month": "2005-08",
            "price": "28.70",
            "revenue": 106180
        },
        "2005-09": {
            "month": "2005-09",
            "price": "25.11",
            "revenue": 113329
        },
        "2005-10": {
            "month": "2005-10",
            "price": "22.48",
            "revenue": 114403
        },
        "2005-11": {
            "month": "2005-11",
            "price": "21.89",
            "revenue": 129167
        },
        "2005-12": {
            "month": "2005-12",
            "price": "22.98",
            "revenue": 141267
        },
        "2006-01": {
            "month": "2006-01",
            "price": "24.13",
            "revenue": 124718
        },
        "2006-02": {
            "month": "2006-02",
            "price": "26.19",
            "revenue": 119635
        },
        "2006-03": {
            "month": "2006-03",
            "price": "26.22",
            "revenue": 140400
        },
        "2006-04": {
            "month": "2006-04",
            "price": "26.97",
            "revenue": 148136
        },
        "2006-05": {
            "month": "2006-05",
            "price": "29.27",
            "revenue": 180783
        },
        "2006-06": {
            "month": "2006-06",
            "price": "30.30",
            "revenue": 172390
        },
        "2006-07": {
            "month": "2006-07",
            "price": "31.26",
            "revenue": 118076
        },
        "2006-08": {
            "month": "2006-08",
            "price": "31.65",
            "revenue": 133314
        },
        "2006-09": {
            "month": "2006-09",
            "price": "30.44",
            "revenue": 126619
        },
        "2006-10": {
            "month": "2006-10",
            "price": "30.41",
            "revenue": 94360
        },
        "2006-11": {
            "month": "2006-11",
            "price": "30.61",
            "revenue": 117883
        },
        "2006-12": {
            "month": "2006-12",
            "price": "31.04",
            "revenue": 122509
        },
        "2007-01": {
            "month": "2007-01",
            "price": "37.08",
            "revenue": 130765
        },
        "2007-02": {
            "month": "2007-02",
            "price": "39.45",
            "revenue": 89212
        },
        "2007-03": {
            "month": "2007-03",
            "price": "44.34",
            "revenue": 147053
        },
        "2007-04": {
            "month": "2007-04",
            "price": "49.61",
            "revenue": 113443
        },
        "2007-05": {
            "month": "2007-05",
            "price": "48.95",
            "revenue": 115807
        },
        "2007-06": {
            "month": "2007-06",
            "price": "50.19",
            "revenue": 167619
        },
        "2007-07": {
            "month": "2007-07",
            "price": "61.52",
            "revenue": 214798
        },
        "2007-08": {
            "month": "2007-08",
            "price": "63.66",
            "revenue": 206868
        },
        "2007-09": {
            "month": "2007-09",
            "price": "56.84",
            "revenue": 102573
        },
        "2007-10": {
            "month": "2007-10",
            "price": "52.58",
            "revenue": 123283
        },
        "2007-11": {
            "month": "2007-11",
            "price": "40.93",
            "revenue": 203573
        },
        "2007-12": {
            "month": "2007-12",
            "price": "40.92",
            "revenue": 145721
        },
        "2008-01": {
            "month": "2008-01",
            "price": "44.13",
            "revenue": 187865
        },
        "2008-02": {
            "month": "2008-02",
            "price": "44.39",
            "revenue": 112027
        },
        "2008-03": {
            "month": "2008-03",
            "price": "44.63",
            "revenue": 213564
        },
        "2008-04": {
            "month": "2008-04",
            "price": "53.03",
            "revenue": 361923
        },
        "2008-05": {
            "month": "2008-05",
            "price": "56.02",
            "revenue": 562810
        },
        "2008-06": {
            "month": "2008-06",
            "price": "51.33",
            "revenue": 674617
        },
        "2008-07": {
            "month": "2008-07",
            "price": "54.26",
            "revenue": 607878
        },
        "2008-08": {
            "month": "2008-08",
            "price": "50.13",
            "revenue": 317954
        },
        "2008-09": {
            "month": "2008-09",
            "price": "43.02",
            "revenue": 681699
        },
        "2008-10": {
            "month": "2008-10",
            "price": "39.74",
            "revenue": 754354
        },
        "2008-11": {
            "month": "2008-11",
            "price": "42.27",
            "revenue": 579663
        },
        "2008-12": {
            "month": "2008-12",
            "price": "46.07",
            "revenue": 558195
        },
        "2009-01": {
            "month": "2009-01",
            "price": "43.65",
            "revenue": 393821
        },
        "2009-02": {
            "month": "2009-02",
            "price": "40.79",
            "revenue": 217928
        },
        "2009-03": {
            "month": "2009-03",
            "price": "42.25",
            "revenue": 434230
        },
        "2009-04": {
            "month": "2009-04",
            "price": "48.12",
            "revenue": 270445
        },
        "2009-05": {
            "month": "2009-05",
            "price": "47.60",
            "revenue": 233206
        },
        "2009-06": {
            "month": "2009-06",
            "price": "43.84",
            "revenue": 203139
        },
        "2009-07": {
            "month": "2009-07",
            "price": "41.69",
            "revenue": 169465
        },
        "2009-08": {
            "month": "2009-08",
            "price": "38.19",
            "revenue": 171101
        },
        "2009-09": {
            "month": "2009-09",
            "price": "38.43",
            "revenue": 181964
        },
        "2009-10": {
            "month": "2009-10",
            "price": "39.16",
            "revenue": 191791
        },
        "2009-11": {
            "month": "2009-11",
            "price": "37.97",
            "revenue": 158221
        },
        "2009-12": {
            "month": "2009-12",
            "price": "39.21",
            "revenue": 185670
        },
        "2010-01": {
            "month": "2010-01",
            "price": "41.35",
            "revenue": 230745
        },
        "2010-02": {
            "month": "2010-02",
            "price": "38.02",
            "revenue": 174516
        },
        "2010-03": {
            "month": "2010-03",
            "price": "39.09",
            "revenue": 208176
        },
        "2010-04": {
            "month": "2010-04",
            "price": "39.62",
            "revenue": 217343
        },
        "2010-05": {
            "month": "2010-05",
            "price": "39.31",
            "revenue": 386039
        },
        "2010-06": {
            "month": "2010-06",
            "price": "40.16",
            "revenue": 223234
        },
        "2010-07": {
            "month": "2010-07",
            "price": "39.98",
            "revenue": 184944
        },
        "2010-08": {
            "month": "2010-08",
            "price": "40.30",
            "revenue": 193000
        },
        "2010-09": {
            "month": "2010-09",
            "price": "39.39",
            "revenue": 187053
        },
        "2010-10": {
            "month": "2010-10",
            "price": "38.61",
            "revenue": 201434
        },
        "2010-11": {
            "month": "2010-11",
            "price": "36.63",
            "revenue": 191784
        },
        "2010-12": {
            "month": "2010-12",
            "price": "37.34",
            "revenue": 191542
        },
        "2011-01": {
            "month": "2011-01",
            "price": "37.39",
            "revenue": 227122
        },
        "2011-02": {
            "month": "2011-02",
            "price": "36.90",
            "revenue": 208103
        },
        "2011-03": {
            "month": "2011-03",
            "price": "36.56",
            "revenue": 389974
        },
        "2011-04": {
            "month": "2011-04",
            "price": "37.64",
            "revenue": 233720
        },
        "2011-05": {
            "month": "2011-05",
            "price": "37.78",
            "revenue": 219086
        },
        "2011-06": {
            "month": "2011-06",
            "price": "37.54",
            "revenue": 252013
        },
        "2011-07": {
            "month": "2011-07",
            "price": "37.34",
            "revenue": 265974
        },
        "2011-08": {
            "month": "2011-08",
            "price": "37.21",
            "revenue": 1907133
        },
        "2011-09": {
            "month": "2011-09",
            "price": "38.53",
            "revenue": 567832
        },
        "2011-10": {
            "month": "2011-10",
            "price": "37.44",
            "revenue": 324216
        },
        "2011-11": {
            "month": "2011-11",
            "price": "34.72",
            "revenue": 285061
        },
        "2011-12": {
            "month": "2011-12",
            "price": "32.95",
            "revenue": 295163
        },
        "2012-01": {
            "month": "2012-01",
            "price": "34.21",
            "revenue": 151306
        },
        "2012-02": {
            "month": "2012-02",
            "price": "36.45",
            "revenue": 197494
        },
        "2012-03": {
            "month": "2012-03",
            "price": "36.74",
            "revenue": 213588
        },
        "2012-04": {
            "month": "2012-04",
            "price": "33.80",
            "revenue": 617730
        },
        "2012-05": {
            "month": "2012-05",
            "price": "33.26",
            "revenue": 375387
        },
        "2012-06": {
            "month": "2012-06",
            "price": "32.61",
            "revenue": 364954
        },
        "2012-07": {
            "month": "2012-07",
            "price": "33.51",
            "revenue": 322460
        },
        "2012-08": {
            "month": "2012-08",
            "price": "34.67",
            "revenue": 340983
        },
        "2012-09": {
            "month": "2012-09",
            "price": "33.17",
            "revenue": 215994
        },
        "2012-10": {
            "month": "2012-10",
            "price": "32.50",
            "revenue": 248153
        },
        "2012-11": {
            "month": "2012-11",
            "price": "30.76",
            "revenue": 312123
        },
        "2012-12": {
            "month": "2012-12",
            "price": "31.75",
            "revenue": 220138
        },
        "2013-01": {
            "month": "2013-01",
            "price": "32.73",
            "revenue": 247551
        },
        "2013-02": {
            "month": "2013-02",
            "price": "33.40",
            "revenue": 125462
        },
        "2013-03": {
            "month": "2013-03",
            "price": "33.81",
            "revenue": 194872
        },
        "2013-04": {
            "month": "2013-04",
            "price": "32.72",
            "revenue": 242404
        },
        "2013-05": {
            "month": "2013-05",
            "price": "33.34",
            "revenue": 243452
        },
        "2013-06": {
            "month": "2013-06",
            "price": "32.21",
            "revenue": 215269
        },
        "2013-07": {
            "month": "2013-07",
            "price": "32.21",
            "revenue": 233631
        },
        "2013-08": {
            "month": "2013-08",
            "price": "32.67",
            "revenue": 220733
        },
        "2013-09": {
            "month": "2013-09",
            "price": "33.08",
            "revenue": 150595
        },
        "2013-10": {
            "month": "2013-10",
            "price": "33.10",
            "revenue": 183453
        },
        "2013-11": {
            "month": "2013-11",
            "price": "32.69",
            "revenue": 179732
        },
        "2013-12": {
            "month": "2013-12",
            "price": "33.48",
            "revenue": 156543
        },
        "2014-01": {
            "month": "2014-01",
            "price": "35.80",
            "revenue": 145546
        },
        "2014-02": {
            "month": "2014-02",
            "price": "35.50",
            "revenue": 150921
        },
        "2014-03": {
            "month": "2014-03",
            "price": "35.35",
            "revenue": 170363
        },
        "2014-04": {
            "month": "2014-04",
            "price": "35.76",
            "revenue": 173832
        },
        "2014-05": {
            "month": "2014-05",
            "price": "35.41",
            "revenue": 170718
        },
        "2014-06": {
            "month": "2014-06",
            "price": "35.80",
            "revenue": 148674
        },
        "2014-07": {
            "month": "2014-07",
            "price": "34.20",
            "revenue": 220583
        },
        "2014-08": {
            "month": "2014-08",
            "price": "33.78",
            "revenue": 207125
        },
        "2014-09": {
            "month": "2014-09",
            "price": "33.72",
            "revenue": 214741
        },
        "2014-10": {
            "month": "2014-10",
            "price": "33.20",
            "revenue": 229894
        },
        "2014-11": {
            "month": "2014-11",
            "price": "33.92",
            "revenue": 191732
        },
        "2014-12": {
            "month": "2014-12",
            "price": "34.57",
            "revenue": 249904
        },
        "2015-01": {
            "month": "2015-01",
            "price": "35.22",
            "revenue": 224749
        },
        "2015-02": {
            "month": "2015-02",
            "price": "35.15",
            "revenue": 99424
        },
        "2015-03": {
            "month": "2015-03",
            "price": "37.50",
            "revenue": 212739
        },
        "2015-04": {
            "month": "2015-04",
            "price": "47.52",
            "revenue": 225513
        },
        "2015-05": {
            "month": "2015-05",
            "price": "48.57",
            "revenue": 229773
        },
        "2015-06": {
            "month": "2015-06",
            "price": "43.94",
            "revenue": 241723
        },
        "2015-07": {
            "month": "2015-07",
            "price": "35.42",
            "revenue": 294444
        },
        "2015-08": {
            "month": "2015-08",
            "price": "34.20",
            "revenue": 362965
        },
        "2015-09": {
            "month": "2015-09",
            "price": "35.32",
            "revenue": 252328
        },
        "2015-10": {
            "month": "2015-10",
            "price": "35.55",
            "revenue": 227077
        },
        "2015-11": {
            "month": "2015-11",
            "price": "35.42",
            "revenue": 292856
        },
        "2015-12": {
            "month": "2015-12",
            "price": "35.89",
            "revenue": 266339
        },
        "2016-01": {
            "month": "2016-01",
            "price": "35.60",
            "revenue": 354068
        },
        "2016-02": {
            "month": "2016-02",
            "price": "37.30",
            "revenue": 162664
        },
        "2016-03": {
            "month": "2016-03",
            "price": "39.49",
            "revenue": 267116
        },
        "2016-04": {
            "month": "2016-04",
            "price": "38.26",
            "revenue": 255473
        },
        "2016-05": {
            "month": "2016-05",
            "price": "37.77",
            "revenue": 265992
        },
        "2016-06": {
            "month": "2016-06",
            "price": "36.94",
            "revenue": 246854
        },
        "2016-07": {
            "month": "2016-07",
            "price": "36.96",
            "revenue": 214528
        },
        "2016-08": {
            "month": "2016-08",
            "price": "37.33",
            "revenue": 240882
        },
        "2016-09": {
            "month": "2016-09",
            "price": "36.99",
            "revenue": 223038
        },
        "2016-10": {
            "month": "2016-10",
            "price": "36.73",
            "revenue": 216704
        },
        "2016-11": {
            "month": "2016-11",
            "price": "36.99",
            "revenue": 289264
        },
        "2016-12": {
            "month": "2016-12",
            "price": "37.71",
            "revenue": 196793
        },
        "2017-01": {
            "month": "2017-01",
            "price": "38.09",
            "revenue": 169110
        },
        "2017-02": {
            "month": "2017-02",
            "price": "39.10",
            "revenue": 259913
        },
        "2017-03": {
            "month": "2017-03",
            "price": "39.36",
            "revenue": 199469
        },
        "2017-04": {
            "month": "2017-04",
            "price": "39.40",
            "revenue": 203332
        },
        "2017-05": {
            "month": "2017-05",
            "price": "39.24",
            "revenue": 201424
        },
        "2017-06": {
            "month": "2017-06",
            "price": "38.88",
            "revenue": 273682
        },
        "2017-07": {
            "month": "2017-07",
            "price": "38.29",
            "revenue": 246045
        },
        "2017-08": {
            "month": "2017-08",
            "price": "38.43",
            "revenue": 324399
        },
        "2017-09": {
            "month": "2017-09",
            "price": "39.80",
            "revenue": 285587
        },
        "2017-10": {
            "month": "2017-10",
            "price": "41.25",
            "revenue": 202906
        },
        "2017-11": {
            "month": "2017-11",
            "price": "40.90",
            "revenue": 266591
        },
        "2017-12": {
            "month": "2017-12",
            "price": "40.66",
            "revenue": 288542
        },
        "2018-01": {
            "month": "2018-01",
            "price": "42.85",
            "revenue": 315815
        },
        "2018-02": {
            "month": "2018-02",
            "price": "45.10",
            "revenue": 226899
        },
        "2018-03": {
            "month": "2018-03",
            "price": "47.14",
            "revenue": 337886
        },
        "2018-04": {
            "month": "2018-04",
            "price": "44.79",
            "revenue": 278872
        },
        "2018-05": {
            "month": "2018-05",
            "price": "44.77",
            "revenue": 222263
        },
        "2018-06": {
            "month": "2018-06",
            "price": "43.97",
            "revenue": 282966
        },
        "2018-07": {
            "month": "2018-07",
            "price": "41.93",
            "revenue": 300807
        },
        "2018-08": {
            "month": "2018-08",
            "price": "42.35",
            "revenue": 314685
        },
        "2018-09": {
            "month": "2018-09",
            "price": "42.15",
            "revenue": 257488
        },
        "2018-10": {
            "month": "2018-10",
            "price": "40.64",
            "revenue": 417711
        },
        "2018-11": {
            "month": "2018-11",
            "price": "41.15",
            "revenue": 285826
        },
        "2018-12": {
            "month": "2018-12",
            "price": "42.74",
            "revenue": 307965
        },
        "2019-01": {
            "month": "2019-01",
            "price": "44.51",
            "revenue": 276164
        },
        "2019-02": {
            "month": "2019-02",
            "price": "45.67",
            "revenue": 152535
        },
        "2019-03": {
            "month": "2019-03",
            "price": "45.87",
            "revenue": 255320
        },
        "2019-04": {
            "month": "2019-04",
            "price": "47.00",
            "revenue": 218726
        },
        "2019-05": {
            "month": "2019-05",
            "price": "47.19",
            "revenue": 387212
        },
        "2019-06": {
            "month": "2019-06",
            "price": "48.03",
            "revenue": 224053
        },
        "2019-07": {
            "month": "2019-07",
            "price": "49.65",
            "revenue": 226380
        },
        "2019-08": {
            "month": "2019-08",
            "price": "52.22",
            "revenue": 300299
        },
        "2019-09": {
            "month": "2019-09",
            "price": "55.27",
            "revenue": 195035
        },
        "2019-10": {
            "month": "2019-10",
            "price": "56.22",
            "revenue": 222492
        },
        "2019-11": {
            "month": "2019-11",
            "price": "55.05",
            "revenue": 233246
        },
        "2019-12": {
            "month": "2019-12",
            "price": "55.09",
            "revenue": 229644
        },
        "2020-01": {
            "month": "2020-01",
            "price": "55.53",
            "revenue": 237887
        },
        "2020-02": {
            "month": "2020-02",
            "price": "55.08",
            "revenue": 348522
        },
        "2020-03": {
            "month": "2020-03",
            "price": "50.14",
            "revenue": 589464
        },
        "2020-04": {
            "month": "2020-04",
            "price": "52.04",
            "revenue": 274989
        },
        "2020-05": {
            "month": "2020-05",
            "price": "54.83",
            "revenue": 254094
        },
        "2020-06": {
            "month": "2020-06",
            "price": "56.16",
            "revenue": 283738
        },
        "2020-07": {
            "month": "2020-07",
            "price": "55.03",
            "revenue": 360281
        },
        "2020-08": {
            "month": "2020-08",
            "price": "55.55",
            "revenue": 297350
        },
        "2020-09": {
            "month": "2020-09",
            "price": "53.65",
            "revenue": 327568
        },
        "2020-10": {
            "month": "2020-10",
            "price": "52.76",
            "revenue": 239312
        },
        "2020-11": {
            "month": "2020-11",
            "price": "51.14",
            "revenue": 307859
        },
        "2020-12": {
            "month": "2020-12",
            "price": "51.66",
            "revenue": 322069
        },
        "2021-01": {
            "month": "2021-01",
            "price": "51.73",
            "revenue": 406155
        },
        "2021-02": {
            "month": "2021-02",
            "price": "51.95",
            "revenue": 248442
        },
        "2021-03": {
            "month": "2021-03",
            "price": "52.72",
            "revenue": 376524
        },
        "2021-04": {
            "month": "2021-04",
            "price": "52.44",
            "revenue": 284501
        },
        "2021-05": {
            "month": "2021-05",
            "price": "50.65",
            "revenue": 464955
        },
        "2021-06": {
            "month": "2021-06",
            "price": "50.82",
            "revenue": 300780
        },
        "2021-07": {
            "month": "2021-07",
            "price": "50.53",
            "revenue": 365117
        },
        "2021-08": {
            "month": "2021-08",
            "price": "48.95",
            "revenue": 325298
        },
        "2021-09": {
            "month": "2021-09",
            "price": "49.18",
            "revenue": 275205
        },
        "2021-10": {
            "month": "2021-10",
            "price": "49.16",
            "revenue": 289725
        },
        "2021-11": {
            "month": "2021-11",
            "price": "49.38",
            "revenue": 278754
        },
        "2021-12": {
            "month": "2021-12",
            "price": "49.61",
            "revenue": 276990
        },
        "2022-01": {
            "month": "2022-01",
            "price": "49.68",
            "revenue": 309566
        },
        "2022-02": {
            "month": "2022-02",
            "price": "50.33",
            "revenue": 263595
        },
        "2022-03": {
            "month": "2022-03",
            "price": "49.80",
            "revenue": 389873
        },
        "2022-04": {
            "month": "2022-04",
            "price": "49.92",
            "revenue": 299264
        },
        "2022-05": {
            "month": "2022-05",
            "price": "48.66",
            "revenue": 369613
        },
        "2022-06": {
            "month": "2022-06",
            "price": "47.31",
            "revenue": 366184
        },
        "2022-07": {
            "month": "2022-07",
            "price": "46.59",
            "revenue": 352348
        },
        "2022-08": {
            "month": "2022-08",
            "price": "47.43",
            "revenue": 297797
        },
        "2022-09": {
            "month": "2022-09",
            "price": "47.73",
            "revenue": 346023
        },
        "2022-10": {
            "month": "2022-10",
            "price": "46.93",
            "revenue": 383115
        },
        "2022-11": {
            "month": "2022-11",
            "price": "47.85",
            "revenue": 334425
        },
        "2022-12": {
            "month": "2022-12",
            "price": "48.90",
            "revenue": 290790
        },
        "2023-01": {
            "month": "2023-01",
            "price": "49.01",
            "revenue": 201603
        },
        "2023-02": {
            "month": "2023-02",
            "price": "50.03",
            "revenue": 272177
        },
        "2023-03": {
            "month": "2023-03",
            "price": "50.18",
            "revenue": 355782
        },
        "2023-04": {
            "month": "2023-04",
            "price": "50.98",
            "revenue": 217812
        },
        "2023-05": {
            "month": "2023-05",
            "price": "52.28",
            "revenue": 306887
        },
        "2023-06": {
            "month": "2023-06",
            "price": "52.45",
            "revenue": 277541
        },
        "2023-07": {
            "month": "2023-07",
            "price": "53.54",
            "revenue": 351003
        },
        "2023-08": {
            "month": "2023-08",
            "price": "56.23",
            "revenue": 362397
        },
        "2023-09": {
            "month": "2023-09",
            "price": "58.94",
            "revenue": 267887
        },
        "2023-10": {
            "month": "2023-10",
            "price": "59.20",
            "revenue": 326821
        },
        "2023-11": {
            "month": "2023-11",
            "price": "59.78",
            "revenue": 284604
        },
        "2023-12": {
            "month": "2023-12",
            "price": "60.19",
            "revenue": 249892
        },
        "2024-01": {
            "month": "2024-01",
            "price": "60.67",
            "revenue": 324412
        },
        "2024-02": {
            "month": "2024-02",
            "price": "62.94",
            "revenue": 187387
        }
    }
}
