{
    "summary": {
        "stock_name": "群益期",
        "stock_id": "6024",
        "category": "金融",
        "main_business": "期貨經紀、自營業務、期貨顧問事業、期貨經理事業<br>證券交易輔助人、證券投資顧問事業、證券業(自營)、槓桿交易商<br>其他經主管機關核准之項目",
        "website_url": "http://www.capitalfutures.com.tw",
        "ceo": "毛振華",
        "pe_ratio": 11,
        "report_year_from": 2007,
        "report_year_to": 2023,
        "age": 17,
        "eps_negative_percentage": 0,
        "eps_growth_avg": {
            "last_all": 6.59,
            "last_2y": 10.89,
            "last_4y": -1.52,
            "last_8y": 7.47,
            "last_12y": 6.59,
            "last_16y": null,
            "last_20y": null,
            "at_2006_last_3y": null,
            "at_2007_last_3y": null,
            "at_2008_last_3y": null,
            "at_2009_last_3y": null,
            "at_2010_last_3y": null,
            "at_2011_last_3y": null,
            "at_2012_last_3y": null,
            "at_2013_last_3y": null,
            "at_2014_last_3y": 4.6,
            "at_2015_last_3y": 10.68,
            "at_2016_last_3y": 14.62,
            "at_2017_last_3y": 15.72,
            "at_2018_last_3y": 18.71,
            "at_2019_last_3y": 1.05,
            "at_2020_last_3y": -5.6,
            "at_2021_last_3y": -14.5,
            "at_2022_last_3y": -1.36,
            "at_2023_last_3y": 5.96,
            "at_2024_last_3y": 5.96,
            "at_2006_last_all": null,
            "at_2007_last_all": null,
            "at_2008_last_all": null,
            "at_2009_last_all": null,
            "at_2010_last_all": null,
            "at_2011_last_all": null,
            "at_2012_last_all": 8.45,
            "at_2013_last_all": 7.75,
            "at_2014_last_all": 4.6,
            "at_2015_last_all": 11.52,
            "at_2016_last_all": 12.56,
            "at_2017_last_all": 12.3,
            "at_2018_last_all": 11.66,
            "at_2019_last_all": 6.87,
            "at_2020_last_all": 5.3,
            "at_2021_last_all": 2.56,
            "at_2022_last_all": 7.32,
            "at_2023_last_all": 6.59,
            "at_2024_last_all": 6.59
        },
        "latest_eps": 4.79,
        "latest_price": 54.4,
        "latest_roe": 14.89,
        "latest_gross_margin": null,
        "latest_equity": 6982655,
        "latest_revenue": 751802,
        "latest_gross_profit": null,
        "latest_net_income": 276265,
        "latest_debt_ratio": 85.97,
        "latest_current_ratio": 114.59,
        "latest_account_receivable_turnover_ratio": 32.87,
        "latest_inventory_turnover_ratio": null,
        "latest_reinvestment_rate": 0.81,
        "latest_research_to_sale_ratio": null
    },
    "eps_dividends": {
        "2001": {
            "cash": 0,
            "stock": 0,
            "eps": 0
        },
        "2002": {
            "cash": 0,
            "stock": 0,
            "eps": 0
        },
        "2003": {
            "cash": 0,
            "stock": 0,
            "eps": 0
        },
        "2004": {
            "cash": 0,
            "stock": 0,
            "eps": 0
        },
        "2005": {
            "cash": 0,
            "stock": 0,
            "eps": 0
        },
        "2006": {
            "cash": 0,
            "stock": 0,
            "eps": 0
        },
        "2007": {
            "cash": 0,
            "stock": 0,
            "eps": 0
        },
        "2008": {
            "cash": 2.06,
            "stock": 0,
            "eps": 0
        },
        "2009": {
            "cash": 1,
            "stock": 1.12,
            "eps": 0
        },
        "2010": {
            "cash": 0.5,
            "stock": 1.25,
            "eps": 2.15
        },
        "2011": {
            "cash": 2.4,
            "stock": 0.9,
            "eps": 2.47
        },
        "2012": {
            "cash": 0,
            "stock": 0,
            "eps": 2.52
        },
        "2013": {
            "cash": 0.89,
            "stock": 0.85,
            "eps": 2.68
        },
        "2014": {
            "cash": 1.49,
            "stock": 0,
            "eps": 2.55
        },
        "2015": {
            "cash": 1.5,
            "stock": 0.2,
            "eps": 3.55
        },
        "2016": {
            "cash": 2.47,
            "stock": 0,
            "eps": 4.18
        },
        "2017": {
            "cash": 2.21,
            "stock": 0,
            "eps": 4.63
        },
        "2018": {
            "cash": 2.87,
            "stock": 1,
            "eps": 4.96
        },
        "2019": {
            "cash": 3.4,
            "stock": 0,
            "eps": 3.4
        },
        "2020": {
            "cash": 1.9,
            "stock": 0,
            "eps": 3.1
        },
        "2021": {
            "cash": 2.87,
            "stock": 0,
            "eps": 2.33
        },
        "2022": {
            "cash": 1.6,
            "stock": 0,
            "eps": 3.72
        },
        "2023": {
            "cash": 3.02,
            "stock": 0,
            "eps": 3.64
        }
    },
    "dividends": {
        "2008-05-23": {
            "cash": 2.06,
            "stock": 0
        },
        "2009-03-11": {
            "cash": 1,
            "stock": 1.12
        },
        "2010-04-19": {
            "cash": 0.5,
            "stock": 1.25
        },
        "2011-01-01": {
            "cash": 2.3,
            "stock": 0
        },
        "2011-03-31": {
            "cash": 0.1,
            "stock": 0.9
        },
        "2013-06-28": {
            "cash": 0.89,
            "stock": 0.85
        },
        "2014-05-20": {
            "cash": 1.49,
            "stock": 0
        },
        "2015-07-29": {
            "cash": 1.5,
            "stock": 0.2
        },
        "2016-07-22": {
            "cash": 2.47,
            "stock": 0
        },
        "2017-08-25": {
            "cash": 2.21,
            "stock": 0
        },
        "2018-07-20": {
            "cash": 2.87,
            "stock": 1
        },
        "2019-07-26": {
            "cash": 3.4,
            "stock": 0
        },
        "2020-07-29": {
            "cash": 1.9,
            "stock": 0
        },
        "2021-07-05": {
            "cash": 2.87,
            "stock": 0
        },
        "2022-08-05": {
            "cash": 1.6,
            "stock": 0
        },
        "2023-07-21": {
            "cash": 3.02,
            "stock": 0
        }
    },
    "prices": {
        "200101": "無",
        "200102": "無",
        "200103": "無",
        "200104": "無",
        "200105": "無",
        "200106": "無",
        "200107": "無",
        "200108": "無",
        "200109": "無",
        "200110": "無",
        "200111": "無",
        "200112": "無",
        "200201": "無",
        "200202": "無",
        "200203": "無",
        "200204": "無",
        "200205": "無",
        "200206": "無",
        "200207": "無",
        "200208": "無",
        "200209": "無",
        "200210": "無",
        "200211": "無",
        "200212": "無",
        "200301": "無",
        "200302": "無",
        "200303": "無",
        "200304": "無",
        "200305": "無",
        "200306": "無",
        "200307": "無",
        "200308": "無",
        "200309": "無",
        "200310": "無",
        "200311": "無",
        "200312": "無",
        "200401": "無",
        "200402": "無",
        "200403": "無",
        "200404": "無",
        "200405": "無",
        "200406": "無",
        "200407": "無",
        "200408": "無",
        "200409": "無",
        "200410": "無",
        "200411": "無",
        "200412": "無",
        "200501": "無",
        "200502": "無",
        "200503": "無",
        "200504": "無",
        "200505": "無",
        "200506": "無",
        "200507": "無",
        "200508": "無",
        "200509": "無",
        "200510": "無",
        "200511": "無",
        "200512": "無",
        "200601": "無",
        "200602": "無",
        "200603": "無",
        "200604": "無",
        "200605": "無",
        "200606": "無",
        "200607": "無",
        "200608": "無",
        "200609": "無",
        "200610": "無",
        "200611": "無",
        "200612": "無",
        "200701": "無",
        "200702": "無",
        "200703": "無",
        "200704": "無",
        "200705": "無",
        "200706": "無",
        "200707": "無",
        "200708": "無",
        "200709": "無",
        "200710": "無",
        "200711": "無",
        "200712": "無",
        "200801": "無",
        "200802": "無",
        "200803": "無",
        "200804": "無",
        "200805": "40.91",
        "200806": "35.84",
        "200807": "33.96",
        "200808": "32.46",
        "200809": "32.01",
        "200810": "25.03",
        "200811": "26.07",
        "200812": "28.36",
        "200901": "28.34",
        "200902": "27.15",
        "200903": "31.61",
        "200904": "42.74",
        "200905": "40.94",
        "200906": "35.78",
        "200907": "35.55",
        "200908": "33.03",
        "200909": "33.73",
        "200910": "34.42",
        "200911": "33.65",
        "200912": "34.46",
        "201001": "36.24",
        "201002": "33.65",
        "201003": "34.58",
        "201004": "34.51",
        "201005": "32.80",
        "201006": "32.50",
        "201007": "30.91",
        "201008": "29.95",
        "201009": "28.52",
        "201010": "28.27",
        "201011": "28.18",
        "201012": "29.50",
        "201101": "29.90",
        "201102": "29.51",
        "201103": "28.83",
        "201104": "28.48",
        "201105": "28.17",
        "201106": "27.40",
        "201107": "27.19",
        "201108": "24.36",
        "201109": "23.63",
        "201110": "23.45",
        "201111": "22.72",
        "201112": "21.42",
        "201201": "21.55",
        "201202": "23.84",
        "201203": "25.26",
        "201204": "26.48",
        "201205": "26.32",
        "201206": "26.33",
        "201207": "25.35",
        "201208": "24.87",
        "201209": "25.30",
        "201210": "24.85",
        "201211": "24.25",
        "201212": "25.57",
        "201301": "26.48",
        "201302": "27.81",
        "201303": "27.75",
        "201304": "26.84",
        "201305": "27.39",
        "201306": "28.16",
        "201307": "28.74",
        "201308": "28.64",
        "201309": "28.71",
        "201310": "27.94",
        "201311": "27.16",
        "201312": "27.53",
        "201401": "28.30",
        "201402": "27.67",
        "201403": "27.84",
        "201404": "27.88",
        "201405": "27.60",
        "201406": "26.37",
        "201407": "23.58",
        "201408": "23.06",
        "201409": "23.10",
        "201410": "23.17",
        "201411": "24.51",
        "201412": "24.32",
        "201501": "24.31",
        "201502": "24.67",
        "201503": "24.80",
        "201504": "26.06",
        "201505": "26.53",
        "201506": "25.64",
        "201507": "24.78",
        "201508": "25.27",
        "201509": "26.99",
        "201510": "28.77",
        "201511": "28.65",
        "201512": "29.18",
        "201601": "29.45",
        "201602": "31.63",
        "201603": "36.63",
        "201604": "35.86",
        "201605": "34.79",
        "201606": "35.72",
        "201607": "36.64",
        "201608": "39.05",
        "201609": "38.13",
        "201610": "36.91",
        "201611": "36.98",
        "201612": "37.88",
        "201701": "36.38",
        "201702": "36.65",
        "201703": "36.10",
        "201704": "35.19",
        "201705": "36.30",
        "201706": "37.83",
        "201707": "38.33",
        "201708": "38.72",
        "201709": "43.39",
        "201710": "47.22",
        "201711": "46.22",
        "201712": "44.76",
        "201801": "46.08",
        "201802": "48.82",
        "201803": "62.14",
        "201804": "60.91",
        "201805": "61.92",
        "201806": "65.30",
        "201807": "60.91",
        "201808": "53.87",
        "201809": "52.61",
        "201810": "44.69",
        "201811": "41.63",
        "201812": "43.25",
        "201901": "47.03",
        "201902": "47.04",
        "201903": "46.04",
        "201904": "47.65",
        "201905": "46.75",
        "201906": "47.04",
        "201907": "44.04",
        "201908": "43.17",
        "201909": "43.97",
        "201910": "43.01",
        "201911": "43.79",
        "201912": "43.01",
        "202001": "43.10",
        "202002": "42.88",
        "202003": "37.82",
        "202004": "36.67",
        "202005": "38.50",
        "202006": "39.21",
        "202007": "38.53",
        "202008": "38.41",
        "202009": "37.67",
        "202010": "36.81",
        "202011": "37.40",
        "202012": "38.14",
        "202101": "38.02",
        "202102": "37.77",
        "202103": "39.21",
        "202104": "42.61",
        "202105": "42.78",
        "202106": "40.68",
        "202107": "39.98",
        "202108": "39.19",
        "202109": "38.21",
        "202110": "38.44",
        "202111": "38.74",
        "202112": "38.67",
        "202201": "38.71",
        "202202": "38.71",
        "202203": "37.72",
        "202204": "37.23",
        "202205": "35.93",
        "202206": "36.63",
        "202207": "35.10",
        "202208": "35.90",
        "202209": "35.25",
        "202210": "34.58",
        "202211": "35.75",
        "202212": "37.05",
        "202301": "37.97",
        "202302": "38.82",
        "202303": "41.03",
        "202304": "43.59",
        "202305": "44.17",
        "202306": "44.26",
        "202307": "42.66",
        "202308": "43.73",
        "202309": "44.87",
        "202310": "46.20",
        "202311": "47.04",
        "202312": "50.07"
    },
    "quarters": {
        "20011": {
            "year_quarter": 20011,
            "year": 2001,
            "quarter": 1,
            "eps": null,
            "eps_growth_year": null,
            "eps_4q": null,
            "eps_4q_growth_year": null,
            "roe": null,
            "roe_4q": 0,
            "gross_profit": null,
            "gross_margin": null,
            "gross_margin_4q_avg": 0,
            "net_income": null,
            "net_income_4q": null,
            "revenue": null,
            "revenue_4q": null,
            "common_shares": null,
            "book_valuer_per_share": null,
            "book_valuer_per_share_4q_avg": 0,
            "equity": null,
            "current_ratio": null,
            "debt_ratio": null,
            "inventory_turnover_ratio": null,
            "account_receivable_turnover_ratio": null,
            "reinvestment_rate": null,
            "research_to_sale_ratio": null,
            "price_fair": 0,
            "eps_avg_yearly": 0,
            "eps_latest_yearly": 0,
            "eps_growth_yearly": 0
        },
        "20012": {
            "year_quarter": 20012,
            "year": 2001,
            "quarter": 2,
            "eps": null,
            "eps_growth_year": null,
            "eps_4q": null,
            "eps_4q_growth_year": null,
            "roe": null,
            "roe_4q": 0,
            "gross_profit": null,
            "gross_margin": null,
            "gross_margin_4q_avg": 0,
            "net_income": null,
            "net_income_4q": null,
            "revenue": null,
            "revenue_4q": null,
            "common_shares": null,
            "book_valuer_per_share": null,
            "book_valuer_per_share_4q_avg": 0,
            "equity": null,
            "current_ratio": null,
            "debt_ratio": null,
            "inventory_turnover_ratio": null,
            "account_receivable_turnover_ratio": null,
            "reinvestment_rate": null,
            "research_to_sale_ratio": null,
            "price_fair": 0,
            "eps_avg_yearly": 0,
            "eps_latest_yearly": 0,
            "eps_growth_yearly": 0
        },
        "20013": {
            "year_quarter": 20013,
            "year": 2001,
            "quarter": 3,
            "eps": null,
            "eps_growth_year": null,
            "eps_4q": null,
            "eps_4q_growth_year": null,
            "roe": null,
            "roe_4q": 0,
            "gross_profit": null,
            "gross_margin": null,
            "gross_margin_4q_avg": 0,
            "net_income": null,
            "net_income_4q": null,
            "revenue": null,
            "revenue_4q": null,
            "common_shares": null,
            "book_valuer_per_share": null,
            "book_valuer_per_share_4q_avg": 0,
            "equity": null,
            "current_ratio": null,
            "debt_ratio": null,
            "inventory_turnover_ratio": null,
            "account_receivable_turnover_ratio": null,
            "reinvestment_rate": null,
            "research_to_sale_ratio": null,
            "price_fair": 0,
            "eps_avg_yearly": 0,
            "eps_latest_yearly": 0,
            "eps_growth_yearly": 0
        },
        "20014": {
            "year_quarter": 20014,
            "year": 2001,
            "quarter": 4,
            "eps": null,
            "eps_growth_year": null,
            "eps_4q": null,
            "eps_4q_growth_year": null,
            "roe": null,
            "roe_4q": 0,
            "gross_profit": null,
            "gross_margin": null,
            "gross_margin_4q_avg": 0,
            "net_income": null,
            "net_income_4q": null,
            "revenue": null,
            "revenue_4q": null,
            "common_shares": null,
            "book_valuer_per_share": null,
            "book_valuer_per_share_4q_avg": 0,
            "equity": null,
            "current_ratio": null,
            "debt_ratio": null,
            "inventory_turnover_ratio": null,
            "account_receivable_turnover_ratio": null,
            "reinvestment_rate": null,
            "research_to_sale_ratio": null,
            "price_fair": 0,
            "eps_avg_yearly": 0,
            "eps_latest_yearly": 0,
            "eps_growth_yearly": 0
        },
        "20021": {
            "year_quarter": 20021,
            "year": 2002,
            "quarter": 1,
            "eps": null,
            "eps_growth_year": null,
            "eps_4q": null,
            "eps_4q_growth_year": null,
            "roe": null,
            "roe_4q": 0,
            "gross_profit": null,
            "gross_margin": null,
            "gross_margin_4q_avg": 0,
            "net_income": null,
            "net_income_4q": null,
            "revenue": null,
            "revenue_4q": null,
            "common_shares": null,
            "book_valuer_per_share": null,
            "book_valuer_per_share_4q_avg": 0,
            "equity": null,
            "current_ratio": null,
            "debt_ratio": null,
            "inventory_turnover_ratio": null,
            "account_receivable_turnover_ratio": null,
            "reinvestment_rate": null,
            "research_to_sale_ratio": null,
            "price_fair": 0,
            "eps_avg_yearly": 0,
            "eps_latest_yearly": 0,
            "eps_growth_yearly": 0
        },
        "20022": {
            "year_quarter": 20022,
            "year": 2002,
            "quarter": 2,
            "eps": null,
            "eps_growth_year": null,
            "eps_4q": null,
            "eps_4q_growth_year": null,
            "roe": null,
            "roe_4q": 0,
            "gross_profit": null,
            "gross_margin": null,
            "gross_margin_4q_avg": 0,
            "net_income": null,
            "net_income_4q": null,
            "revenue": null,
            "revenue_4q": null,
            "common_shares": null,
            "book_valuer_per_share": null,
            "book_valuer_per_share_4q_avg": 0,
            "equity": null,
            "current_ratio": null,
            "debt_ratio": null,
            "inventory_turnover_ratio": null,
            "account_receivable_turnover_ratio": null,
            "reinvestment_rate": null,
            "research_to_sale_ratio": null,
            "price_fair": 0,
            "eps_avg_yearly": 0,
            "eps_latest_yearly": 0,
            "eps_growth_yearly": 0
        },
        "20023": {
            "year_quarter": 20023,
            "year": 2002,
            "quarter": 3,
            "eps": null,
            "eps_growth_year": null,
            "eps_4q": null,
            "eps_4q_growth_year": null,
            "roe": null,
            "roe_4q": 0,
            "gross_profit": null,
            "gross_margin": null,
            "gross_margin_4q_avg": 0,
            "net_income": null,
            "net_income_4q": null,
            "revenue": null,
            "revenue_4q": null,
            "common_shares": null,
            "book_valuer_per_share": null,
            "book_valuer_per_share_4q_avg": 0,
            "equity": null,
            "current_ratio": null,
            "debt_ratio": null,
            "inventory_turnover_ratio": null,
            "account_receivable_turnover_ratio": null,
            "reinvestment_rate": null,
            "research_to_sale_ratio": null,
            "price_fair": 0,
            "eps_avg_yearly": 0,
            "eps_latest_yearly": 0,
            "eps_growth_yearly": 0
        },
        "20024": {
            "year_quarter": 20024,
            "year": 2002,
            "quarter": 4,
            "eps": null,
            "eps_growth_year": null,
            "eps_4q": null,
            "eps_4q_growth_year": null,
            "roe": null,
            "roe_4q": 0,
            "gross_profit": null,
            "gross_margin": null,
            "gross_margin_4q_avg": 0,
            "net_income": null,
            "net_income_4q": null,
            "revenue": null,
            "revenue_4q": null,
            "common_shares": null,
            "book_valuer_per_share": null,
            "book_valuer_per_share_4q_avg": 0,
            "equity": null,
            "current_ratio": null,
            "debt_ratio": null,
            "inventory_turnover_ratio": null,
            "account_receivable_turnover_ratio": null,
            "reinvestment_rate": null,
            "research_to_sale_ratio": null,
            "price_fair": 0,
            "eps_avg_yearly": 0,
            "eps_latest_yearly": 0,
            "eps_growth_yearly": 0
        },
        "20031": {
            "year_quarter": 20031,
            "year": 2003,
            "quarter": 1,
            "eps": null,
            "eps_growth_year": null,
            "eps_4q": null,
            "eps_4q_growth_year": null,
            "roe": null,
            "roe_4q": 0,
            "gross_profit": null,
            "gross_margin": null,
            "gross_margin_4q_avg": 0,
            "net_income": null,
            "net_income_4q": null,
            "revenue": null,
            "revenue_4q": null,
            "common_shares": null,
            "book_valuer_per_share": null,
            "book_valuer_per_share_4q_avg": 0,
            "equity": null,
            "current_ratio": null,
            "debt_ratio": null,
            "inventory_turnover_ratio": null,
            "account_receivable_turnover_ratio": null,
            "reinvestment_rate": null,
            "research_to_sale_ratio": null,
            "price_fair": 0,
            "eps_avg_yearly": 0,
            "eps_latest_yearly": 0,
            "eps_growth_yearly": 0
        },
        "20032": {
            "year_quarter": 20032,
            "year": 2003,
            "quarter": 2,
            "eps": null,
            "eps_growth_year": null,
            "eps_4q": null,
            "eps_4q_growth_year": null,
            "roe": null,
            "roe_4q": 0,
            "gross_profit": null,
            "gross_margin": null,
            "gross_margin_4q_avg": 0,
            "net_income": null,
            "net_income_4q": null,
            "revenue": null,
            "revenue_4q": null,
            "common_shares": null,
            "book_valuer_per_share": null,
            "book_valuer_per_share_4q_avg": 0,
            "equity": null,
            "current_ratio": null,
            "debt_ratio": null,
            "inventory_turnover_ratio": null,
            "account_receivable_turnover_ratio": null,
            "reinvestment_rate": null,
            "research_to_sale_ratio": null,
            "price_fair": 0,
            "eps_avg_yearly": 0,
            "eps_latest_yearly": 0,
            "eps_growth_yearly": 0
        },
        "20033": {
            "year_quarter": 20033,
            "year": 2003,
            "quarter": 3,
            "eps": null,
            "eps_growth_year": null,
            "eps_4q": null,
            "eps_4q_growth_year": null,
            "roe": null,
            "roe_4q": 0,
            "gross_profit": null,
            "gross_margin": null,
            "gross_margin_4q_avg": 0,
            "net_income": null,
            "net_income_4q": null,
            "revenue": null,
            "revenue_4q": null,
            "common_shares": null,
            "book_valuer_per_share": null,
            "book_valuer_per_share_4q_avg": 0,
            "equity": null,
            "current_ratio": null,
            "debt_ratio": null,
            "inventory_turnover_ratio": null,
            "account_receivable_turnover_ratio": null,
            "reinvestment_rate": null,
            "research_to_sale_ratio": null,
            "price_fair": 0,
            "eps_avg_yearly": 0,
            "eps_latest_yearly": 0,
            "eps_growth_yearly": 0
        },
        "20034": {
            "year_quarter": 20034,
            "year": 2003,
            "quarter": 4,
            "eps": null,
            "eps_growth_year": null,
            "eps_4q": null,
            "eps_4q_growth_year": null,
            "roe": null,
            "roe_4q": 0,
            "gross_profit": null,
            "gross_margin": null,
            "gross_margin_4q_avg": 0,
            "net_income": null,
            "net_income_4q": null,
            "revenue": null,
            "revenue_4q": null,
            "common_shares": null,
            "book_valuer_per_share": null,
            "book_valuer_per_share_4q_avg": 0,
            "equity": null,
            "current_ratio": null,
            "debt_ratio": null,
            "inventory_turnover_ratio": null,
            "account_receivable_turnover_ratio": null,
            "reinvestment_rate": null,
            "research_to_sale_ratio": null,
            "price_fair": 0,
            "eps_avg_yearly": 0,
            "eps_latest_yearly": 0,
            "eps_growth_yearly": 0
        },
        "20041": {
            "year_quarter": 20041,
            "year": 2004,
            "quarter": 1,
            "eps": null,
            "eps_growth_year": null,
            "eps_4q": null,
            "eps_4q_growth_year": null,
            "roe": null,
            "roe_4q": 0,
            "gross_profit": null,
            "gross_margin": null,
            "gross_margin_4q_avg": 0,
            "net_income": null,
            "net_income_4q": null,
            "revenue": null,
            "revenue_4q": null,
            "common_shares": null,
            "book_valuer_per_share": null,
            "book_valuer_per_share_4q_avg": 0,
            "equity": null,
            "current_ratio": null,
            "debt_ratio": null,
            "inventory_turnover_ratio": null,
            "account_receivable_turnover_ratio": null,
            "reinvestment_rate": null,
            "research_to_sale_ratio": null,
            "price_fair": 0,
            "eps_avg_yearly": 0,
            "eps_latest_yearly": 0,
            "eps_growth_yearly": 0
        },
        "20042": {
            "year_quarter": 20042,
            "year": 2004,
            "quarter": 2,
            "eps": null,
            "eps_growth_year": null,
            "eps_4q": null,
            "eps_4q_growth_year": null,
            "roe": null,
            "roe_4q": 0,
            "gross_profit": null,
            "gross_margin": null,
            "gross_margin_4q_avg": 0,
            "net_income": null,
            "net_income_4q": null,
            "revenue": null,
            "revenue_4q": null,
            "common_shares": null,
            "book_valuer_per_share": null,
            "book_valuer_per_share_4q_avg": 0,
            "equity": null,
            "current_ratio": null,
            "debt_ratio": null,
            "inventory_turnover_ratio": null,
            "account_receivable_turnover_ratio": null,
            "reinvestment_rate": null,
            "research_to_sale_ratio": null,
            "price_fair": 0,
            "eps_avg_yearly": 0,
            "eps_latest_yearly": 0,
            "eps_growth_yearly": 0
        },
        "20043": {
            "year_quarter": 20043,
            "year": 2004,
            "quarter": 3,
            "eps": null,
            "eps_growth_year": null,
            "eps_4q": null,
            "eps_4q_growth_year": null,
            "roe": null,
            "roe_4q": 0,
            "gross_profit": null,
            "gross_margin": null,
            "gross_margin_4q_avg": 0,
            "net_income": null,
            "net_income_4q": null,
            "revenue": null,
            "revenue_4q": null,
            "common_shares": null,
            "book_valuer_per_share": null,
            "book_valuer_per_share_4q_avg": 0,
            "equity": null,
            "current_ratio": null,
            "debt_ratio": null,
            "inventory_turnover_ratio": null,
            "account_receivable_turnover_ratio": null,
            "reinvestment_rate": null,
            "research_to_sale_ratio": null,
            "price_fair": 0,
            "eps_avg_yearly": 0,
            "eps_latest_yearly": 0,
            "eps_growth_yearly": 0
        },
        "20044": {
            "year_quarter": 20044,
            "year": 2004,
            "quarter": 4,
            "eps": null,
            "eps_growth_year": null,
            "eps_4q": null,
            "eps_4q_growth_year": null,
            "roe": null,
            "roe_4q": 0,
            "gross_profit": null,
            "gross_margin": null,
            "gross_margin_4q_avg": 0,
            "net_income": null,
            "net_income_4q": null,
            "revenue": null,
            "revenue_4q": null,
            "common_shares": null,
            "book_valuer_per_share": null,
            "book_valuer_per_share_4q_avg": 0,
            "equity": null,
            "current_ratio": null,
            "debt_ratio": null,
            "inventory_turnover_ratio": null,
            "account_receivable_turnover_ratio": null,
            "reinvestment_rate": null,
            "research_to_sale_ratio": null,
            "price_fair": 0,
            "eps_avg_yearly": 0,
            "eps_latest_yearly": 0,
            "eps_growth_yearly": 0
        },
        "20051": {
            "year_quarter": 20051,
            "year": 2005,
            "quarter": 1,
            "eps": null,
            "eps_growth_year": null,
            "eps_4q": null,
            "eps_4q_growth_year": null,
            "roe": null,
            "roe_4q": 0,
            "gross_profit": null,
            "gross_margin": null,
            "gross_margin_4q_avg": 0,
            "net_income": null,
            "net_income_4q": null,
            "revenue": null,
            "revenue_4q": null,
            "common_shares": null,
            "book_valuer_per_share": null,
            "book_valuer_per_share_4q_avg": 0,
            "equity": null,
            "current_ratio": null,
            "debt_ratio": null,
            "inventory_turnover_ratio": null,
            "account_receivable_turnover_ratio": null,
            "reinvestment_rate": null,
            "research_to_sale_ratio": null,
            "price_fair": 0,
            "eps_avg_yearly": 0,
            "eps_latest_yearly": 0,
            "eps_growth_yearly": 0
        },
        "20052": {
            "year_quarter": 20052,
            "year": 2005,
            "quarter": 2,
            "eps": null,
            "eps_growth_year": null,
            "eps_4q": null,
            "eps_4q_growth_year": null,
            "roe": null,
            "roe_4q": 0,
            "gross_profit": null,
            "gross_margin": null,
            "gross_margin_4q_avg": 0,
            "net_income": null,
            "net_income_4q": null,
            "revenue": null,
            "revenue_4q": null,
            "common_shares": null,
            "book_valuer_per_share": null,
            "book_valuer_per_share_4q_avg": 0,
            "equity": null,
            "current_ratio": null,
            "debt_ratio": null,
            "inventory_turnover_ratio": null,
            "account_receivable_turnover_ratio": null,
            "reinvestment_rate": null,
            "research_to_sale_ratio": null,
            "price_fair": 0,
            "eps_avg_yearly": 0,
            "eps_latest_yearly": 0,
            "eps_growth_yearly": 0
        },
        "20053": {
            "year_quarter": 20053,
            "year": 2005,
            "quarter": 3,
            "eps": null,
            "eps_growth_year": null,
            "eps_4q": null,
            "eps_4q_growth_year": null,
            "roe": null,
            "roe_4q": 0,
            "gross_profit": null,
            "gross_margin": null,
            "gross_margin_4q_avg": 0,
            "net_income": null,
            "net_income_4q": null,
            "revenue": null,
            "revenue_4q": null,
            "common_shares": null,
            "book_valuer_per_share": null,
            "book_valuer_per_share_4q_avg": 0,
            "equity": null,
            "current_ratio": null,
            "debt_ratio": null,
            "inventory_turnover_ratio": null,
            "account_receivable_turnover_ratio": null,
            "reinvestment_rate": null,
            "research_to_sale_ratio": null,
            "price_fair": 0,
            "eps_avg_yearly": 0,
            "eps_latest_yearly": 0,
            "eps_growth_yearly": 0
        },
        "20054": {
            "year_quarter": 20054,
            "year": 2005,
            "quarter": 4,
            "eps": null,
            "eps_growth_year": null,
            "eps_4q": null,
            "eps_4q_growth_year": null,
            "roe": null,
            "roe_4q": 0,
            "gross_profit": null,
            "gross_margin": null,
            "gross_margin_4q_avg": 0,
            "net_income": null,
            "net_income_4q": null,
            "revenue": null,
            "revenue_4q": null,
            "common_shares": null,
            "book_valuer_per_share": null,
            "book_valuer_per_share_4q_avg": 0,
            "equity": null,
            "current_ratio": null,
            "debt_ratio": null,
            "inventory_turnover_ratio": null,
            "account_receivable_turnover_ratio": null,
            "reinvestment_rate": null,
            "research_to_sale_ratio": null,
            "price_fair": 0,
            "eps_avg_yearly": 0,
            "eps_latest_yearly": 0,
            "eps_growth_yearly": 0
        },
        "20061": {
            "year_quarter": 20061,
            "year": 2006,
            "quarter": 1,
            "eps": null,
            "eps_growth_year": null,
            "eps_4q": null,
            "eps_4q_growth_year": null,
            "roe": null,
            "roe_4q": 0,
            "gross_profit": null,
            "gross_margin": null,
            "gross_margin_4q_avg": 0,
            "net_income": null,
            "net_income_4q": null,
            "revenue": null,
            "revenue_4q": null,
            "common_shares": null,
            "book_valuer_per_share": null,
            "book_valuer_per_share_4q_avg": 0,
            "equity": null,
            "current_ratio": null,
            "debt_ratio": null,
            "inventory_turnover_ratio": null,
            "account_receivable_turnover_ratio": null,
            "reinvestment_rate": null,
            "research_to_sale_ratio": null,
            "price_fair": 0,
            "eps_avg_yearly": 0,
            "eps_latest_yearly": 0,
            "eps_growth_yearly": 0
        },
        "20062": {
            "year_quarter": 20062,
            "year": 2006,
            "quarter": 2,
            "eps": null,
            "eps_growth_year": null,
            "eps_4q": null,
            "eps_4q_growth_year": null,
            "roe": null,
            "roe_4q": 0,
            "gross_profit": null,
            "gross_margin": null,
            "gross_margin_4q_avg": 0,
            "net_income": null,
            "net_income_4q": null,
            "revenue": null,
            "revenue_4q": null,
            "common_shares": null,
            "book_valuer_per_share": null,
            "book_valuer_per_share_4q_avg": 0,
            "equity": null,
            "current_ratio": null,
            "debt_ratio": null,
            "inventory_turnover_ratio": null,
            "account_receivable_turnover_ratio": null,
            "reinvestment_rate": null,
            "research_to_sale_ratio": null,
            "price_fair": 0,
            "eps_avg_yearly": 0,
            "eps_latest_yearly": 0,
            "eps_growth_yearly": 0
        },
        "20063": {
            "year_quarter": 20063,
            "year": 2006,
            "quarter": 3,
            "eps": null,
            "eps_growth_year": null,
            "eps_4q": null,
            "eps_4q_growth_year": null,
            "roe": null,
            "roe_4q": 0,
            "gross_profit": null,
            "gross_margin": null,
            "gross_margin_4q_avg": 0,
            "net_income": null,
            "net_income_4q": null,
            "revenue": null,
            "revenue_4q": null,
            "common_shares": null,
            "book_valuer_per_share": null,
            "book_valuer_per_share_4q_avg": 0,
            "equity": null,
            "current_ratio": null,
            "debt_ratio": null,
            "inventory_turnover_ratio": null,
            "account_receivable_turnover_ratio": null,
            "reinvestment_rate": null,
            "research_to_sale_ratio": null,
            "price_fair": 0,
            "eps_avg_yearly": 0,
            "eps_latest_yearly": 0,
            "eps_growth_yearly": 0
        },
        "20064": {
            "year_quarter": 20064,
            "year": 2006,
            "quarter": 4,
            "eps": null,
            "eps_growth_year": null,
            "eps_4q": null,
            "eps_4q_growth_year": null,
            "roe": null,
            "roe_4q": 0,
            "gross_profit": null,
            "gross_margin": null,
            "gross_margin_4q_avg": 0,
            "net_income": null,
            "net_income_4q": null,
            "revenue": null,
            "revenue_4q": null,
            "common_shares": null,
            "book_valuer_per_share": null,
            "book_valuer_per_share_4q_avg": 0,
            "equity": null,
            "current_ratio": null,
            "debt_ratio": null,
            "inventory_turnover_ratio": null,
            "account_receivable_turnover_ratio": null,
            "reinvestment_rate": null,
            "research_to_sale_ratio": null,
            "price_fair": 0,
            "eps_avg_yearly": 0,
            "eps_latest_yearly": 0,
            "eps_growth_yearly": 0
        },
        "20071": {
            "year_quarter": 20071,
            "year": 2007,
            "quarter": 1,
            "eps": null,
            "eps_growth_year": null,
            "eps_4q": null,
            "eps_4q_growth_year": null,
            "roe": null,
            "roe_4q": 0,
            "gross_profit": null,
            "gross_margin": null,
            "gross_margin_4q_avg": 0,
            "net_income": null,
            "net_income_4q": null,
            "revenue": null,
            "revenue_4q": null,
            "common_shares": null,
            "book_valuer_per_share": null,
            "book_valuer_per_share_4q_avg": 0,
            "equity": null,
            "current_ratio": null,
            "debt_ratio": null,
            "inventory_turnover_ratio": null,
            "account_receivable_turnover_ratio": null,
            "reinvestment_rate": null,
            "research_to_sale_ratio": null,
            "price_fair": 0,
            "eps_avg_yearly": 0,
            "eps_latest_yearly": 0,
            "eps_growth_yearly": 0
        },
        "20072": {
            "year_quarter": 20072,
            "year": 2007,
            "quarter": 2,
            "eps": null,
            "eps_growth_year": null,
            "eps_4q": null,
            "eps_4q_growth_year": null,
            "roe": null,
            "roe_4q": 0,
            "gross_profit": null,
            "gross_margin": null,
            "gross_margin_4q_avg": 0,
            "net_income": null,
            "net_income_4q": null,
            "revenue": null,
            "revenue_4q": null,
            "common_shares": null,
            "book_valuer_per_share": null,
            "book_valuer_per_share_4q_avg": 0,
            "equity": null,
            "current_ratio": null,
            "debt_ratio": null,
            "inventory_turnover_ratio": null,
            "account_receivable_turnover_ratio": null,
            "reinvestment_rate": null,
            "research_to_sale_ratio": null,
            "price_fair": 0,
            "eps_avg_yearly": 0,
            "eps_latest_yearly": 0,
            "eps_growth_yearly": 0
        },
        "20073": {
            "year_quarter": 20073,
            "year": 2007,
            "quarter": 3,
            "eps": null,
            "eps_growth_year": null,
            "eps_4q": null,
            "eps_4q_growth_year": null,
            "roe": null,
            "roe_4q": 0,
            "gross_profit": null,
            "gross_margin": null,
            "gross_margin_4q_avg": 0,
            "net_income": null,
            "net_income_4q": null,
            "revenue": null,
            "revenue_4q": null,
            "common_shares": null,
            "book_valuer_per_share": null,
            "book_valuer_per_share_4q_avg": 0,
            "equity": null,
            "current_ratio": null,
            "debt_ratio": null,
            "inventory_turnover_ratio": null,
            "account_receivable_turnover_ratio": null,
            "reinvestment_rate": null,
            "research_to_sale_ratio": null,
            "price_fair": 0,
            "eps_avg_yearly": 0,
            "eps_latest_yearly": 0,
            "eps_growth_yearly": 0
        },
        "20074": {
            "year_quarter": 20074,
            "year": 2007,
            "quarter": 4,
            "eps": null,
            "eps_growth_year": null,
            "eps_4q": null,
            "eps_4q_growth_year": null,
            "roe": null,
            "roe_4q": 0,
            "gross_profit": null,
            "gross_margin": null,
            "gross_margin_4q_avg": 0,
            "net_income": null,
            "net_income_4q": null,
            "revenue": null,
            "revenue_4q": null,
            "common_shares": null,
            "book_valuer_per_share": null,
            "book_valuer_per_share_4q_avg": 0,
            "equity": null,
            "current_ratio": null,
            "debt_ratio": null,
            "inventory_turnover_ratio": null,
            "account_receivable_turnover_ratio": null,
            "reinvestment_rate": null,
            "research_to_sale_ratio": null,
            "price_fair": 0,
            "eps_avg_yearly": 0,
            "eps_latest_yearly": 0,
            "eps_growth_yearly": 0
        },
        "20081": {
            "year_quarter": 20081,
            "year": 2008,
            "quarter": 1,
            "eps": null,
            "eps_growth_year": null,
            "eps_4q": null,
            "eps_4q_growth_year": null,
            "roe": null,
            "roe_4q": 0,
            "gross_profit": null,
            "gross_margin": null,
            "gross_margin_4q_avg": 0,
            "net_income": null,
            "net_income_4q": null,
            "revenue": null,
            "revenue_4q": null,
            "common_shares": null,
            "book_valuer_per_share": null,
            "book_valuer_per_share_4q_avg": 0,
            "equity": null,
            "current_ratio": null,
            "debt_ratio": null,
            "inventory_turnover_ratio": null,
            "account_receivable_turnover_ratio": null,
            "reinvestment_rate": null,
            "research_to_sale_ratio": null,
            "price_fair": 0,
            "eps_avg_yearly": 0,
            "eps_latest_yearly": 0,
            "eps_growth_yearly": 0
        },
        "20082": {
            "year_quarter": 20082,
            "year": 2008,
            "quarter": 2,
            "eps": null,
            "eps_growth_year": null,
            "eps_4q": null,
            "eps_4q_growth_year": null,
            "roe": null,
            "roe_4q": 0,
            "gross_profit": null,
            "gross_margin": null,
            "gross_margin_4q_avg": 0,
            "net_income": null,
            "net_income_4q": null,
            "revenue": null,
            "revenue_4q": null,
            "common_shares": null,
            "book_valuer_per_share": null,
            "book_valuer_per_share_4q_avg": 0,
            "equity": null,
            "current_ratio": null,
            "debt_ratio": null,
            "inventory_turnover_ratio": null,
            "account_receivable_turnover_ratio": null,
            "reinvestment_rate": null,
            "research_to_sale_ratio": null,
            "price_fair": 0,
            "eps_avg_yearly": 0,
            "eps_latest_yearly": 0,
            "eps_growth_yearly": 0
        },
        "20083": {
            "year_quarter": 20083,
            "year": 2008,
            "quarter": 3,
            "eps": null,
            "eps_growth_year": null,
            "eps_4q": null,
            "eps_4q_growth_year": null,
            "roe": null,
            "roe_4q": 0,
            "gross_profit": null,
            "gross_margin": null,
            "gross_margin_4q_avg": 0,
            "net_income": null,
            "net_income_4q": null,
            "revenue": null,
            "revenue_4q": null,
            "common_shares": null,
            "book_valuer_per_share": null,
            "book_valuer_per_share_4q_avg": 0,
            "equity": null,
            "current_ratio": null,
            "debt_ratio": null,
            "inventory_turnover_ratio": null,
            "account_receivable_turnover_ratio": null,
            "reinvestment_rate": null,
            "research_to_sale_ratio": null,
            "price_fair": 0,
            "eps_avg_yearly": 0,
            "eps_latest_yearly": 0,
            "eps_growth_yearly": 0
        },
        "20084": {
            "year_quarter": 20084,
            "year": 2008,
            "quarter": 4,
            "eps": null,
            "eps_growth_year": null,
            "eps_4q": null,
            "eps_4q_growth_year": null,
            "roe": null,
            "roe_4q": 0,
            "gross_profit": null,
            "gross_margin": null,
            "gross_margin_4q_avg": 0,
            "net_income": null,
            "net_income_4q": null,
            "revenue": null,
            "revenue_4q": null,
            "common_shares": 615000,
            "book_valuer_per_share": null,
            "book_valuer_per_share_4q_avg": 0,
            "equity": 1168739,
            "current_ratio": null,
            "debt_ratio": null,
            "inventory_turnover_ratio": null,
            "account_receivable_turnover_ratio": null,
            "reinvestment_rate": null,
            "research_to_sale_ratio": null,
            "price_fair": 0,
            "eps_avg_yearly": 0,
            "eps_latest_yearly": 0,
            "eps_growth_yearly": 0
        },
        "20091": {
            "year_quarter": 20091,
            "year": 2009,
            "quarter": 1,
            "eps": null,
            "eps_growth_year": null,
            "eps_4q": null,
            "eps_4q_growth_year": null,
            "roe": null,
            "roe_4q": 0,
            "gross_profit": null,
            "gross_margin": null,
            "gross_margin_4q_avg": 0,
            "net_income": 71504,
            "net_income_4q": null,
            "revenue": 297127,
            "revenue_4q": null,
            "common_shares": 615000,
            "book_valuer_per_share": null,
            "book_valuer_per_share_4q_avg": 0,
            "equity": 1240243,
            "current_ratio": null,
            "debt_ratio": null,
            "inventory_turnover_ratio": null,
            "account_receivable_turnover_ratio": null,
            "reinvestment_rate": null,
            "research_to_sale_ratio": null,
            "price_fair": 0,
            "eps_avg_yearly": 0,
            "eps_latest_yearly": 0,
            "eps_growth_yearly": 0
        },
        "20092": {
            "year_quarter": 20092,
            "year": 2009,
            "quarter": 2,
            "eps": null,
            "eps_growth_year": null,
            "eps_4q": null,
            "eps_4q_growth_year": null,
            "roe": null,
            "roe_4q": 0,
            "gross_profit": null,
            "gross_margin": null,
            "gross_margin_4q_avg": 0,
            "net_income": 46524,
            "net_income_4q": null,
            "revenue": 330749,
            "revenue_4q": null,
            "common_shares": 676500,
            "book_valuer_per_share": null,
            "book_valuer_per_share_4q_avg": 0,
            "equity": 1388242,
            "current_ratio": null,
            "debt_ratio": null,
            "inventory_turnover_ratio": null,
            "account_receivable_turnover_ratio": null,
            "reinvestment_rate": null,
            "research_to_sale_ratio": null,
            "price_fair": 0,
            "eps_avg_yearly": 0,
            "eps_latest_yearly": 0,
            "eps_growth_yearly": 0
        },
        "20093": {
            "year_quarter": 20093,
            "year": 2009,
            "quarter": 3,
            "eps": null,
            "eps_growth_year": null,
            "eps_4q": null,
            "eps_4q_growth_year": null,
            "roe": null,
            "roe_4q": 0,
            "gross_profit": null,
            "gross_margin": null,
            "gross_margin_4q_avg": 0,
            "net_income": 40390,
            "net_income_4q": null,
            "revenue": 324911,
            "revenue_4q": null,
            "common_shares": 752268,
            "book_valuer_per_share": null,
            "book_valuer_per_share_4q_avg": 0,
            "equity": 1428633,
            "current_ratio": null,
            "debt_ratio": null,
            "inventory_turnover_ratio": null,
            "account_receivable_turnover_ratio": null,
            "reinvestment_rate": null,
            "research_to_sale_ratio": null,
            "price_fair": 0,
            "eps_avg_yearly": 0,
            "eps_latest_yearly": 0,
            "eps_growth_yearly": 0
        },
        "20094": {
            "year_quarter": 20094,
            "year": 2009,
            "quarter": 4,
            "eps": null,
            "eps_growth_year": null,
            "eps_4q": null,
            "eps_4q_growth_year": null,
            "roe": null,
            "roe_4q": 0,
            "gross_profit": null,
            "gross_margin": null,
            "gross_margin_4q_avg": 0,
            "net_income": 27171,
            "net_income_4q": null,
            "revenue": 265803,
            "revenue_4q": null,
            "common_shares": 752268,
            "book_valuer_per_share": 18.89,
            "book_valuer_per_share_4q_avg": 4.72,
            "equity": 1455803,
            "current_ratio": 119.53,
            "debt_ratio": 82.47,
            "inventory_turnover_ratio": null,
            "account_receivable_turnover_ratio": null,
            "reinvestment_rate": null,
            "research_to_sale_ratio": null,
            "price_fair": 0,
            "eps_avg_yearly": 0,
            "eps_latest_yearly": 0,
            "eps_growth_yearly": 0
        },
        "20101": {
            "year_quarter": 20101,
            "year": 2010,
            "quarter": 1,
            "eps": 0.53,
            "eps_growth_year": null,
            "eps_4q": 0.53,
            "eps_4q_growth_year": null,
            "roe": 2.69,
            "roe_4q": 2.69,
            "gross_profit": null,
            "gross_margin": null,
            "gross_margin_4q_avg": 0,
            "net_income": 39666,
            "net_income_4q": null,
            "revenue": 265524,
            "revenue_4q": null,
            "common_shares": 752268,
            "book_valuer_per_share": 19.43,
            "book_valuer_per_share_4q_avg": 9.58,
            "equity": 1495469,
            "current_ratio": 122.76,
            "debt_ratio": 80.34,
            "inventory_turnover_ratio": null,
            "account_receivable_turnover_ratio": 63.09,
            "reinvestment_rate": null,
            "research_to_sale_ratio": null,
            "price_fair": 0,
            "eps_avg_yearly": 0,
            "eps_latest_yearly": 0,
            "eps_growth_yearly": 0
        },
        "20102": {
            "year_quarter": 20102,
            "year": 2010,
            "quarter": 2,
            "eps": 0.45,
            "eps_growth_year": null,
            "eps_4q": 0.93,
            "eps_4q_growth_year": null,
            "roe": 2.53,
            "roe_4q": 5.22,
            "gross_profit": null,
            "gross_margin": null,
            "gross_margin_4q_avg": 0,
            "net_income": 37865,
            "net_income_4q": null,
            "revenue": 306006,
            "revenue_4q": null,
            "common_shares": 752268,
            "book_valuer_per_share": 19.44,
            "book_valuer_per_share_4q_avg": 14.44,
            "equity": 1495721,
            "current_ratio": 120.6,
            "debt_ratio": 81.75,
            "inventory_turnover_ratio": null,
            "account_receivable_turnover_ratio": 117.67,
            "reinvestment_rate": null,
            "research_to_sale_ratio": null,
            "price_fair": 5.4,
            "eps_avg_yearly": 1.8,
            "eps_latest_yearly": 1.8,
            "eps_growth_yearly": -60.38
        },
        "20103": {
            "year_quarter": 20103,
            "year": 2010,
            "quarter": 3,
            "eps": 0.54,
            "eps_growth_year": null,
            "eps_4q": 1.47,
            "eps_4q_growth_year": null,
            "roe": 3.02,
            "roe_4q": 8.24,
            "gross_profit": null,
            "gross_margin": null,
            "gross_margin_4q_avg": 0,
            "net_income": 45807,
            "net_income_4q": null,
            "revenue": 260468,
            "revenue_4q": null,
            "common_shares": 846302,
            "book_valuer_per_share": 17.82,
            "book_valuer_per_share_4q_avg": 18.9,
            "equity": 1541529,
            "current_ratio": 125.26,
            "debt_ratio": 78.43,
            "inventory_turnover_ratio": null,
            "account_receivable_turnover_ratio": 162.23,
            "reinvestment_rate": null,
            "research_to_sale_ratio": null,
            "price_fair": 39.23,
            "eps_avg_yearly": 1.98,
            "eps_latest_yearly": 2.16,
            "eps_growth_yearly": 9.81
        },
        "20104": {
            "year_quarter": 20104,
            "year": 2010,
            "quarter": 4,
            "eps": 0.63,
            "eps_growth_year": null,
            "eps_4q": 2.11,
            "eps_4q_growth_year": null,
            "roe": 3.45,
            "roe_4q": 11.69,
            "gross_profit": null,
            "gross_margin": null,
            "gross_margin_4q_avg": 0,
            "net_income": 53561,
            "net_income_4q": null,
            "revenue": 274019,
            "revenue_4q": null,
            "common_shares": 846302,
            "book_valuer_per_share": 18.45,
            "book_valuer_per_share_4q_avg": 18.79,
            "equity": 1561825,
            "current_ratio": 123.41,
            "debt_ratio": 79.69,
            "inventory_turnover_ratio": null,
            "account_receivable_turnover_ratio": 441.61,
            "reinvestment_rate": null,
            "research_to_sale_ratio": null,
            "price_fair": 75.6,
            "eps_avg_yearly": 2.16,
            "eps_latest_yearly": 2.52,
            "eps_growth_yearly": 28.76
        },
        "20111": {
            "year_quarter": 20111,
            "year": 2011,
            "quarter": 1,
            "eps": 0.69,
            "eps_growth_year": 30.19,
            "eps_4q": 2.32,
            "eps_4q_growth_year": 333.74,
            "roe": 3.55,
            "roe_4q": 12.549999999999999,
            "gross_profit": null,
            "gross_margin": null,
            "gross_margin_4q_avg": 0,
            "net_income": 58002,
            "net_income_4q": null,
            "revenue": 325209,
            "revenue_4q": null,
            "common_shares": 846302,
            "book_valuer_per_share": 20.21,
            "book_valuer_per_share_4q_avg": 18.98,
            "equity": 1710130,
            "current_ratio": 120.38,
            "debt_ratio": 80.81,
            "inventory_turnover_ratio": null,
            "account_receivable_turnover_ratio": 626,
            "reinvestment_rate": null,
            "research_to_sale_ratio": null,
            "price_fair": 80.85,
            "eps_avg_yearly": 2.31,
            "eps_latest_yearly": 2.76,
            "eps_growth_yearly": 31.1
        },
        "20112": {
            "year_quarter": 20112,
            "year": 2011,
            "quarter": 2,
            "eps": 0.52,
            "eps_growth_year": 13.35,
            "eps_4q": 2.22,
            "eps_4q_growth_year": 139.18,
            "roe": 2.75,
            "roe_4q": 12.77,
            "gross_profit": null,
            "gross_margin": null,
            "gross_margin_4q_avg": 0,
            "net_income": 47557,
            "net_income_4q": null,
            "revenue": 280230,
            "revenue_4q": null,
            "common_shares": 846302,
            "book_valuer_per_share": 20.68,
            "book_valuer_per_share_4q_avg": 19.29,
            "equity": 1750113,
            "current_ratio": 117.84,
            "debt_ratio": 82.02,
            "inventory_turnover_ratio": null,
            "account_receivable_turnover_ratio": 825.42,
            "reinvestment_rate": null,
            "research_to_sale_ratio": null,
            "price_fair": 34.34,
            "eps_avg_yearly": 2.26,
            "eps_latest_yearly": 2.08,
            "eps_growth_yearly": 5.17
        },
        "20113": {
            "year_quarter": 20113,
            "year": 2011,
            "quarter": 3,
            "eps": 0.65,
            "eps_growth_year": 19.3,
            "eps_4q": 2.37,
            "eps_4q_growth_year": 61.13,
            "roe": 3.36,
            "roe_4q": 13.11,
            "gross_profit": null,
            "gross_margin": null,
            "gross_margin_4q_avg": 0,
            "net_income": 59764,
            "net_income_4q": null,
            "revenue": 323418,
            "revenue_4q": null,
            "common_shares": 922469,
            "book_valuer_per_share": 19.56,
            "book_valuer_per_share_4q_avg": 19.73,
            "equity": 1804682,
            "current_ratio": 113.67,
            "debt_ratio": 85.56,
            "inventory_turnover_ratio": null,
            "account_receivable_turnover_ratio": 993.6,
            "reinvestment_rate": null,
            "research_to_sale_ratio": null,
            "price_fair": 71.86,
            "eps_avg_yearly": 2.32,
            "eps_latest_yearly": 2.6,
            "eps_growth_yearly": 20.97
        },
        "20114": {
            "year_quarter": 20114,
            "year": 2011,
            "quarter": 4,
            "eps": 0.61,
            "eps_growth_year": -4.12,
            "eps_4q": 2.4,
            "eps_4q_growth_year": 13.95,
            "roe": 3.05,
            "roe_4q": 12.71,
            "gross_profit": null,
            "gross_margin": null,
            "gross_margin_4q_avg": 0,
            "net_income": 55961,
            "net_income_4q": null,
            "revenue": 295239,
            "revenue_4q": null,
            "common_shares": 922469,
            "book_valuer_per_share": 20.16,
            "book_valuer_per_share_4q_avg": 20.15,
            "equity": 1859845,
            "current_ratio": 116.46,
            "debt_ratio": 83.17,
            "inventory_turnover_ratio": null,
            "account_receivable_turnover_ratio": 85.61,
            "reinvestment_rate": null,
            "research_to_sale_ratio": null,
            "price_fair": 57.17,
            "eps_avg_yearly": 2.34,
            "eps_latest_yearly": 2.44,
            "eps_growth_yearly": 14.46
        },
        "20121": {
            "year_quarter": 20121,
            "year": 2012,
            "quarter": 1,
            "eps": 0.59,
            "eps_growth_year": -14.49,
            "eps_4q": 2.36,
            "eps_4q_growth_year": 2.1,
            "roe": 2.9,
            "roe_4q": 12.059999999999999,
            "gross_profit": null,
            "gross_margin": null,
            "gross_margin_4q_avg": 0,
            "net_income": 54840,
            "net_income_4q": null,
            "revenue": 272209,
            "revenue_4q": null,
            "common_shares": 922469,
            "book_valuer_per_share": 0,
            "book_valuer_per_share_4q_avg": 15.1,
            "equity": 1921652,
            "current_ratio": 120.56,
            "debt_ratio": 79.92,
            "inventory_turnover_ratio": null,
            "account_receivable_turnover_ratio": 24.33,
            "reinvestment_rate": null,
            "research_to_sale_ratio": null,
            "price_fair": 49.17,
            "eps_avg_yearly": 2.34,
            "eps_latest_yearly": 2.36,
            "eps_growth_yearly": 11.01
        },
        "20122": {
            "year_quarter": 20122,
            "year": 2012,
            "quarter": 2,
            "eps": 0.6,
            "eps_growth_year": 15.47,
            "eps_4q": 2.44,
            "eps_4q_growth_year": 9.95,
            "roe": 2.98,
            "roe_4q": 12.29,
            "gross_profit": null,
            "gross_margin": null,
            "gross_margin_4q_avg": 0,
            "net_income": 54912,
            "net_income_4q": null,
            "revenue": 315096,
            "revenue_4q": null,
            "common_shares": 922469,
            "book_valuer_per_share": 0,
            "book_valuer_per_share_4q_avg": 9.93,
            "equity": 1761233,
            "current_ratio": 116.77,
            "debt_ratio": 82.74,
            "inventory_turnover_ratio": null,
            "account_receivable_turnover_ratio": 15.28,
            "reinvestment_rate": null,
            "research_to_sale_ratio": null,
            "price_fair": 48.21,
            "eps_avg_yearly": 2.35,
            "eps_latest_yearly": 2.4,
            "eps_growth_yearly": 10.54
        },
        "20123": {
            "year_quarter": 20123,
            "year": 2012,
            "quarter": 3,
            "eps": 0.55,
            "eps_growth_year": -15.32,
            "eps_4q": 2.35,
            "eps_4q_growth_year": -1.16,
            "roe": 2.83,
            "roe_4q": 11.760000000000002,
            "gross_profit": null,
            "gross_margin": null,
            "gross_margin_4q_avg": 0,
            "net_income": 50609,
            "net_income_4q": null,
            "revenue": 281132,
            "revenue_4q": null,
            "common_shares": 922469,
            "book_valuer_per_share": 0,
            "book_valuer_per_share_4q_avg": 5.04,
            "equity": 1814132,
            "current_ratio": 117.11,
            "debt_ratio": 82.29,
            "inventory_turnover_ratio": null,
            "account_receivable_turnover_ratio": 11.18,
            "reinvestment_rate": null,
            "research_to_sale_ratio": null,
            "price_fair": 37.67,
            "eps_avg_yearly": 2.33,
            "eps_latest_yearly": 2.2,
            "eps_growth_yearly": 6.16
        },
        "20124": {
            "year_quarter": 20124,
            "year": 2012,
            "quarter": 4,
            "eps": 0.78,
            "eps_growth_year": 28.54,
            "eps_4q": 2.52,
            "eps_4q_growth_year": 4.98,
            "roe": 3.9,
            "roe_4q": 12.610000000000001,
            "gross_profit": null,
            "gross_margin": null,
            "gross_margin_4q_avg": 0,
            "net_income": 71935,
            "net_income_4q": null,
            "revenue": 343859,
            "revenue_4q": null,
            "common_shares": 922469,
            "book_valuer_per_share": 20.36,
            "book_valuer_per_share_4q_avg": 5.09,
            "equity": 1878106,
            "current_ratio": 115.27,
            "debt_ratio": 83.74,
            "inventory_turnover_ratio": null,
            "account_receivable_turnover_ratio": 26.5,
            "reinvestment_rate": 4.1,
            "research_to_sale_ratio": null,
            "price_fair": 74.04,
            "eps_avg_yearly": 2.4,
            "eps_latest_yearly": 3.12,
            "eps_growth_yearly": 20.8
        },
        "20131": {
            "year_quarter": 20131,
            "year": 2013,
            "quarter": 1,
            "eps": 0.48,
            "eps_growth_year": -18.64,
            "eps_4q": 2.4,
            "eps_4q_growth_year": 1.45,
            "roe": 2.3,
            "roe_4q": 12.01,
            "gross_profit": null,
            "gross_margin": null,
            "gross_margin_4q_avg": 0,
            "net_income": 43835,
            "net_income_4q": null,
            "revenue": 251614,
            "revenue_4q": null,
            "common_shares": 922469,
            "book_valuer_per_share": 21.02,
            "book_valuer_per_share_4q_avg": 10.35,
            "equity": 1938982,
            "current_ratio": 116.3,
            "debt_ratio": 82.42,
            "inventory_turnover_ratio": null,
            "account_receivable_turnover_ratio": 204.98,
            "reinvestment_rate": 3.77,
            "research_to_sale_ratio": null,
            "price_fair": 38.4,
            "eps_avg_yearly": 2.36,
            "eps_latest_yearly": 1.92,
            "eps_growth_yearly": 6.25
        },
        "20132": {
            "year_quarter": 20132,
            "year": 2013,
            "quarter": 2,
            "eps": 0.81,
            "eps_growth_year": 36.07,
            "eps_4q": 2.41,
            "eps_4q_growth_year": -1.55,
            "roe": 3.83,
            "roe_4q": 12.86,
            "gross_profit": null,
            "gross_margin": null,
            "gross_margin_4q_avg": 0,
            "net_income": 74479,
            "net_income_4q": null,
            "revenue": 372089,
            "revenue_4q": null,
            "common_shares": 922469,
            "book_valuer_per_share": 21.09,
            "book_valuer_per_share_4q_avg": 15.62,
            "equity": 1945853,
            "current_ratio": 116.31,
            "debt_ratio": 82.29,
            "inventory_turnover_ratio": null,
            "account_receivable_turnover_ratio": 274.71,
            "reinvestment_rate": 2.68,
            "research_to_sale_ratio": null,
            "price_fair": 85.08,
            "eps_avg_yearly": 2.43,
            "eps_latest_yearly": 3.24,
            "eps_growth_yearly": 26.92
        },
        "20133": {
            "year_quarter": 20133,
            "year": 2013,
            "quarter": 3,
            "eps": 0.69,
            "eps_growth_year": 25.77,
            "eps_4q": 2.6,
            "eps_4q_growth_year": 10.66,
            "roe": 3.51,
            "roe_4q": 13.540000000000001,
            "gross_profit": null,
            "gross_margin": null,
            "gross_margin_4q_avg": 0,
            "net_income": 69482,
            "net_income_4q": null,
            "revenue": 245341,
            "revenue_4q": null,
            "common_shares": 1000879,
            "book_valuer_per_share": 20.08,
            "book_valuer_per_share_4q_avg": 20.64,
            "equity": 2010149,
            "current_ratio": 117.12,
            "debt_ratio": 81.71,
            "inventory_turnover_ratio": null,
            "account_receivable_turnover_ratio": 236.25,
            "reinvestment_rate": 2.28,
            "research_to_sale_ratio": null,
            "price_fair": 75.51,
            "eps_avg_yearly": 2.45,
            "eps_latest_yearly": 2.76,
            "eps_growth_yearly": 20.77
        },
        "20134": {
            "year_quarter": 20134,
            "year": 2013,
            "quarter": 4,
            "eps": 0.7,
            "eps_growth_year": -10.14,
            "eps_4q": 2.58,
            "eps_4q_growth_year": 2.34,
            "roe": 3.43,
            "roe_4q": 13.07,
            "gross_profit": null,
            "gross_margin": null,
            "gross_margin_4q_avg": 0,
            "net_income": 70136,
            "net_income_4q": null,
            "revenue": 233928,
            "revenue_4q": null,
            "common_shares": 1000879,
            "book_valuer_per_share": 20.79,
            "book_valuer_per_share_4q_avg": 20.75,
            "equity": 2080366,
            "current_ratio": 117.47,
            "debt_ratio": 81.42,
            "inventory_turnover_ratio": null,
            "account_receivable_turnover_ratio": 220.37,
            "reinvestment_rate": 1.92,
            "research_to_sale_ratio": null,
            "price_fair": 73.74,
            "eps_avg_yearly": 2.48,
            "eps_latest_yearly": 2.8,
            "eps_growth_yearly": 19.77
        },
        "20141": {
            "year_quarter": 20141,
            "year": 2014,
            "quarter": 1,
            "eps": 0.41,
            "eps_growth_year": -14.58,
            "eps_4q": 2.55,
            "eps_4q_growth_year": 6.2,
            "roe": 1.95,
            "roe_4q": 12.72,
            "gross_profit": null,
            "gross_margin": null,
            "gross_margin_4q_avg": 0,
            "net_income": 40892,
            "net_income_4q": null,
            "revenue": 244927,
            "revenue_4q": null,
            "common_shares": 1000879,
            "book_valuer_per_share": 21.21,
            "book_valuer_per_share_4q_avg": 20.79,
            "equity": 2122762,
            "current_ratio": 119.35,
            "debt_ratio": 80.12,
            "inventory_turnover_ratio": null,
            "account_receivable_turnover_ratio": 235.51,
            "reinvestment_rate": 1.65,
            "research_to_sale_ratio": null,
            "price_fair": 44.07,
            "eps_avg_yearly": 2.43,
            "eps_latest_yearly": 1.64,
            "eps_growth_yearly": 8.18
        },
        "20142": {
            "year_quarter": 20142,
            "year": 2014,
            "quarter": 2,
            "eps": 0.27,
            "eps_growth_year": -66.67,
            "eps_4q": 1.74,
            "eps_4q_growth_year": -27.75,
            "roe": 1.2,
            "roe_4q": 10.09,
            "gross_profit": null,
            "gross_margin": null,
            "gross_margin_4q_avg": 0,
            "net_income": 27374,
            "net_income_4q": null,
            "revenue": 244152,
            "revenue_4q": null,
            "common_shares": 1199979,
            "book_valuer_per_share": 20.25,
            "book_valuer_per_share_4q_avg": 20.58,
            "equity": 2452545,
            "current_ratio": 120.15,
            "debt_ratio": 80.13,
            "inventory_turnover_ratio": null,
            "account_receivable_turnover_ratio": 649.34,
            "reinvestment_rate": 1.53,
            "research_to_sale_ratio": null,
            "price_fair": 31.92,
            "eps_avg_yearly": 2.38,
            "eps_latest_yearly": 1.08,
            "eps_growth_yearly": 3.41
        },
        "20143": {
            "year_quarter": 20143,
            "year": 2014,
            "quarter": 3,
            "eps": 1.01,
            "eps_growth_year": 46.38,
            "eps_4q": 2.17,
            "eps_4q_growth_year": -16.22,
            "roe": 4.85,
            "roe_4q": 11.43,
            "gross_profit": null,
            "gross_margin": null,
            "gross_margin_4q_avg": 0,
            "net_income": 122339,
            "net_income_4q": null,
            "revenue": 414354,
            "revenue_4q": null,
            "common_shares": 1199979,
            "book_valuer_per_share": 21.39,
            "book_valuer_per_share_4q_avg": 20.91,
            "equity": 2590906,
            "current_ratio": 117.12,
            "debt_ratio": 82.72,
            "inventory_turnover_ratio": null,
            "account_receivable_turnover_ratio": 13154.1,
            "reinvestment_rate": 1.18,
            "research_to_sale_ratio": null,
            "price_fair": 87.41,
            "eps_avg_yearly": 2.5,
            "eps_latest_yearly": 4.04,
            "eps_growth_yearly": 66.93
        },
        "20144": {
            "year_quarter": 20144,
            "year": 2014,
            "quarter": 4,
            "eps": 0.86,
            "eps_growth_year": 22.74,
            "eps_4q": 2.45,
            "eps_4q_growth_year": -4.95,
            "roe": 3.87,
            "roe_4q": 11.869999999999997,
            "gross_profit": null,
            "gross_margin": null,
            "gross_margin_4q_avg": 0,
            "net_income": 102162,
            "net_income_4q": null,
            "revenue": 217405,
            "revenue_4q": null,
            "common_shares": 1199979,
            "book_valuer_per_share": 22.44,
            "book_valuer_per_share_4q_avg": 21.32,
            "equity": 2692432,
            "current_ratio": 117.5,
            "debt_ratio": 82.56,
            "inventory_turnover_ratio": null,
            "account_receivable_turnover_ratio": 2041.36,
            "reinvestment_rate": 0.69,
            "research_to_sale_ratio": null,
            "price_fair": 89.43,
            "eps_avg_yearly": 2.56,
            "eps_latest_yearly": 3.44,
            "eps_growth_yearly": 59.05
        },
        "20151": {
            "year_quarter": 20151,
            "year": 2015,
            "quarter": 1,
            "eps": 0.49,
            "eps_growth_year": 19.51,
            "eps_4q": 2.6,
            "eps_4q_growth_year": 1.89,
            "roe": 2.11,
            "roe_4q": 12.03,
            "gross_profit": null,
            "gross_margin": null,
            "gross_margin_4q_avg": 0,
            "net_income": 57577,
            "net_income_4q": null,
            "revenue": 198086,
            "revenue_4q": null,
            "common_shares": 1199979,
            "book_valuer_per_share": 22.93,
            "book_valuer_per_share_4q_avg": 21.75,
            "equity": 2752971,
            "current_ratio": 118.61,
            "debt_ratio": 81.57,
            "inventory_turnover_ratio": null,
            "account_receivable_turnover_ratio": 380.2,
            "reinvestment_rate": 0.87,
            "research_to_sale_ratio": null,
            "price_fair": 87.68,
            "eps_avg_yearly": 2.51,
            "eps_latest_yearly": 1.96,
            "eps_growth_yearly": 45.91
        },
        "20152": {
            "year_quarter": 20152,
            "year": 2015,
            "quarter": 2,
            "eps": 0.85,
            "eps_growth_year": 214.81,
            "eps_4q": 3.16,
            "eps_4q_growth_year": 82,
            "roe": 3.79,
            "roe_4q": 14.62,
            "gross_profit": null,
            "gross_margin": null,
            "gross_margin_4q_avg": 0,
            "net_income": 103282,
            "net_income_4q": null,
            "revenue": 410948,
            "revenue_4q": null,
            "common_shares": 1199979,
            "book_valuer_per_share": 22.25,
            "book_valuer_per_share_4q_avg": 22.25,
            "equity": 2692380,
            "current_ratio": 116.12,
            "debt_ratio": 83.57,
            "inventory_turnover_ratio": null,
            "account_receivable_turnover_ratio": 900.21,
            "reinvestment_rate": -0.41,
            "research_to_sale_ratio": null,
            "price_fair": 90.56,
            "eps_avg_yearly": 2.59,
            "eps_latest_yearly": 3.4,
            "eps_growth_yearly": 70.44
        },
        "20153": {
            "year_quarter": 20153,
            "year": 2015,
            "quarter": 3,
            "eps": 1.37,
            "eps_growth_year": 35.64,
            "eps_4q": 3.54,
            "eps_4q_growth_year": 62.74,
            "roe": 6.19,
            "roe_4q": 15.96,
            "gross_profit": null,
            "gross_margin": null,
            "gross_margin_4q_avg": 0,
            "net_income": 172905,
            "net_income_4q": null,
            "revenue": 540755,
            "revenue_4q": null,
            "common_shares": 1223979,
            "book_valuer_per_share": 23.42,
            "book_valuer_per_share_4q_avg": 22.76,
            "equity": 2895644,
            "current_ratio": 114.75,
            "debt_ratio": 84.91,
            "inventory_turnover_ratio": null,
            "account_receivable_turnover_ratio": 11265.73,
            "reinvestment_rate": -1.81,
            "research_to_sale_ratio": null,
            "price_fair": 96.86,
            "eps_avg_yearly": 2.77,
            "eps_latest_yearly": 5.48,
            "eps_growth_yearly": 79.49
        },
        "20154": {
            "year_quarter": 20154,
            "year": 2015,
            "quarter": 4,
            "eps": 0.84,
            "eps_growth_year": -2.07,
            "eps_4q": 3.54,
            "eps_4q_growth_year": 44.39,
            "roe": 3.43,
            "roe_4q": 15.52,
            "gross_profit": null,
            "gross_margin": null,
            "gross_margin_4q_avg": 0,
            "net_income": 100737,
            "net_income_4q": null,
            "revenue": 402048,
            "revenue_4q": null,
            "common_shares": 1223979,
            "book_valuer_per_share": 24.12,
            "book_valuer_per_share_4q_avg": 23.18,
            "equity": 2978988,
            "current_ratio": 114.19,
            "debt_ratio": 85.45,
            "inventory_turnover_ratio": null,
            "account_receivable_turnover_ratio": 39.11,
            "reinvestment_rate": 1.37,
            "research_to_sale_ratio": null,
            "price_fair": 98.88,
            "eps_avg_yearly": 2.83,
            "eps_latest_yearly": 3.36,
            "eps_growth_yearly": 71.35
        },
        "20161": {
            "year_quarter": 20161,
            "year": 2016,
            "quarter": 1,
            "eps": 1.18,
            "eps_growth_year": 140.82,
            "eps_4q": 4.24,
            "eps_4q_growth_year": 63.44,
            "roe": 4.74,
            "roe_4q": 18.15,
            "gross_profit": null,
            "gross_margin": null,
            "gross_margin_4q_avg": 0,
            "net_income": 144547,
            "net_income_4q": null,
            "revenue": 567605,
            "revenue_4q": null,
            "common_shares": 1223979,
            "book_valuer_per_share": 25.25,
            "book_valuer_per_share_4q_avg": 23.76,
            "equity": 3117406,
            "current_ratio": 113.14,
            "debt_ratio": 86.53,
            "inventory_turnover_ratio": null,
            "account_receivable_turnover_ratio": 11.61,
            "reinvestment_rate": 1.63,
            "research_to_sale_ratio": null,
            "price_fair": 104.04,
            "eps_avg_yearly": 2.97,
            "eps_latest_yearly": 4.72,
            "eps_growth_yearly": 82.29
        },
        "20162": {
            "year_quarter": 20162,
            "year": 2016,
            "quarter": 2,
            "eps": 1.02,
            "eps_growth_year": 20,
            "eps_4q": 4.41,
            "eps_4q_growth_year": 39.39,
            "roe": 4.11,
            "roe_4q": 18.470000000000002,
            "gross_profit": null,
            "gross_margin": null,
            "gross_margin_4q_avg": 0,
            "net_income": 124526,
            "net_income_4q": null,
            "revenue": 577255,
            "revenue_4q": null,
            "common_shares": 1223979,
            "book_valuer_per_share": 23.81,
            "book_valuer_per_share_4q_avg": 24.15,
            "equity": 2940827,
            "current_ratio": 110.51,
            "debt_ratio": 88.72,
            "inventory_turnover_ratio": null,
            "account_receivable_turnover_ratio": 14.94,
            "reinvestment_rate": 2.27,
            "research_to_sale_ratio": null,
            "price_fair": 107.71,
            "eps_avg_yearly": 3.08,
            "eps_latest_yearly": 4.08,
            "eps_growth_yearly": 78.48
        },
        "20163": {
            "year_quarter": 20163,
            "year": 2016,
            "quarter": 3,
            "eps": 0.99,
            "eps_growth_year": -27.74,
            "eps_4q": 4.03,
            "eps_4q_growth_year": 14.05,
            "roe": 4.1,
            "roe_4q": 16.380000000000003,
            "gross_profit": null,
            "gross_margin": null,
            "gross_margin_4q_avg": 0,
            "net_income": 122903,
            "net_income_4q": null,
            "revenue": 560597,
            "revenue_4q": null,
            "common_shares": 1223979,
            "book_valuer_per_share": 24.73,
            "book_valuer_per_share_4q_avg": 24.48,
            "equity": 3053715,
            "current_ratio": 110.96,
            "debt_ratio": 88.28,
            "inventory_turnover_ratio": null,
            "account_receivable_turnover_ratio": 132.89,
            "reinvestment_rate": 2.84,
            "research_to_sale_ratio": null,
            "price_fair": 111.56,
            "eps_avg_yearly": 3.19,
            "eps_latest_yearly": 3.96,
            "eps_growth_yearly": 79.83
        },
        "20164": {
            "year_quarter": 20164,
            "year": 2016,
            "quarter": 4,
            "eps": 0.99,
            "eps_growth_year": 17.41,
            "eps_4q": 4.18,
            "eps_4q_growth_year": 18.22,
            "roe": 3.84,
            "roe_4q": 16.79,
            "gross_profit": null,
            "gross_margin": null,
            "gross_margin_4q_avg": 0,
            "net_income": 119783,
            "net_income_4q": null,
            "revenue": 549339,
            "revenue_4q": null,
            "common_shares": 1223979,
            "book_valuer_per_share": 25.88,
            "book_valuer_per_share_4q_avg": 24.92,
            "equity": 3192794,
            "current_ratio": 111.17,
            "debt_ratio": 88.15,
            "inventory_turnover_ratio": null,
            "account_receivable_turnover_ratio": 60.66,
            "reinvestment_rate": 2.65,
            "research_to_sale_ratio": null,
            "price_fair": 113.4,
            "eps_avg_yearly": 3.24,
            "eps_latest_yearly": 3.96,
            "eps_growth_yearly": 69.37
        },
        "20171": {
            "year_quarter": 20171,
            "year": 2017,
            "quarter": 1,
            "eps": 0.66,
            "eps_growth_year": -44.07,
            "eps_4q": 2.88,
            "eps_4q_growth_year": -32.2,
            "roe": 2.49,
            "roe_4q": 14.54,
            "gross_profit": null,
            "gross_margin": null,
            "gross_margin_4q_avg": 0,
            "net_income": 95134,
            "net_income_4q": null,
            "revenue": 504785,
            "revenue_4q": null,
            "common_shares": 1603979,
            "book_valuer_per_share": 27.53,
            "book_valuer_per_share_4q_avg": 25.49,
            "equity": 4440702,
            "current_ratio": 115.4,
            "debt_ratio": 85.04,
            "inventory_turnover_ratio": null,
            "account_receivable_turnover_ratio": 22.9,
            "reinvestment_rate": 2.73,
            "research_to_sale_ratio": null,
            "price_fair": 114.98,
            "eps_avg_yearly": 3.29,
            "eps_latest_yearly": 2.64,
            "eps_growth_yearly": 70.65
        },
        "20172": {
            "year_quarter": 20172,
            "year": 2017,
            "quarter": 2,
            "eps": 1.33,
            "eps_growth_year": 30.39,
            "eps_4q": 3.43,
            "eps_4q_growth_year": -22.35,
            "roe": 4.9,
            "roe_4q": 15.33,
            "gross_profit": null,
            "gross_margin": null,
            "gross_margin_4q_avg": 0,
            "net_income": 212964,
            "net_income_4q": null,
            "revenue": 681693,
            "revenue_4q": null,
            "common_shares": 1603979,
            "book_valuer_per_share": 26.39,
            "book_valuer_per_share_4q_avg": 26.13,
            "equity": 4258208,
            "current_ratio": 113.04,
            "debt_ratio": 87.18,
            "inventory_turnover_ratio": null,
            "account_receivable_turnover_ratio": 28.61,
            "reinvestment_rate": 2.65,
            "research_to_sale_ratio": null,
            "price_fair": 119.53,
            "eps_avg_yearly": 3.42,
            "eps_latest_yearly": 5.32,
            "eps_growth_yearly": 78.84
        },
        "20173": {
            "year_quarter": 20173,
            "year": 2017,
            "quarter": 3,
            "eps": 1.63,
            "eps_growth_year": 64.65,
            "eps_4q": 4.3,
            "eps_4q_growth_year": 6.61,
            "roe": 6,
            "roe_4q": 17.23,
            "gross_profit": null,
            "gross_margin": null,
            "gross_margin_4q_avg": 0,
            "net_income": 263416,
            "net_income_4q": null,
            "revenue": 833034,
            "revenue_4q": null,
            "common_shares": 1603979,
            "book_valuer_per_share": 27.99,
            "book_valuer_per_share_4q_avg": 26.95,
            "equity": 4515687,
            "current_ratio": 114.54,
            "debt_ratio": 85.96,
            "inventory_turnover_ratio": null,
            "account_receivable_turnover_ratio": 71.59,
            "reinvestment_rate": 2.84,
            "research_to_sale_ratio": null,
            "price_fair": 127.75,
            "eps_avg_yearly": 3.65,
            "eps_latest_yearly": 6.52,
            "eps_growth_yearly": 88.19
        },
        "20174": {
            "year_quarter": 20174,
            "year": 2017,
            "quarter": 4,
            "eps": 1.01,
            "eps_growth_year": 2.2,
            "eps_4q": 4.56,
            "eps_4q_growth_year": 8.99,
            "roe": 3.53,
            "roe_4q": 16.92,
            "gross_profit": null,
            "gross_margin": null,
            "gross_margin_4q_avg": 0,
            "net_income": 161917,
            "net_income_4q": null,
            "revenue": 656859,
            "revenue_4q": null,
            "common_shares": 1603979,
            "book_valuer_per_share": 28.91,
            "book_valuer_per_share_4q_avg": 27.71,
            "equity": 4663227,
            "current_ratio": 114.57,
            "debt_ratio": 86.01,
            "inventory_turnover_ratio": null,
            "account_receivable_turnover_ratio": 31.94,
            "reinvestment_rate": 2.55,
            "research_to_sale_ratio": null,
            "price_fair": 130.46,
            "eps_avg_yearly": 3.73,
            "eps_latest_yearly": 4.04,
            "eps_growth_yearly": 78.32
        },
        "20181": {
            "year_quarter": 20181,
            "year": 2018,
            "quarter": 1,
            "eps": 2.57,
            "eps_growth_year": 289.39,
            "eps_4q": 6.54,
            "eps_4q_growth_year": 127.42,
            "roe": 8.54,
            "roe_4q": 22.97,
            "gross_profit": null,
            "gross_margin": null,
            "gross_margin_4q_avg": 0,
            "net_income": 414429,
            "net_income_4q": null,
            "revenue": 1101958,
            "revenue_4q": null,
            "common_shares": 1603979,
            "book_valuer_per_share": 31.28,
            "book_valuer_per_share_4q_avg": 28.64,
            "equity": 5043807,
            "current_ratio": 115.78,
            "debt_ratio": 85.16,
            "inventory_turnover_ratio": null,
            "account_receivable_turnover_ratio": 36.85,
            "reinvestment_rate": 2.18,
            "research_to_sale_ratio": null,
            "price_fair": 149.36,
            "eps_avg_yearly": 4.27,
            "eps_latest_yearly": 10.28,
            "eps_growth_yearly": 127.29
        },
        "20182": {
            "year_quarter": 20182,
            "year": 2018,
            "quarter": 2,
            "eps": 1,
            "eps_growth_year": -24.81,
            "eps_4q": 5.74,
            "eps_4q_growth_year": 67.68,
            "roe": 3.6,
            "roe_4q": 21.669999999999998,
            "gross_profit": null,
            "gross_margin": null,
            "gross_margin_4q_avg": 0,
            "net_income": 177055,
            "net_income_4q": null,
            "revenue": 669612,
            "revenue_4q": null,
            "common_shares": 1603979,
            "book_valuer_per_share": 29.78,
            "book_valuer_per_share_4q_avg": 29.49,
            "equity": 4805266,
            "current_ratio": 114.07,
            "debt_ratio": 86.52,
            "inventory_turnover_ratio": null,
            "account_receivable_turnover_ratio": 34.84,
            "reinvestment_rate": 2.14,
            "research_to_sale_ratio": null,
            "price_fair": 155.75,
            "eps_avg_yearly": 4.45,
            "eps_latest_yearly": 4,
            "eps_growth_yearly": 120.55
        },
        "20183": {
            "year_quarter": 20183,
            "year": 2018,
            "quarter": 3,
            "eps": 0.92,
            "eps_growth_year": -43.56,
            "eps_4q": 5.18,
            "eps_4q_growth_year": 20.38,
            "roe": 3.32,
            "roe_4q": 18.99,
            "gross_profit": null,
            "gross_margin": null,
            "gross_margin_4q_avg": 0,
            "net_income": 162370,
            "net_income_4q": null,
            "revenue": 552135,
            "revenue_4q": null,
            "common_shares": 1764376,
            "book_valuer_per_share": 28.02,
            "book_valuer_per_share_4q_avg": 29.5,
            "equity": 4972043,
            "current_ratio": 113.13,
            "debt_ratio": 87.35,
            "inventory_turnover_ratio": null,
            "account_receivable_turnover_ratio": 26.85,
            "reinvestment_rate": 2.08,
            "research_to_sale_ratio": null,
            "price_fair": 154.96,
            "eps_avg_yearly": 4.43,
            "eps_latest_yearly": 3.68,
            "eps_growth_yearly": 50.03
        },
        "20184": {
            "year_quarter": 20184,
            "year": 2018,
            "quarter": 4,
            "eps": 0.47,
            "eps_growth_year": -53.08,
            "eps_4q": 4.73,
            "eps_4q_growth_year": 3.87,
            "roe": 1.68,
            "roe_4q": 17.14,
            "gross_profit": null,
            "gross_margin": null,
            "gross_margin_4q_avg": 0,
            "net_income": 84256,
            "net_income_4q": null,
            "revenue": 490459,
            "revenue_4q": null,
            "common_shares": 1764376,
            "book_valuer_per_share": 28.52,
            "book_valuer_per_share_4q_avg": 29.4,
            "equity": 5061272,
            "current_ratio": 113,
            "debt_ratio": 87.47,
            "inventory_turnover_ratio": null,
            "account_receivable_turnover_ratio": 21.69,
            "reinvestment_rate": 2.48,
            "research_to_sale_ratio": null,
            "price_fair": 151.55,
            "eps_avg_yearly": 4.33,
            "eps_latest_yearly": 1.88,
            "eps_growth_yearly": 41.52
        },
        "20191": {
            "year_quarter": 20191,
            "year": 2019,
            "quarter": 1,
            "eps": 0.92,
            "eps_growth_year": -64.2,
            "eps_4q": 3.32,
            "eps_4q_growth_year": -49.29,
            "roe": 3.16,
            "roe_4q": 11.76,
            "gross_profit": null,
            "gross_margin": null,
            "gross_margin_4q_avg": 0,
            "net_income": 162621,
            "net_income_4q": null,
            "revenue": 459737,
            "revenue_4q": null,
            "common_shares": 1764376,
            "book_valuer_per_share": 29.45,
            "book_valuer_per_share_4q_avg": 28.94,
            "equity": 5226101,
            "current_ratio": 113.01,
            "debt_ratio": 87.38,
            "inventory_turnover_ratio": null,
            "account_receivable_turnover_ratio": 34.71,
            "reinvestment_rate": 2.9,
            "research_to_sale_ratio": null,
            "price_fair": 155.31,
            "eps_avg_yearly": 4.44,
            "eps_latest_yearly": 3.68,
            "eps_growth_yearly": 76.21
        },
        "20192": {
            "year_quarter": 20192,
            "year": 2019,
            "quarter": 2,
            "eps": 0.83,
            "eps_growth_year": -17,
            "eps_4q": 3.15,
            "eps_4q_growth_year": -45.15,
            "roe": 2.94,
            "roe_4q": 11.1,
            "gross_profit": null,
            "gross_margin": null,
            "gross_margin_4q_avg": 0,
            "net_income": 147131,
            "net_income_4q": null,
            "revenue": 488756,
            "revenue_4q": null,
            "common_shares": 1764376,
            "book_valuer_per_share": 26.96,
            "book_valuer_per_share_4q_avg": 28.24,
            "equity": 4786732,
            "current_ratio": 111.79,
            "debt_ratio": 88.29,
            "inventory_turnover_ratio": null,
            "account_receivable_turnover_ratio": 22.34,
            "reinvestment_rate": 2.89,
            "research_to_sale_ratio": null,
            "price_fair": 155.14,
            "eps_avg_yearly": 4.43,
            "eps_latest_yearly": 3.32,
            "eps_growth_yearly": 55.4
        },
        "20193": {
            "year_quarter": 20193,
            "year": 2019,
            "quarter": 3,
            "eps": 0.81,
            "eps_growth_year": -11.96,
            "eps_4q": 3.04,
            "eps_4q_growth_year": -41.3,
            "roe": 2.95,
            "roe_4q": 10.73,
            "gross_profit": null,
            "gross_margin": null,
            "gross_margin_4q_avg": 0,
            "net_income": 143075,
            "net_income_4q": null,
            "revenue": 481418,
            "revenue_4q": null,
            "common_shares": 1764376,
            "book_valuer_per_share": 27.74,
            "book_valuer_per_share_4q_avg": 28.17,
            "equity": 4923896,
            "current_ratio": 111.61,
            "debt_ratio": 88.5,
            "inventory_turnover_ratio": null,
            "account_receivable_turnover_ratio": 13.04,
            "reinvestment_rate": 2.95,
            "research_to_sale_ratio": null,
            "price_fair": 150.24,
            "eps_avg_yearly": 4.29,
            "eps_latest_yearly": 3.24,
            "eps_growth_yearly": 39.5
        },
        "20194": {
            "year_quarter": 20194,
            "year": 2019,
            "quarter": 4,
            "eps": 0.84,
            "eps_growth_year": 76.14,
            "eps_4q": 3.4,
            "eps_4q_growth_year": -28.16,
            "roe": 2.95,
            "roe_4q": 12,
            "gross_profit": null,
            "gross_margin": null,
            "gross_margin_4q_avg": 0,
            "net_income": 146849,
            "net_income_4q": null,
            "revenue": 489104,
            "revenue_4q": null,
            "common_shares": 1764376,
            "book_valuer_per_share": 28.41,
            "book_valuer_per_share_4q_avg": 28.14,
            "equity": 5041284,
            "current_ratio": 112.5,
            "debt_ratio": 87.75,
            "inventory_turnover_ratio": null,
            "account_receivable_turnover_ratio": 17.39,
            "reinvestment_rate": 1.79,
            "research_to_sale_ratio": null,
            "price_fair": 150.24,
            "eps_avg_yearly": 4.29,
            "eps_latest_yearly": 3.36,
            "eps_growth_yearly": 50.1
        },
        "20201": {
            "year_quarter": 20201,
            "year": 2020,
            "quarter": 1,
            "eps": 0.92,
            "eps_growth_year": 0,
            "eps_4q": 2.86,
            "eps_4q_growth_year": -13.82,
            "roe": 2.88,
            "roe_4q": 11.72,
            "gross_profit": null,
            "gross_margin": null,
            "gross_margin_4q_avg": 0,
            "net_income": 164652,
            "net_income_4q": null,
            "revenue": 629035,
            "revenue_4q": null,
            "common_shares": 2104376,
            "book_valuer_per_share": 30.22,
            "book_valuer_per_share_4q_avg": 28.33,
            "equity": 6387566,
            "current_ratio": 113.23,
            "debt_ratio": 87.37,
            "inventory_turnover_ratio": null,
            "account_receivable_turnover_ratio": 29.78,
            "reinvestment_rate": 1.77,
            "research_to_sale_ratio": null,
            "price_fair": 147.96,
            "eps_avg_yearly": 4.23,
            "eps_latest_yearly": 3.68,
            "eps_growth_yearly": 42.36
        },
        "20202": {
            "year_quarter": 20202,
            "year": 2020,
            "quarter": 2,
            "eps": 0.69,
            "eps_growth_year": -16.87,
            "eps_4q": 2.85,
            "eps_4q_growth_year": -9.64,
            "roe": 2.32,
            "roe_4q": 11.099999999999998,
            "gross_profit": null,
            "gross_margin": null,
            "gross_margin_4q_avg": 0,
            "net_income": 145111,
            "net_income_4q": null,
            "revenue": 568886,
            "revenue_4q": null,
            "common_shares": 2104376,
            "book_valuer_per_share": 28.9,
            "book_valuer_per_share_4q_avg": 28.82,
            "equity": 6110208,
            "current_ratio": 113.56,
            "debt_ratio": 87.1,
            "inventory_turnover_ratio": null,
            "account_receivable_turnover_ratio": 20.7,
            "reinvestment_rate": 1.24,
            "research_to_sale_ratio": null,
            "price_fair": 145.08,
            "eps_avg_yearly": 4.15,
            "eps_latest_yearly": 2.76,
            "eps_growth_yearly": 39.5
        },
        "20203": {
            "year_quarter": 20203,
            "year": 2020,
            "quarter": 3,
            "eps": 0.82,
            "eps_growth_year": 1.23,
            "eps_4q": 2.99,
            "eps_4q_growth_year": -1.78,
            "roe": 2.78,
            "roe_4q": 10.93,
            "gross_profit": null,
            "gross_margin": null,
            "gross_margin_4q_avg": 0,
            "net_income": 172181,
            "net_income_4q": null,
            "revenue": 624347,
            "revenue_4q": null,
            "common_shares": 2104376,
            "book_valuer_per_share": 29.64,
            "book_valuer_per_share_4q_avg": 29.29,
            "equity": 6265306,
            "current_ratio": 114.27,
            "debt_ratio": 86.5,
            "inventory_turnover_ratio": null,
            "account_receivable_turnover_ratio": 31.42,
            "reinvestment_rate": 1.05,
            "research_to_sale_ratio": null,
            "price_fair": 143.59,
            "eps_avg_yearly": 4.1,
            "eps_latest_yearly": 3.28,
            "eps_growth_yearly": 44.94
        },
        "20204": {
            "year_quarter": 20204,
            "year": 2020,
            "quarter": 4,
            "eps": 0.67,
            "eps_growth_year": -19.62,
            "eps_4q": 2.96,
            "eps_4q_growth_year": -13.06,
            "roe": 2.22,
            "roe_4q": 10.2,
            "gross_profit": null,
            "gross_margin": null,
            "gross_margin_4q_avg": 0,
            "net_income": 140400,
            "net_income_4q": null,
            "revenue": 603555,
            "revenue_4q": null,
            "common_shares": 2104376,
            "book_valuer_per_share": 30.22,
            "book_valuer_per_share_4q_avg": 29.75,
            "equity": 6386959,
            "current_ratio": 114.64,
            "debt_ratio": 86.24,
            "inventory_turnover_ratio": null,
            "account_receivable_turnover_ratio": 8.31,
            "reinvestment_rate": 1,
            "research_to_sale_ratio": null,
            "price_fair": 140.79,
            "eps_avg_yearly": 4.02,
            "eps_latest_yearly": 2.68,
            "eps_growth_yearly": 40.37
        },
        "20211": {
            "year_quarter": 20211,
            "year": 2021,
            "quarter": 1,
            "eps": 0.76,
            "eps_growth_year": -17.39,
            "eps_4q": 2.93,
            "eps_4q_growth_year": 2.63,
            "roe": 2.46,
            "roe_4q": 9.78,
            "gross_profit": null,
            "gross_margin": null,
            "gross_margin_4q_avg": 0,
            "net_income": 159202,
            "net_income_4q": null,
            "revenue": 643979,
            "revenue_4q": null,
            "common_shares": 2104376,
            "book_valuer_per_share": 31.08,
            "book_valuer_per_share_4q_avg": 29.96,
            "equity": 6567181,
            "current_ratio": 115.2,
            "debt_ratio": 85.83,
            "inventory_turnover_ratio": null,
            "account_receivable_turnover_ratio": 6.83,
            "reinvestment_rate": 0.66,
            "research_to_sale_ratio": null,
            "price_fair": 141.66,
            "eps_avg_yearly": 4.05,
            "eps_latest_yearly": 3.04,
            "eps_growth_yearly": 52.06
        },
        "20212": {
            "year_quarter": 20212,
            "year": 2021,
            "quarter": 2,
            "eps": 0.6,
            "eps_growth_year": -13.04,
            "eps_4q": 2.85,
            "eps_4q_growth_year": 0.11,
            "roe": 2,
            "roe_4q": 9.459999999999999,
            "gross_profit": null,
            "gross_margin": null,
            "gross_margin_4q_avg": 0,
            "net_income": 126748,
            "net_income_4q": null,
            "revenue": 652498,
            "revenue_4q": null,
            "common_shares": 2104376,
            "book_valuer_per_share": 28.81,
            "book_valuer_per_share_4q_avg": 29.94,
            "equity": 6088435,
            "current_ratio": 114.12,
            "debt_ratio": 86.62,
            "inventory_turnover_ratio": null,
            "account_receivable_turnover_ratio": 6,
            "reinvestment_rate": 0.74,
            "research_to_sale_ratio": null,
            "price_fair": 121.44,
            "eps_avg_yearly": 3.87,
            "eps_latest_yearly": 2.4,
            "eps_growth_yearly": 21.42
        },
        "20213": {
            "year_quarter": 20213,
            "year": 2021,
            "quarter": 3,
            "eps": 0.51,
            "eps_growth_year": -37.8,
            "eps_4q": 2.54,
            "eps_4q_growth_year": -14.87,
            "roe": 1.75,
            "roe_4q": 8.43,
            "gross_profit": null,
            "gross_margin": null,
            "gross_margin_4q_avg": 0,
            "net_income": 107449,
            "net_income_4q": null,
            "revenue": 603228,
            "revenue_4q": null,
            "common_shares": 2104376,
            "book_valuer_per_share": 29.25,
            "book_valuer_per_share_4q_avg": 29.84,
            "equity": 6182141,
            "current_ratio": 114.11,
            "debt_ratio": 86.63,
            "inventory_turnover_ratio": null,
            "account_receivable_turnover_ratio": 6.29,
            "reinvestment_rate": 0.46,
            "research_to_sale_ratio": null,
            "price_fair": 78.98,
            "eps_avg_yearly": 3.59,
            "eps_latest_yearly": 2.04,
            "eps_growth_yearly": 12.03
        },
        "20214": {
            "year_quarter": 20214,
            "year": 2021,
            "quarter": 4,
            "eps": 0.46,
            "eps_growth_year": -31.69,
            "eps_4q": 2.33,
            "eps_4q_growth_year": -21.24,
            "roe": 1.54,
            "roe_4q": 7.75,
            "gross_profit": null,
            "gross_margin": null,
            "gross_margin_4q_avg": 0,
            "net_income": 95924,
            "net_income_4q": null,
            "revenue": 539492,
            "revenue_4q": null,
            "common_shares": 2104376,
            "book_valuer_per_share": 29.69,
            "book_valuer_per_share_4q_avg": 29.71,
            "equity": 6274098,
            "current_ratio": 114.38,
            "debt_ratio": 86.54,
            "inventory_turnover_ratio": null,
            "account_receivable_turnover_ratio": 21.95,
            "reinvestment_rate": -1.67,
            "research_to_sale_ratio": null,
            "price_fair": 100.29,
            "eps_avg_yearly": 3.45,
            "eps_latest_yearly": 1.84,
            "eps_growth_yearly": 19.09
        },
        "20221": {
            "year_quarter": 20221,
            "year": 2022,
            "quarter": 1,
            "eps": 0.74,
            "eps_growth_year": -2.63,
            "eps_4q": 2.31,
            "eps_4q_growth_year": -21.4,
            "roe": 2.44,
            "roe_4q": 7.73,
            "gross_profit": null,
            "gross_margin": null,
            "gross_margin_4q_avg": 0,
            "net_income": 154727,
            "net_income_4q": null,
            "revenue": 680055,
            "revenue_4q": null,
            "common_shares": 2104376,
            "book_valuer_per_share": 30.56,
            "book_valuer_per_share_4q_avg": 29.58,
            "equity": 6433335,
            "current_ratio": 113.14,
            "debt_ratio": 87.6,
            "inventory_turnover_ratio": null,
            "account_receivable_turnover_ratio": 28.48,
            "reinvestment_rate": -1.97,
            "research_to_sale_ratio": null,
            "price_fair": 8.97,
            "eps_avg_yearly": 2.99,
            "eps_latest_yearly": 2.96,
            "eps_growth_yearly": -4.31
        },
        "20222": {
            "year_quarter": 20222,
            "year": 2022,
            "quarter": 2,
            "eps": 0.76,
            "eps_growth_year": 26.67,
            "eps_4q": 2.46,
            "eps_4q_growth_year": -13.51,
            "roe": 2.52,
            "roe_4q": 8.25,
            "gross_profit": null,
            "gross_margin": null,
            "gross_margin_4q_avg": 0,
            "net_income": 159975,
            "net_income_4q": null,
            "revenue": 685188,
            "revenue_4q": null,
            "common_shares": 2104376,
            "book_valuer_per_share": 29.83,
            "book_valuer_per_share_4q_avg": 29.83,
            "equity": 6279199,
            "current_ratio": 112.43,
            "debt_ratio": 88.18,
            "inventory_turnover_ratio": null,
            "account_receivable_turnover_ratio": 25.09,
            "reinvestment_rate": -2.15,
            "research_to_sale_ratio": null,
            "price_fair": 63.41,
            "eps_avg_yearly": 2.93,
            "eps_latest_yearly": 3.04,
            "eps_growth_yearly": 11.64
        },
        "20223": {
            "year_quarter": 20223,
            "year": 2022,
            "quarter": 3,
            "eps": 1.07,
            "eps_growth_year": 109.8,
            "eps_4q": 3.03,
            "eps_4q_growth_year": 19.09,
            "roe": 3.51,
            "roe_4q": 10.009999999999998,
            "gross_profit": null,
            "gross_margin": null,
            "gross_margin_4q_avg": 0,
            "net_income": 225522,
            "net_income_4q": null,
            "revenue": 729925,
            "revenue_4q": null,
            "common_shares": 2104376,
            "book_valuer_per_share": 31.18,
            "book_valuer_per_share_4q_avg": 30.32,
            "equity": 6563825,
            "current_ratio": 113.59,
            "debt_ratio": 87.31,
            "inventory_turnover_ratio": null,
            "account_receivable_turnover_ratio": 38.86,
            "reinvestment_rate": -2.21,
            "research_to_sale_ratio": null,
            "price_fair": 100.41,
            "eps_avg_yearly": 2.97,
            "eps_latest_yearly": 4.28,
            "eps_growth_yearly": 23.84
        },
        "20224": {
            "year_quarter": 20224,
            "year": 2022,
            "quarter": 4,
            "eps": 1.15,
            "eps_growth_year": 150.22,
            "eps_4q": 3.72,
            "eps_4q_growth_year": 59.55,
            "roe": 3.61,
            "roe_4q": 12.079999999999998,
            "gross_profit": null,
            "gross_margin": null,
            "gross_margin_4q_avg": 0,
            "net_income": 241129,
            "net_income_4q": null,
            "revenue": 684829,
            "revenue_4q": null,
            "common_shares": 2104376,
            "book_valuer_per_share": 32.23,
            "book_valuer_per_share_4q_avg": 30.95,
            "equity": 6783513,
            "current_ratio": 114.65,
            "debt_ratio": 86.44,
            "inventory_turnover_ratio": null,
            "account_receivable_turnover_ratio": 58.96,
            "reinvestment_rate": -2.06,
            "research_to_sale_ratio": null,
            "price_fair": 109.81,
            "eps_avg_yearly": 3.14,
            "eps_latest_yearly": 4.6,
            "eps_growth_yearly": 37.94
        },
        "20231": {
            "year_quarter": 20231,
            "year": 2023,
            "quarter": 1,
            "eps": 1.15,
            "eps_growth_year": 55.41,
            "eps_4q": 4.13,
            "eps_4q_growth_year": 78.93,
            "roe": 3.5,
            "roe_4q": 13.139999999999999,
            "gross_profit": null,
            "gross_margin": null,
            "gross_margin_4q_avg": 0,
            "net_income": 241711,
            "net_income_4q": null,
            "revenue": 523233,
            "revenue_4q": null,
            "common_shares": 2104376,
            "book_valuer_per_share": 33.34,
            "book_valuer_per_share_4q_avg": 31.65,
            "equity": 7017712,
            "current_ratio": 115.46,
            "debt_ratio": 85.73,
            "inventory_turnover_ratio": null,
            "account_receivable_turnover_ratio": 35.3,
            "reinvestment_rate": -2.64,
            "research_to_sale_ratio": null,
            "price_fair": 76.68,
            "eps_avg_yearly": 3.2,
            "eps_latest_yearly": 4.6,
            "eps_growth_yearly": 14
        },
        "20232": {
            "year_quarter": 20232,
            "year": 2023,
            "quarter": 2,
            "eps": 1.18,
            "eps_growth_year": 55.26,
            "eps_4q": 4.55,
            "eps_4q_growth_year": 84.68,
            "roe": 3.65,
            "roe_4q": 14.27,
            "gross_profit": null,
            "gross_margin": null,
            "gross_margin_4q_avg": 0,
            "net_income": 249632,
            "net_income_4q": null,
            "revenue": 399838,
            "revenue_4q": null,
            "common_shares": 2104376,
            "book_valuer_per_share": 31.62,
            "book_valuer_per_share_4q_avg": 32.09,
            "equity": 6656376,
            "current_ratio": 113.85,
            "debt_ratio": 86.79,
            "inventory_turnover_ratio": null,
            "account_receivable_turnover_ratio": 17.24,
            "reinvestment_rate": -2.64,
            "research_to_sale_ratio": null,
            "price_fair": 88.95,
            "eps_avg_yearly": 3.28,
            "eps_latest_yearly": 4.72,
            "eps_growth_yearly": 17.1
        },
        "20233": {
            "year_quarter": 20233,
            "year": 2023,
            "quarter": 3,
            "eps": 1.31,
            "eps_growth_year": 22.43,
            "eps_4q": 4.79,
            "eps_4q_growth_year": 58.36,
            "roe": 4.05,
            "roe_4q": 14.809999999999999,
            "gross_profit": null,
            "gross_margin": null,
            "gross_margin_4q_avg": 0,
            "net_income": 276265,
            "net_income_4q": null,
            "revenue": 751802,
            "revenue_4q": null,
            "common_shares": 2104376,
            "book_valuer_per_share": 33.17,
            "book_valuer_per_share_4q_avg": 32.59,
            "equity": 6982655,
            "current_ratio": 114.59,
            "debt_ratio": 85.97,
            "inventory_turnover_ratio": null,
            "account_receivable_turnover_ratio": 32.87,
            "reinvestment_rate": 0.81,
            "research_to_sale_ratio": null,
            "price_fair": 103.77,
            "eps_avg_yearly": 3.41,
            "eps_latest_yearly": 5.24,
            "eps_growth_yearly": 20.45
        }
    },
    "months": {
        "2008-05": {
            "month": "2008-05",
            "price": "40.91",
            "revenue": 60833
        },
        "2008-06": {
            "month": "2008-06",
            "price": "35.84",
            "revenue": 73607
        },
        "2008-07": {
            "month": "2008-07",
            "price": "33.96",
            "revenue": 91165
        },
        "2008-08": {
            "month": "2008-08",
            "price": "32.46",
            "revenue": 61256
        },
        "2008-09": {
            "month": "2008-09",
            "price": "32.01",
            "revenue": 68190
        },
        "2008-10": {
            "month": "2008-10",
            "price": "25.03",
            "revenue": 73166
        },
        "2008-11": {
            "month": "2008-11",
            "price": "26.07",
            "revenue": 71031
        },
        "2008-12": {
            "month": "2008-12",
            "price": "28.36",
            "revenue": 75851
        },
        "2009-01": {
            "month": "2009-01",
            "price": "28.34",
            "revenue": 55966
        },
        "2009-02": {
            "month": "2009-02",
            "price": "27.15",
            "revenue": 72096
        },
        "2009-03": {
            "month": "2009-03",
            "price": "31.61",
            "revenue": 103218
        },
        "2009-04": {
            "month": "2009-04",
            "price": "42.74",
            "revenue": 86929
        },
        "2009-05": {
            "month": "2009-05",
            "price": "40.94",
            "revenue": 63688
        },
        "2009-06": {
            "month": "2009-06",
            "price": "35.78",
            "revenue": 100584
        },
        "2009-07": {
            "month": "2009-07",
            "price": "35.55",
            "revenue": 83113
        },
        "2009-08": {
            "month": "2009-08",
            "price": "33.03",
            "revenue": 78556
        },
        "2009-09": {
            "month": "2009-09",
            "price": "33.73",
            "revenue": 75149
        },
        "2009-10": {
            "month": "2009-10",
            "price": "34.42",
            "revenue": 73868
        },
        "2009-11": {
            "month": "2009-11",
            "price": "33.65",
            "revenue": 65507
        },
        "2009-12": {
            "month": "2009-12",
            "price": "34.46",
            "revenue": 77243
        },
        "2010-01": {
            "month": "2010-01",
            "price": "36.24",
            "revenue": 87601
        },
        "2010-02": {
            "month": "2010-02",
            "price": "33.65",
            "revenue": 60279
        },
        "2010-03": {
            "month": "2010-03",
            "price": "34.58",
            "revenue": 77941
        },
        "2010-04": {
            "month": "2010-04",
            "price": "34.51",
            "revenue": 67065
        },
        "2010-05": {
            "month": "2010-05",
            "price": "32.80",
            "revenue": 93712
        },
        "2010-06": {
            "month": "2010-06",
            "price": "32.50",
            "revenue": 78215
        },
        "2010-07": {
            "month": "2010-07",
            "price": "30.91",
            "revenue": 73991
        },
        "2010-08": {
            "month": "2010-08",
            "price": "29.95",
            "revenue": 69055
        },
        "2010-09": {
            "month": "2010-09",
            "price": "28.52",
            "revenue": 76990
        },
        "2010-10": {
            "month": "2010-10",
            "price": "28.27",
            "revenue": 80524
        },
        "2010-11": {
            "month": "2010-11",
            "price": "28.18",
            "revenue": 84829
        },
        "2010-12": {
            "month": "2010-12",
            "price": "29.50",
            "revenue": 84761
        },
        "2011-01": {
            "month": "2011-01",
            "price": "29.90",
            "revenue": 97016
        },
        "2011-02": {
            "month": "2011-02",
            "price": "29.51",
            "revenue": 72725
        },
        "2011-03": {
            "month": "2011-03",
            "price": "28.83",
            "revenue": 102903
        },
        "2011-04": {
            "month": "2011-04",
            "price": "28.48",
            "revenue": 69803
        },
        "2011-05": {
            "month": "2011-05",
            "price": "28.17",
            "revenue": 82521
        },
        "2011-06": {
            "month": "2011-06",
            "price": "27.40",
            "revenue": 85305
        },
        "2011-07": {
            "month": "2011-07",
            "price": "27.19",
            "revenue": 76464
        },
        "2011-08": {
            "month": "2011-08",
            "price": "24.36",
            "revenue": 114069
        },
        "2011-09": {
            "month": "2011-09",
            "price": "23.63",
            "revenue": 88308
        },
        "2011-10": {
            "month": "2011-10",
            "price": "23.45",
            "revenue": 76880
        },
        "2011-11": {
            "month": "2011-11",
            "price": "22.72",
            "revenue": 95086
        },
        "2011-12": {
            "month": "2011-12",
            "price": "21.42",
            "revenue": 69479
        },
        "2012-01": {
            "month": "2012-01",
            "price": "21.55",
            "revenue": 58135
        },
        "2012-02": {
            "month": "2012-02",
            "price": "23.84",
            "revenue": 81632
        },
        "2012-03": {
            "month": "2012-03",
            "price": "25.26",
            "revenue": 85843
        },
        "2012-04": {
            "month": "2012-04",
            "price": "26.48",
            "revenue": 82583
        },
        "2012-05": {
            "month": "2012-05",
            "price": "26.32",
            "revenue": 89688
        },
        "2012-06": {
            "month": "2012-06",
            "price": "26.33",
            "revenue": 75731
        },
        "2012-07": {
            "month": "2012-07",
            "price": "25.35",
            "revenue": 81104
        },
        "2012-08": {
            "month": "2012-08",
            "price": "24.87",
            "revenue": 68996
        },
        "2012-09": {
            "month": "2012-09",
            "price": "25.30",
            "revenue": 71165
        },
        "2012-10": {
            "month": "2012-10",
            "price": "24.85",
            "revenue": 85514
        },
        "2012-11": {
            "month": "2012-11",
            "price": "24.25",
            "revenue": 98085
        },
        "2012-12": {
            "month": "2012-12",
            "price": "25.57",
            "revenue": 84195
        },
        "2013-01": {
            "month": "2013-01",
            "price": "26.48",
            "revenue": 107292
        },
        "2013-02": {
            "month": "2013-02",
            "price": "27.81",
            "revenue": 54401
        },
        "2013-03": {
            "month": "2013-03",
            "price": "27.75",
            "revenue": 89906
        },
        "2013-04": {
            "month": "2013-04",
            "price": "26.84",
            "revenue": 96661
        },
        "2013-05": {
            "month": "2013-05",
            "price": "27.39",
            "revenue": 111084
        },
        "2013-06": {
            "month": "2013-06",
            "price": "28.16",
            "revenue": 112322
        },
        "2013-07": {
            "month": "2013-07",
            "price": "28.74",
            "revenue": 117440
        },
        "2013-08": {
            "month": "2013-08",
            "price": "28.64",
            "revenue": 122569
        },
        "2013-09": {
            "month": "2013-09",
            "price": "28.71",
            "revenue": 54601
        },
        "2013-10": {
            "month": "2013-10",
            "price": "27.94",
            "revenue": 87377
        },
        "2013-11": {
            "month": "2013-11",
            "price": "27.16",
            "revenue": 73996
        },
        "2013-12": {
            "month": "2013-12",
            "price": "27.53",
            "revenue": 71377
        },
        "2014-01": {
            "month": "2014-01",
            "price": "28.30",
            "revenue": 85003
        },
        "2014-02": {
            "month": "2014-02",
            "price": "27.67",
            "revenue": 65871
        },
        "2014-03": {
            "month": "2014-03",
            "price": "27.84",
            "revenue": 94233
        },
        "2014-04": {
            "month": "2014-04",
            "price": "27.88",
            "revenue": 101647
        },
        "2014-05": {
            "month": "2014-05",
            "price": "27.60",
            "revenue": 69410
        },
        "2014-06": {
            "month": "2014-06",
            "price": "26.37",
            "revenue": 77605
        },
        "2014-07": {
            "month": "2014-07",
            "price": "23.58",
            "revenue": 75074
        },
        "2014-08": {
            "month": "2014-08",
            "price": "23.06",
            "revenue": 70661
        },
        "2014-09": {
            "month": "2014-09",
            "price": "23.10",
            "revenue": 264506
        },
        "2014-10": {
            "month": "2014-10",
            "price": "23.17",
            "revenue": 136530
        },
        "2014-11": {
            "month": "2014-11",
            "price": "24.51",
            "revenue": 76126
        },
        "2014-12": {
            "month": "2014-12",
            "price": "24.32",
            "revenue": -3363
        },
        "2015-01": {
            "month": "2015-01",
            "price": "24.31",
            "revenue": 58461
        },
        "2015-02": {
            "month": "2015-02",
            "price": "24.67",
            "revenue": 39970
        },
        "2015-03": {
            "month": "2015-03",
            "price": "24.80",
            "revenue": 105316
        },
        "2015-04": {
            "month": "2015-04",
            "price": "26.06",
            "revenue": 128545
        },
        "2015-05": {
            "month": "2015-05",
            "price": "26.53",
            "revenue": 129481
        },
        "2015-06": {
            "month": "2015-06",
            "price": "25.64",
            "revenue": 164283
        },
        "2015-07": {
            "month": "2015-07",
            "price": "24.78",
            "revenue": 180983
        },
        "2015-08": {
            "month": "2015-08",
            "price": "25.27",
            "revenue": 209629
        },
        "2015-09": {
            "month": "2015-09",
            "price": "26.99",
            "revenue": 145655
        },
        "2015-10": {
            "month": "2015-10",
            "price": "28.77",
            "revenue": 129147
        },
        "2015-11": {
            "month": "2015-11",
            "price": "28.65",
            "revenue": 140198
        },
        "2015-12": {
            "month": "2015-12",
            "price": "29.18",
            "revenue": 132771
        },
        "2016-01": {
            "month": "2016-01",
            "price": "29.45",
            "revenue": 242163
        },
        "2016-02": {
            "month": "2016-02",
            "price": "31.63",
            "revenue": 144125
        },
        "2016-03": {
            "month": "2016-03",
            "price": "36.63",
            "revenue": 177374
        },
        "2016-04": {
            "month": "2016-04",
            "price": "35.86",
            "revenue": 177195
        },
        "2016-05": {
            "month": "2016-05",
            "price": "34.79",
            "revenue": 203968
        },
        "2016-06": {
            "month": "2016-06",
            "price": "35.72",
            "revenue": 199290
        },
        "2016-07": {
            "month": "2016-07",
            "price": "36.64",
            "revenue": 184945
        },
        "2016-08": {
            "month": "2016-08",
            "price": "39.05",
            "revenue": 177794
        },
        "2016-09": {
            "month": "2016-09",
            "price": "38.13",
            "revenue": 192361
        },
        "2016-10": {
            "month": "2016-10",
            "price": "36.91",
            "revenue": 168225
        },
        "2016-11": {
            "month": "2016-11",
            "price": "36.98",
            "revenue": 190689
        },
        "2016-12": {
            "month": "2016-12",
            "price": "37.88",
            "revenue": 175386
        },
        "2017-01": {
            "month": "2017-01",
            "price": "36.38",
            "revenue": 169300
        },
        "2017-02": {
            "month": "2017-02",
            "price": "36.65",
            "revenue": 143790
        },
        "2017-03": {
            "month": "2017-03",
            "price": "36.10",
            "revenue": 199393
        },
        "2017-04": {
            "month": "2017-04",
            "price": "35.19",
            "revenue": 191015
        },
        "2017-05": {
            "month": "2017-05",
            "price": "36.30",
            "revenue": 216136
        },
        "2017-06": {
            "month": "2017-06",
            "price": "37.83",
            "revenue": 271731
        },
        "2017-07": {
            "month": "2017-07",
            "price": "38.33",
            "revenue": 260796
        },
        "2017-08": {
            "month": "2017-08",
            "price": "38.72",
            "revenue": 305810
        },
        "2017-09": {
            "month": "2017-09",
            "price": "43.39",
            "revenue": 272428
        },
        "2017-10": {
            "month": "2017-10",
            "price": "47.22",
            "revenue": 232069
        },
        "2017-11": {
            "month": "2017-11",
            "price": "46.22",
            "revenue": 202051
        },
        "2017-12": {
            "month": "2017-12",
            "price": "44.76",
            "revenue": 217739
        },
        "2018-01": {
            "month": "2018-01",
            "price": "46.08",
            "revenue": 368940
        },
        "2018-02": {
            "month": "2018-02",
            "price": "48.82",
            "revenue": 504985
        },
        "2018-03": {
            "month": "2018-03",
            "price": "62.14",
            "revenue": 231107
        },
        "2018-04": {
            "month": "2018-04",
            "price": "60.91",
            "revenue": 213005
        },
        "2018-05": {
            "month": "2018-05",
            "price": "61.92",
            "revenue": 254232
        },
        "2018-06": {
            "month": "2018-06",
            "price": "65.30",
            "revenue": 198019
        },
        "2018-07": {
            "month": "2018-07",
            "price": "60.91",
            "revenue": 176769
        },
        "2018-08": {
            "month": "2018-08",
            "price": "53.87",
            "revenue": 230739
        },
        "2018-09": {
            "month": "2018-09",
            "price": "52.61",
            "revenue": 144250
        },
        "2018-10": {
            "month": "2018-10",
            "price": "44.69",
            "revenue": 157339
        },
        "2018-11": {
            "month": "2018-11",
            "price": "41.63",
            "revenue": 182517
        },
        "2018-12": {
            "month": "2018-12",
            "price": "43.25",
            "revenue": 148768
        },
        "2019-01": {
            "month": "2019-01",
            "price": "47.03",
            "revenue": 175637
        },
        "2019-02": {
            "month": "2019-02",
            "price": "47.04",
            "revenue": 118801
        },
        "2019-03": {
            "month": "2019-03",
            "price": "46.04",
            "revenue": 165555
        },
        "2019-04": {
            "month": "2019-04",
            "price": "47.65",
            "revenue": 151788
        },
        "2019-05": {
            "month": "2019-05",
            "price": "46.75",
            "revenue": 191800
        },
        "2019-06": {
            "month": "2019-06",
            "price": "47.04",
            "revenue": 143809
        },
        "2019-07": {
            "month": "2019-07",
            "price": "44.04",
            "revenue": 150025
        },
        "2019-08": {
            "month": "2019-08",
            "price": "43.17",
            "revenue": 195036
        },
        "2019-09": {
            "month": "2019-09",
            "price": "43.97",
            "revenue": 135151
        },
        "2019-10": {
            "month": "2019-10",
            "price": "43.01",
            "revenue": 177258
        },
        "2019-11": {
            "month": "2019-11",
            "price": "43.79",
            "revenue": 150064
        },
        "2019-12": {
            "month": "2019-12",
            "price": "43.01",
            "revenue": 164756
        },
        "2020-01": {
            "month": "2020-01",
            "price": "43.10",
            "revenue": 143027
        },
        "2020-02": {
            "month": "2020-02",
            "price": "42.88",
            "revenue": 193971
        },
        "2020-03": {
            "month": "2020-03",
            "price": "37.82",
            "revenue": 290360
        },
        "2020-04": {
            "month": "2020-04",
            "price": "36.67",
            "revenue": 204003
        },
        "2020-05": {
            "month": "2020-05",
            "price": "38.50",
            "revenue": 172774
        },
        "2020-06": {
            "month": "2020-06",
            "price": "39.21",
            "revenue": 194095
        },
        "2020-07": {
            "month": "2020-07",
            "price": "38.53",
            "revenue": 244162
        },
        "2020-08": {
            "month": "2020-08",
            "price": "38.41",
            "revenue": 193223
        },
        "2020-09": {
            "month": "2020-09",
            "price": "37.67",
            "revenue": 186850
        },
        "2020-10": {
            "month": "2020-10",
            "price": "36.81",
            "revenue": 181868
        },
        "2020-11": {
            "month": "2020-11",
            "price": "37.40",
            "revenue": 212209
        },
        "2020-12": {
            "month": "2020-12",
            "price": "38.14",
            "revenue": 208279
        },
        "2021-01": {
            "month": "2021-01",
            "price": "38.02",
            "revenue": 224009
        },
        "2021-02": {
            "month": "2021-02",
            "price": "37.77",
            "revenue": 189345
        },
        "2021-03": {
            "month": "2021-03",
            "price": "39.21",
            "revenue": 229625
        },
        "2021-04": {
            "month": "2021-04",
            "price": "42.61",
            "revenue": 201041
        },
        "2021-05": {
            "month": "2021-05",
            "price": "42.78",
            "revenue": 236325
        },
        "2021-06": {
            "month": "2021-06",
            "price": "40.68",
            "revenue": 217245
        },
        "2021-07": {
            "month": "2021-07",
            "price": "39.98",
            "revenue": 238238
        },
        "2021-08": {
            "month": "2021-08",
            "price": "39.19",
            "revenue": 191696
        },
        "2021-09": {
            "month": "2021-09",
            "price": "38.21",
            "revenue": 177120
        },
        "2021-10": {
            "month": "2021-10",
            "price": "38.44",
            "revenue": 175341
        },
        "2021-11": {
            "month": "2021-11",
            "price": "38.74",
            "revenue": 183888
        },
        "2021-12": {
            "month": "2021-12",
            "price": "38.67",
            "revenue": 180071
        },
        "2022-01": {
            "month": "2022-01",
            "price": "38.71",
            "revenue": 196966
        },
        "2022-02": {
            "month": "2022-02",
            "price": "38.71",
            "revenue": 216545
        },
        "2022-03": {
            "month": "2022-03",
            "price": "37.72",
            "revenue": 260873
        },
        "2022-04": {
            "month": "2022-04",
            "price": "37.23",
            "revenue": 195876
        },
        "2022-05": {
            "month": "2022-05",
            "price": "35.93",
            "revenue": 244331
        },
        "2022-06": {
            "month": "2022-06",
            "price": "36.63",
            "revenue": 244292
        },
        "2022-07": {
            "month": "2022-07",
            "price": "35.10",
            "revenue": 240420
        },
        "2022-08": {
            "month": "2022-08",
            "price": "35.90",
            "revenue": 216494
        },
        "2022-09": {
            "month": "2022-09",
            "price": "35.25",
            "revenue": 270609
        },
        "2022-10": {
            "month": "2022-10",
            "price": "34.58",
            "revenue": 259764
        },
        "2022-11": {
            "month": "2022-11",
            "price": "35.75",
            "revenue": 210912
        },
        "2022-12": {
            "month": "2022-12",
            "price": "37.05",
            "revenue": 218035
        },
        "2023-01": {
            "month": "2023-01",
            "price": "37.97",
            "revenue": 135108
        },
        "2023-02": {
            "month": "2023-02",
            "price": "38.82",
            "revenue": 164444
        },
        "2023-03": {
            "month": "2023-03",
            "price": "41.03",
            "revenue": 223610
        },
        "2023-04": {
            "month": "2023-04",
            "price": "43.59",
            "revenue": 141006
        },
        "2023-05": {
            "month": "2023-05",
            "price": "44.17",
            "revenue": 112326
        },
        "2023-06": {
            "month": "2023-06",
            "price": "44.26",
            "revenue": 144870
        },
        "2023-07": {
            "month": "2023-07",
            "price": "42.66",
            "revenue": 181230
        },
        "2023-08": {
            "month": "2023-08",
            "price": "43.73",
            "revenue": 399468
        },
        "2023-09": {
            "month": "2023-09",
            "price": "44.87",
            "revenue": 170561
        },
        "2023-10": {
            "month": "2023-10",
            "price": "46.20",
            "revenue": 196606
        },
        "2023-11": {
            "month": "2023-11",
            "price": "47.04",
            "revenue": 173484
        },
        "2023-12": {
            "month": "2023-12",
            "price": "50.07",
            "revenue": 167744
        }
    }
}
