{
    "summary": {
        "stock_name": "福邦證",
        "stock_id": "6026",
        "category": "金融",
        "main_business": "在集中交易市場及營業處所受託買賣有價證券<br>在集中交易市場及營業處所自行買賣有價證券<br>承銷有價證券",
        "website_url": "http://www.gfortune.com.tw",
        "ceo": "林瑛明",
        "pe_ratio": 19,
        "report_year_from": 2001,
        "report_year_to": 2023,
        "age": 22,
        "eps_negative_percentage": 11,
        "eps_growth_avg": {
            "last_all": 14.1,
            "last_2y": 1.67,
            "last_4y": 2.49,
            "last_8y": null,
            "last_12y": null,
            "last_16y": null,
            "last_20y": null,
            "at_2006_last_3y": null,
            "at_2007_last_3y": null,
            "at_2008_last_3y": null,
            "at_2009_last_3y": null,
            "at_2010_last_3y": null,
            "at_2011_last_3y": null,
            "at_2012_last_3y": null,
            "at_2013_last_3y": null,
            "at_2014_last_3y": null,
            "at_2015_last_3y": null,
            "at_2016_last_3y": null,
            "at_2017_last_3y": null,
            "at_2018_last_3y": null,
            "at_2019_last_3y": 23.42,
            "at_2020_last_3y": 28.12,
            "at_2021_last_3y": 28.12,
            "at_2022_last_3y": 26.25,
            "at_2023_last_3y": 26.25,
            "at_2006_last_all": null,
            "at_2007_last_all": null,
            "at_2008_last_all": null,
            "at_2009_last_all": null,
            "at_2010_last_all": null,
            "at_2011_last_all": null,
            "at_2012_last_all": null,
            "at_2013_last_all": null,
            "at_2014_last_all": null,
            "at_2015_last_all": null,
            "at_2016_last_all": null,
            "at_2017_last_all": 43.1,
            "at_2018_last_all": -2.11,
            "at_2019_last_all": 23.42,
            "at_2020_last_all": 19.73,
            "at_2021_last_all": 33.11,
            "at_2022_last_all": 14.1,
            "at_2023_last_all": 14.1
        },
        "latest_eps": 0.61,
        "latest_price": 11.6,
        "latest_roe": 4.06,
        "latest_gross_margin": null,
        "latest_equity": 5414834,
        "latest_revenue": 209447,
        "latest_gross_profit": null,
        "latest_net_income": 52645,
        "latest_debt_ratio": 53.92,
        "latest_current_ratio": 175.67,
        "latest_account_receivable_turnover_ratio": 0.28,
        "latest_inventory_turnover_ratio": null,
        "latest_reinvestment_rate": -4.56,
        "latest_research_to_sale_ratio": null
    },
    "eps_dividends": {
        "2001": {
            "cash": 0,
            "stock": 0,
            "eps": 0
        },
        "2002": {
            "cash": 0,
            "stock": 0,
            "eps": 0
        },
        "2003": {
            "cash": 0,
            "stock": 0,
            "eps": 0
        },
        "2004": {
            "cash": 0,
            "stock": 0,
            "eps": 0
        },
        "2005": {
            "cash": 0,
            "stock": 0,
            "eps": 0
        },
        "2006": {
            "cash": 0,
            "stock": 0,
            "eps": 0
        },
        "2007": {
            "cash": 0,
            "stock": 0,
            "eps": 0
        },
        "2008": {
            "cash": 0,
            "stock": 0,
            "eps": 0
        },
        "2009": {
            "cash": 0,
            "stock": 0,
            "eps": 0
        },
        "2010": {
            "cash": 0,
            "stock": 0,
            "eps": 0
        },
        "2011": {
            "cash": 0,
            "stock": 0,
            "eps": 0
        },
        "2012": {
            "cash": 0,
            "stock": 0,
            "eps": 0
        },
        "2013": {
            "cash": 0,
            "stock": 0,
            "eps": 0
        },
        "2014": {
            "cash": 0,
            "stock": 0,
            "eps": 0
        },
        "2015": {
            "cash": 0.5,
            "stock": 0,
            "eps": 0.58
        },
        "2016": {
            "cash": 0.3,
            "stock": 0,
            "eps": 0.5
        },
        "2017": {
            "cash": 0.35,
            "stock": 0,
            "eps": 2.01
        },
        "2018": {
            "cash": 1.38,
            "stock": 0,
            "eps": 0.15
        },
        "2019": {
            "cash": 0.2,
            "stock": 0,
            "eps": 1
        },
        "2020": {
            "cash": 0.7,
            "stock": 0,
            "eps": 1.05
        },
        "2021": {
            "cash": 0.17,
            "stock": 0.63,
            "eps": 5.17
        },
        "2022": {
            "cash": 1.28,
            "stock": 2,
            "eps": -0.85
        },
        "2023": {
            "cash": 0,
            "stock": 0,
            "eps": 0.8
        }
    },
    "dividends": {
        "2015-07-03": {
            "cash": 0.5,
            "stock": 0
        },
        "2016-08-22": {
            "cash": 0.3,
            "stock": 0
        },
        "2017-07-14": {
            "cash": 0.35,
            "stock": 0
        },
        "2018-08-01": {
            "cash": 1.38,
            "stock": 0
        },
        "2019-07-23": {
            "cash": 0.2,
            "stock": 0
        },
        "2020-08-10": {
            "cash": 0.7,
            "stock": 0
        },
        "2021-09-13": {
            "cash": 0.17,
            "stock": 0.63
        },
        "2022-10-24": {
            "cash": 1.28,
            "stock": 2
        }
    },
    "prices": {
        "200101": "無",
        "200102": "無",
        "200103": "無",
        "200104": "無",
        "200105": "無",
        "200106": "無",
        "200107": "無",
        "200108": "無",
        "200109": "無",
        "200110": "無",
        "200111": "無",
        "200112": "無",
        "200201": "無",
        "200202": "無",
        "200203": "無",
        "200204": "無",
        "200205": "無",
        "200206": "無",
        "200207": "無",
        "200208": "無",
        "200209": "無",
        "200210": "無",
        "200211": "無",
        "200212": "無",
        "200301": "無",
        "200302": "無",
        "200303": "無",
        "200304": "無",
        "200305": "無",
        "200306": "無",
        "200307": "無",
        "200308": "無",
        "200309": "無",
        "200310": "無",
        "200311": "無",
        "200312": "無",
        "200401": "無",
        "200402": "無",
        "200403": "無",
        "200404": "無",
        "200405": "無",
        "200406": "無",
        "200407": "無",
        "200408": "無",
        "200409": "無",
        "200410": "無",
        "200411": "無",
        "200412": "無",
        "200501": "無",
        "200502": "無",
        "200503": "無",
        "200504": "無",
        "200505": "無",
        "200506": "無",
        "200507": "無",
        "200508": "無",
        "200509": "無",
        "200510": "無",
        "200511": "無",
        "200512": "無",
        "200601": "無",
        "200602": "無",
        "200603": "無",
        "200604": "無",
        "200605": "無",
        "200606": "無",
        "200607": "無",
        "200608": "無",
        "200609": "無",
        "200610": "無",
        "200611": "無",
        "200612": "無",
        "200701": "無",
        "200702": "無",
        "200703": "無",
        "200704": "無",
        "200705": "無",
        "200706": "無",
        "200707": "無",
        "200708": "無",
        "200709": "無",
        "200710": "無",
        "200711": "無",
        "200712": "無",
        "200801": "無",
        "200802": "無",
        "200803": "無",
        "200804": "無",
        "200805": "無",
        "200806": "無",
        "200807": "無",
        "200808": "無",
        "200809": "無",
        "200810": "無",
        "200811": "無",
        "200812": "無",
        "200901": "無",
        "200902": "無",
        "200903": "無",
        "200904": "無",
        "200905": "無",
        "200906": "無",
        "200907": "無",
        "200908": "無",
        "200909": "無",
        "200910": "無",
        "200911": "無",
        "200912": "無",
        "201001": "無",
        "201002": "無",
        "201003": "無",
        "201004": "無",
        "201005": "無",
        "201006": "無",
        "201007": "無",
        "201008": "無",
        "201009": "無",
        "201010": "無",
        "201011": "無",
        "201012": "無",
        "201101": "無",
        "201102": "無",
        "201103": "無",
        "201104": "無",
        "201105": "無",
        "201106": "無",
        "201107": "無",
        "201108": "無",
        "201109": "無",
        "201110": "無",
        "201111": "無",
        "201112": "無",
        "201201": "無",
        "201202": "無",
        "201203": "無",
        "201204": "無",
        "201205": "無",
        "201206": "無",
        "201207": "無",
        "201208": "無",
        "201209": "無",
        "201210": "無",
        "201211": "無",
        "201212": "無",
        "201301": "無",
        "201302": "無",
        "201303": "無",
        "201304": "無",
        "201305": "無",
        "201306": "無",
        "201307": "無",
        "201308": "無",
        "201309": "無",
        "201310": "無",
        "201311": "無",
        "201312": "無",
        "201401": "無",
        "201402": "無",
        "201403": "無",
        "201404": "無",
        "201405": "無",
        "201406": "無",
        "201407": "無",
        "201408": "無",
        "201409": "11.94",
        "201410": "11.24",
        "201411": "10.49",
        "201412": "10.53",
        "201501": "11.06",
        "201502": "11.10",
        "201503": "11.84",
        "201504": "11.80",
        "201505": "11.70",
        "201506": "11.30",
        "201507": "10.46",
        "201508": "8.54",
        "201509": "8.00",
        "201510": "9.43",
        "201511": "10.37",
        "201512": "10.47",
        "201601": "9.47",
        "201602": "9.02",
        "201603": "8.72",
        "201604": "8.48",
        "201605": "8.14",
        "201606": "8.12",
        "201607": "8.13",
        "201608": "7.89",
        "201609": "7.88",
        "201610": "7.66",
        "201611": "7.51",
        "201612": "7.81",
        "201701": "7.91",
        "201702": "9.32",
        "201703": "9.68",
        "201704": "9.15",
        "201705": "8.95",
        "201706": "9.23",
        "201707": "9.55",
        "201708": "10.01",
        "201709": "12.66",
        "201710": "13.19",
        "201711": "12.70",
        "201712": "13.32",
        "201801": "14.39",
        "201802": "15.10",
        "201803": "15.18",
        "201804": "15.35",
        "201805": "14.95",
        "201806": "14.46",
        "201807": "11.66",
        "201808": "11.33",
        "201809": "10.25",
        "201810": "8.62",
        "201811": "8.08",
        "201812": "8.07",
        "201901": "8.18",
        "201902": "8.31",
        "201903": "8.60",
        "201904": "8.54",
        "201905": "8.45",
        "201906": "8.54",
        "201907": "8.44",
        "201908": "8.35",
        "201909": "8.47",
        "201910": "8.72",
        "201911": "9.37",
        "201912": "9.30",
        "202001": "9.33",
        "202002": "8.84",
        "202003": "7.75",
        "202004": "7.89",
        "202005": "8.61",
        "202006": "8.92",
        "202007": "9.70",
        "202008": "9.16",
        "202009": "9.06",
        "202010": "8.50",
        "202011": "8.38",
        "202012": "9.25",
        "202101": "11.00",
        "202102": "10.88",
        "202103": "13.10",
        "202104": "17.02",
        "202105": "17.10",
        "202106": "17.09",
        "202107": "18.07",
        "202108": "15.05",
        "202109": "14.37",
        "202110": "14.66",
        "202111": "16.80",
        "202112": "19.10",
        "202201": "21.28",
        "202202": "20.30",
        "202203": "20.36",
        "202204": "19.84",
        "202205": "16.81",
        "202206": "16.71",
        "202207": "14.72",
        "202208": "15.34",
        "202209": "13.07",
        "202210": "10.12",
        "202211": "10.42",
        "202212": "10.26",
        "202301": "10.06",
        "202302": "10.71",
        "202303": "10.58",
        "202304": "11.58",
        "202305": "12.05",
        "202306": "13.07",
        "202307": "13.33",
        "202308": "12.95",
        "202309": "12.00",
        "202310": "11.55"
    },
    "quarters": {
        "20011": {
            "year_quarter": 20011,
            "year": 2001,
            "quarter": 1,
            "eps": null,
            "eps_growth_year": null,
            "eps_4q": null,
            "eps_4q_growth_year": null,
            "roe": null,
            "roe_4q": 0,
            "gross_profit": null,
            "gross_margin": null,
            "gross_margin_4q_avg": 0,
            "net_income": null,
            "net_income_4q": null,
            "revenue": null,
            "revenue_4q": null,
            "common_shares": null,
            "book_valuer_per_share": null,
            "book_valuer_per_share_4q_avg": 0,
            "equity": null,
            "current_ratio": null,
            "debt_ratio": null,
            "inventory_turnover_ratio": null,
            "account_receivable_turnover_ratio": null,
            "reinvestment_rate": null,
            "research_to_sale_ratio": null,
            "price_fair": 0,
            "eps_avg_yearly": 0,
            "eps_latest_yearly": 0,
            "eps_growth_yearly": 0
        },
        "20012": {
            "year_quarter": 20012,
            "year": 2001,
            "quarter": 2,
            "eps": null,
            "eps_growth_year": null,
            "eps_4q": null,
            "eps_4q_growth_year": null,
            "roe": null,
            "roe_4q": 0,
            "gross_profit": null,
            "gross_margin": null,
            "gross_margin_4q_avg": 0,
            "net_income": null,
            "net_income_4q": null,
            "revenue": null,
            "revenue_4q": null,
            "common_shares": null,
            "book_valuer_per_share": null,
            "book_valuer_per_share_4q_avg": 0,
            "equity": null,
            "current_ratio": null,
            "debt_ratio": null,
            "inventory_turnover_ratio": null,
            "account_receivable_turnover_ratio": null,
            "reinvestment_rate": null,
            "research_to_sale_ratio": null,
            "price_fair": 0,
            "eps_avg_yearly": 0,
            "eps_latest_yearly": 0,
            "eps_growth_yearly": 0
        },
        "20013": {
            "year_quarter": 20013,
            "year": 2001,
            "quarter": 3,
            "eps": null,
            "eps_growth_year": null,
            "eps_4q": null,
            "eps_4q_growth_year": null,
            "roe": null,
            "roe_4q": 0,
            "gross_profit": null,
            "gross_margin": null,
            "gross_margin_4q_avg": 0,
            "net_income": null,
            "net_income_4q": null,
            "revenue": null,
            "revenue_4q": null,
            "common_shares": null,
            "book_valuer_per_share": null,
            "book_valuer_per_share_4q_avg": 0,
            "equity": null,
            "current_ratio": null,
            "debt_ratio": null,
            "inventory_turnover_ratio": null,
            "account_receivable_turnover_ratio": null,
            "reinvestment_rate": null,
            "research_to_sale_ratio": null,
            "price_fair": 0,
            "eps_avg_yearly": 0,
            "eps_latest_yearly": 0,
            "eps_growth_yearly": 0
        },
        "20014": {
            "year_quarter": 20014,
            "year": 2001,
            "quarter": 4,
            "eps": null,
            "eps_growth_year": null,
            "eps_4q": null,
            "eps_4q_growth_year": null,
            "roe": null,
            "roe_4q": 0,
            "gross_profit": null,
            "gross_margin": null,
            "gross_margin_4q_avg": 0,
            "net_income": null,
            "net_income_4q": null,
            "revenue": null,
            "revenue_4q": null,
            "common_shares": null,
            "book_valuer_per_share": null,
            "book_valuer_per_share_4q_avg": 0,
            "equity": null,
            "current_ratio": null,
            "debt_ratio": null,
            "inventory_turnover_ratio": null,
            "account_receivable_turnover_ratio": null,
            "reinvestment_rate": null,
            "research_to_sale_ratio": null,
            "price_fair": 0,
            "eps_avg_yearly": 0,
            "eps_latest_yearly": 0,
            "eps_growth_yearly": 0
        },
        "20021": {
            "year_quarter": 20021,
            "year": 2002,
            "quarter": 1,
            "eps": null,
            "eps_growth_year": null,
            "eps_4q": null,
            "eps_4q_growth_year": null,
            "roe": null,
            "roe_4q": 0,
            "gross_profit": null,
            "gross_margin": null,
            "gross_margin_4q_avg": 0,
            "net_income": null,
            "net_income_4q": null,
            "revenue": null,
            "revenue_4q": null,
            "common_shares": null,
            "book_valuer_per_share": null,
            "book_valuer_per_share_4q_avg": 0,
            "equity": null,
            "current_ratio": null,
            "debt_ratio": null,
            "inventory_turnover_ratio": null,
            "account_receivable_turnover_ratio": null,
            "reinvestment_rate": null,
            "research_to_sale_ratio": null,
            "price_fair": 0,
            "eps_avg_yearly": 0,
            "eps_latest_yearly": 0,
            "eps_growth_yearly": 0
        },
        "20022": {
            "year_quarter": 20022,
            "year": 2002,
            "quarter": 2,
            "eps": null,
            "eps_growth_year": null,
            "eps_4q": null,
            "eps_4q_growth_year": null,
            "roe": null,
            "roe_4q": 0,
            "gross_profit": null,
            "gross_margin": null,
            "gross_margin_4q_avg": 0,
            "net_income": null,
            "net_income_4q": null,
            "revenue": null,
            "revenue_4q": null,
            "common_shares": null,
            "book_valuer_per_share": null,
            "book_valuer_per_share_4q_avg": 0,
            "equity": null,
            "current_ratio": null,
            "debt_ratio": null,
            "inventory_turnover_ratio": null,
            "account_receivable_turnover_ratio": null,
            "reinvestment_rate": null,
            "research_to_sale_ratio": null,
            "price_fair": 0,
            "eps_avg_yearly": 0,
            "eps_latest_yearly": 0,
            "eps_growth_yearly": 0
        },
        "20023": {
            "year_quarter": 20023,
            "year": 2002,
            "quarter": 3,
            "eps": null,
            "eps_growth_year": null,
            "eps_4q": null,
            "eps_4q_growth_year": null,
            "roe": null,
            "roe_4q": 0,
            "gross_profit": null,
            "gross_margin": null,
            "gross_margin_4q_avg": 0,
            "net_income": null,
            "net_income_4q": null,
            "revenue": null,
            "revenue_4q": null,
            "common_shares": null,
            "book_valuer_per_share": null,
            "book_valuer_per_share_4q_avg": 0,
            "equity": null,
            "current_ratio": null,
            "debt_ratio": null,
            "inventory_turnover_ratio": null,
            "account_receivable_turnover_ratio": null,
            "reinvestment_rate": null,
            "research_to_sale_ratio": null,
            "price_fair": 0,
            "eps_avg_yearly": 0,
            "eps_latest_yearly": 0,
            "eps_growth_yearly": 0
        },
        "20024": {
            "year_quarter": 20024,
            "year": 2002,
            "quarter": 4,
            "eps": null,
            "eps_growth_year": null,
            "eps_4q": null,
            "eps_4q_growth_year": null,
            "roe": null,
            "roe_4q": 0,
            "gross_profit": null,
            "gross_margin": null,
            "gross_margin_4q_avg": 0,
            "net_income": null,
            "net_income_4q": null,
            "revenue": null,
            "revenue_4q": null,
            "common_shares": null,
            "book_valuer_per_share": null,
            "book_valuer_per_share_4q_avg": 0,
            "equity": null,
            "current_ratio": null,
            "debt_ratio": null,
            "inventory_turnover_ratio": null,
            "account_receivable_turnover_ratio": null,
            "reinvestment_rate": null,
            "research_to_sale_ratio": null,
            "price_fair": 0,
            "eps_avg_yearly": 0,
            "eps_latest_yearly": 0,
            "eps_growth_yearly": 0
        },
        "20031": {
            "year_quarter": 20031,
            "year": 2003,
            "quarter": 1,
            "eps": null,
            "eps_growth_year": null,
            "eps_4q": null,
            "eps_4q_growth_year": null,
            "roe": null,
            "roe_4q": 0,
            "gross_profit": null,
            "gross_margin": null,
            "gross_margin_4q_avg": 0,
            "net_income": null,
            "net_income_4q": null,
            "revenue": null,
            "revenue_4q": null,
            "common_shares": null,
            "book_valuer_per_share": null,
            "book_valuer_per_share_4q_avg": 0,
            "equity": null,
            "current_ratio": null,
            "debt_ratio": null,
            "inventory_turnover_ratio": null,
            "account_receivable_turnover_ratio": null,
            "reinvestment_rate": null,
            "research_to_sale_ratio": null,
            "price_fair": 0,
            "eps_avg_yearly": 0,
            "eps_latest_yearly": 0,
            "eps_growth_yearly": 0
        },
        "20032": {
            "year_quarter": 20032,
            "year": 2003,
            "quarter": 2,
            "eps": null,
            "eps_growth_year": null,
            "eps_4q": null,
            "eps_4q_growth_year": null,
            "roe": null,
            "roe_4q": 0,
            "gross_profit": null,
            "gross_margin": null,
            "gross_margin_4q_avg": 0,
            "net_income": null,
            "net_income_4q": null,
            "revenue": null,
            "revenue_4q": null,
            "common_shares": null,
            "book_valuer_per_share": null,
            "book_valuer_per_share_4q_avg": 0,
            "equity": null,
            "current_ratio": null,
            "debt_ratio": null,
            "inventory_turnover_ratio": null,
            "account_receivable_turnover_ratio": null,
            "reinvestment_rate": null,
            "research_to_sale_ratio": null,
            "price_fair": 0,
            "eps_avg_yearly": 0,
            "eps_latest_yearly": 0,
            "eps_growth_yearly": 0
        },
        "20033": {
            "year_quarter": 20033,
            "year": 2003,
            "quarter": 3,
            "eps": null,
            "eps_growth_year": null,
            "eps_4q": null,
            "eps_4q_growth_year": null,
            "roe": null,
            "roe_4q": 0,
            "gross_profit": null,
            "gross_margin": null,
            "gross_margin_4q_avg": 0,
            "net_income": null,
            "net_income_4q": null,
            "revenue": null,
            "revenue_4q": null,
            "common_shares": null,
            "book_valuer_per_share": null,
            "book_valuer_per_share_4q_avg": 0,
            "equity": null,
            "current_ratio": null,
            "debt_ratio": null,
            "inventory_turnover_ratio": null,
            "account_receivable_turnover_ratio": null,
            "reinvestment_rate": null,
            "research_to_sale_ratio": null,
            "price_fair": 0,
            "eps_avg_yearly": 0,
            "eps_latest_yearly": 0,
            "eps_growth_yearly": 0
        },
        "20034": {
            "year_quarter": 20034,
            "year": 2003,
            "quarter": 4,
            "eps": null,
            "eps_growth_year": null,
            "eps_4q": null,
            "eps_4q_growth_year": null,
            "roe": null,
            "roe_4q": 0,
            "gross_profit": null,
            "gross_margin": null,
            "gross_margin_4q_avg": 0,
            "net_income": null,
            "net_income_4q": null,
            "revenue": null,
            "revenue_4q": null,
            "common_shares": null,
            "book_valuer_per_share": null,
            "book_valuer_per_share_4q_avg": 0,
            "equity": null,
            "current_ratio": null,
            "debt_ratio": null,
            "inventory_turnover_ratio": null,
            "account_receivable_turnover_ratio": null,
            "reinvestment_rate": null,
            "research_to_sale_ratio": null,
            "price_fair": 0,
            "eps_avg_yearly": 0,
            "eps_latest_yearly": 0,
            "eps_growth_yearly": 0
        },
        "20041": {
            "year_quarter": 20041,
            "year": 2004,
            "quarter": 1,
            "eps": null,
            "eps_growth_year": null,
            "eps_4q": null,
            "eps_4q_growth_year": null,
            "roe": null,
            "roe_4q": 0,
            "gross_profit": null,
            "gross_margin": null,
            "gross_margin_4q_avg": 0,
            "net_income": null,
            "net_income_4q": null,
            "revenue": null,
            "revenue_4q": null,
            "common_shares": null,
            "book_valuer_per_share": null,
            "book_valuer_per_share_4q_avg": 0,
            "equity": null,
            "current_ratio": null,
            "debt_ratio": null,
            "inventory_turnover_ratio": null,
            "account_receivable_turnover_ratio": null,
            "reinvestment_rate": null,
            "research_to_sale_ratio": null,
            "price_fair": 0,
            "eps_avg_yearly": 0,
            "eps_latest_yearly": 0,
            "eps_growth_yearly": 0
        },
        "20042": {
            "year_quarter": 20042,
            "year": 2004,
            "quarter": 2,
            "eps": null,
            "eps_growth_year": null,
            "eps_4q": null,
            "eps_4q_growth_year": null,
            "roe": null,
            "roe_4q": 0,
            "gross_profit": null,
            "gross_margin": null,
            "gross_margin_4q_avg": 0,
            "net_income": null,
            "net_income_4q": null,
            "revenue": null,
            "revenue_4q": null,
            "common_shares": null,
            "book_valuer_per_share": null,
            "book_valuer_per_share_4q_avg": 0,
            "equity": null,
            "current_ratio": null,
            "debt_ratio": null,
            "inventory_turnover_ratio": null,
            "account_receivable_turnover_ratio": null,
            "reinvestment_rate": null,
            "research_to_sale_ratio": null,
            "price_fair": 0,
            "eps_avg_yearly": 0,
            "eps_latest_yearly": 0,
            "eps_growth_yearly": 0
        },
        "20043": {
            "year_quarter": 20043,
            "year": 2004,
            "quarter": 3,
            "eps": null,
            "eps_growth_year": null,
            "eps_4q": null,
            "eps_4q_growth_year": null,
            "roe": null,
            "roe_4q": 0,
            "gross_profit": null,
            "gross_margin": null,
            "gross_margin_4q_avg": 0,
            "net_income": null,
            "net_income_4q": null,
            "revenue": null,
            "revenue_4q": null,
            "common_shares": null,
            "book_valuer_per_share": null,
            "book_valuer_per_share_4q_avg": 0,
            "equity": null,
            "current_ratio": null,
            "debt_ratio": null,
            "inventory_turnover_ratio": null,
            "account_receivable_turnover_ratio": null,
            "reinvestment_rate": null,
            "research_to_sale_ratio": null,
            "price_fair": 0,
            "eps_avg_yearly": 0,
            "eps_latest_yearly": 0,
            "eps_growth_yearly": 0
        },
        "20044": {
            "year_quarter": 20044,
            "year": 2004,
            "quarter": 4,
            "eps": null,
            "eps_growth_year": null,
            "eps_4q": null,
            "eps_4q_growth_year": null,
            "roe": null,
            "roe_4q": 0,
            "gross_profit": null,
            "gross_margin": null,
            "gross_margin_4q_avg": 0,
            "net_income": null,
            "net_income_4q": null,
            "revenue": null,
            "revenue_4q": null,
            "common_shares": null,
            "book_valuer_per_share": null,
            "book_valuer_per_share_4q_avg": 0,
            "equity": null,
            "current_ratio": null,
            "debt_ratio": null,
            "inventory_turnover_ratio": null,
            "account_receivable_turnover_ratio": null,
            "reinvestment_rate": null,
            "research_to_sale_ratio": null,
            "price_fair": 0,
            "eps_avg_yearly": 0,
            "eps_latest_yearly": 0,
            "eps_growth_yearly": 0
        },
        "20051": {
            "year_quarter": 20051,
            "year": 2005,
            "quarter": 1,
            "eps": null,
            "eps_growth_year": null,
            "eps_4q": null,
            "eps_4q_growth_year": null,
            "roe": null,
            "roe_4q": 0,
            "gross_profit": null,
            "gross_margin": null,
            "gross_margin_4q_avg": 0,
            "net_income": null,
            "net_income_4q": null,
            "revenue": null,
            "revenue_4q": null,
            "common_shares": null,
            "book_valuer_per_share": null,
            "book_valuer_per_share_4q_avg": 0,
            "equity": null,
            "current_ratio": null,
            "debt_ratio": null,
            "inventory_turnover_ratio": null,
            "account_receivable_turnover_ratio": null,
            "reinvestment_rate": null,
            "research_to_sale_ratio": null,
            "price_fair": 0,
            "eps_avg_yearly": 0,
            "eps_latest_yearly": 0,
            "eps_growth_yearly": 0
        },
        "20052": {
            "year_quarter": 20052,
            "year": 2005,
            "quarter": 2,
            "eps": null,
            "eps_growth_year": null,
            "eps_4q": null,
            "eps_4q_growth_year": null,
            "roe": null,
            "roe_4q": 0,
            "gross_profit": null,
            "gross_margin": null,
            "gross_margin_4q_avg": 0,
            "net_income": null,
            "net_income_4q": null,
            "revenue": null,
            "revenue_4q": null,
            "common_shares": null,
            "book_valuer_per_share": null,
            "book_valuer_per_share_4q_avg": 0,
            "equity": null,
            "current_ratio": null,
            "debt_ratio": null,
            "inventory_turnover_ratio": null,
            "account_receivable_turnover_ratio": null,
            "reinvestment_rate": null,
            "research_to_sale_ratio": null,
            "price_fair": 0,
            "eps_avg_yearly": 0,
            "eps_latest_yearly": 0,
            "eps_growth_yearly": 0
        },
        "20053": {
            "year_quarter": 20053,
            "year": 2005,
            "quarter": 3,
            "eps": null,
            "eps_growth_year": null,
            "eps_4q": null,
            "eps_4q_growth_year": null,
            "roe": null,
            "roe_4q": 0,
            "gross_profit": null,
            "gross_margin": null,
            "gross_margin_4q_avg": 0,
            "net_income": null,
            "net_income_4q": null,
            "revenue": null,
            "revenue_4q": null,
            "common_shares": null,
            "book_valuer_per_share": null,
            "book_valuer_per_share_4q_avg": 0,
            "equity": null,
            "current_ratio": null,
            "debt_ratio": null,
            "inventory_turnover_ratio": null,
            "account_receivable_turnover_ratio": null,
            "reinvestment_rate": null,
            "research_to_sale_ratio": null,
            "price_fair": 0,
            "eps_avg_yearly": 0,
            "eps_latest_yearly": 0,
            "eps_growth_yearly": 0
        },
        "20054": {
            "year_quarter": 20054,
            "year": 2005,
            "quarter": 4,
            "eps": null,
            "eps_growth_year": null,
            "eps_4q": null,
            "eps_4q_growth_year": null,
            "roe": null,
            "roe_4q": 0,
            "gross_profit": null,
            "gross_margin": null,
            "gross_margin_4q_avg": 0,
            "net_income": null,
            "net_income_4q": null,
            "revenue": null,
            "revenue_4q": null,
            "common_shares": null,
            "book_valuer_per_share": null,
            "book_valuer_per_share_4q_avg": 0,
            "equity": null,
            "current_ratio": null,
            "debt_ratio": null,
            "inventory_turnover_ratio": null,
            "account_receivable_turnover_ratio": null,
            "reinvestment_rate": null,
            "research_to_sale_ratio": null,
            "price_fair": 0,
            "eps_avg_yearly": 0,
            "eps_latest_yearly": 0,
            "eps_growth_yearly": 0
        },
        "20061": {
            "year_quarter": 20061,
            "year": 2006,
            "quarter": 1,
            "eps": null,
            "eps_growth_year": null,
            "eps_4q": null,
            "eps_4q_growth_year": null,
            "roe": null,
            "roe_4q": 0,
            "gross_profit": null,
            "gross_margin": null,
            "gross_margin_4q_avg": 0,
            "net_income": null,
            "net_income_4q": null,
            "revenue": null,
            "revenue_4q": null,
            "common_shares": null,
            "book_valuer_per_share": null,
            "book_valuer_per_share_4q_avg": 0,
            "equity": null,
            "current_ratio": null,
            "debt_ratio": null,
            "inventory_turnover_ratio": null,
            "account_receivable_turnover_ratio": null,
            "reinvestment_rate": null,
            "research_to_sale_ratio": null,
            "price_fair": 0,
            "eps_avg_yearly": 0,
            "eps_latest_yearly": 0,
            "eps_growth_yearly": 0
        },
        "20062": {
            "year_quarter": 20062,
            "year": 2006,
            "quarter": 2,
            "eps": null,
            "eps_growth_year": null,
            "eps_4q": null,
            "eps_4q_growth_year": null,
            "roe": null,
            "roe_4q": 0,
            "gross_profit": null,
            "gross_margin": null,
            "gross_margin_4q_avg": 0,
            "net_income": null,
            "net_income_4q": null,
            "revenue": null,
            "revenue_4q": null,
            "common_shares": null,
            "book_valuer_per_share": null,
            "book_valuer_per_share_4q_avg": 0,
            "equity": null,
            "current_ratio": null,
            "debt_ratio": null,
            "inventory_turnover_ratio": null,
            "account_receivable_turnover_ratio": null,
            "reinvestment_rate": null,
            "research_to_sale_ratio": null,
            "price_fair": 0,
            "eps_avg_yearly": 0,
            "eps_latest_yearly": 0,
            "eps_growth_yearly": 0
        },
        "20063": {
            "year_quarter": 20063,
            "year": 2006,
            "quarter": 3,
            "eps": null,
            "eps_growth_year": null,
            "eps_4q": null,
            "eps_4q_growth_year": null,
            "roe": null,
            "roe_4q": 0,
            "gross_profit": null,
            "gross_margin": null,
            "gross_margin_4q_avg": 0,
            "net_income": null,
            "net_income_4q": null,
            "revenue": null,
            "revenue_4q": null,
            "common_shares": null,
            "book_valuer_per_share": null,
            "book_valuer_per_share_4q_avg": 0,
            "equity": null,
            "current_ratio": null,
            "debt_ratio": null,
            "inventory_turnover_ratio": null,
            "account_receivable_turnover_ratio": null,
            "reinvestment_rate": null,
            "research_to_sale_ratio": null,
            "price_fair": 0,
            "eps_avg_yearly": 0,
            "eps_latest_yearly": 0,
            "eps_growth_yearly": 0
        },
        "20064": {
            "year_quarter": 20064,
            "year": 2006,
            "quarter": 4,
            "eps": null,
            "eps_growth_year": null,
            "eps_4q": null,
            "eps_4q_growth_year": null,
            "roe": null,
            "roe_4q": 0,
            "gross_profit": null,
            "gross_margin": null,
            "gross_margin_4q_avg": 0,
            "net_income": null,
            "net_income_4q": null,
            "revenue": null,
            "revenue_4q": null,
            "common_shares": null,
            "book_valuer_per_share": null,
            "book_valuer_per_share_4q_avg": 0,
            "equity": null,
            "current_ratio": null,
            "debt_ratio": null,
            "inventory_turnover_ratio": null,
            "account_receivable_turnover_ratio": null,
            "reinvestment_rate": null,
            "research_to_sale_ratio": null,
            "price_fair": 0,
            "eps_avg_yearly": 0,
            "eps_latest_yearly": 0,
            "eps_growth_yearly": 0
        },
        "20071": {
            "year_quarter": 20071,
            "year": 2007,
            "quarter": 1,
            "eps": null,
            "eps_growth_year": null,
            "eps_4q": null,
            "eps_4q_growth_year": null,
            "roe": null,
            "roe_4q": 0,
            "gross_profit": null,
            "gross_margin": null,
            "gross_margin_4q_avg": 0,
            "net_income": null,
            "net_income_4q": null,
            "revenue": null,
            "revenue_4q": null,
            "common_shares": null,
            "book_valuer_per_share": null,
            "book_valuer_per_share_4q_avg": 0,
            "equity": null,
            "current_ratio": null,
            "debt_ratio": null,
            "inventory_turnover_ratio": null,
            "account_receivable_turnover_ratio": null,
            "reinvestment_rate": null,
            "research_to_sale_ratio": null,
            "price_fair": 0,
            "eps_avg_yearly": 0,
            "eps_latest_yearly": 0,
            "eps_growth_yearly": 0
        },
        "20072": {
            "year_quarter": 20072,
            "year": 2007,
            "quarter": 2,
            "eps": null,
            "eps_growth_year": null,
            "eps_4q": null,
            "eps_4q_growth_year": null,
            "roe": null,
            "roe_4q": 0,
            "gross_profit": null,
            "gross_margin": null,
            "gross_margin_4q_avg": 0,
            "net_income": null,
            "net_income_4q": null,
            "revenue": null,
            "revenue_4q": null,
            "common_shares": null,
            "book_valuer_per_share": null,
            "book_valuer_per_share_4q_avg": 0,
            "equity": null,
            "current_ratio": null,
            "debt_ratio": null,
            "inventory_turnover_ratio": null,
            "account_receivable_turnover_ratio": null,
            "reinvestment_rate": null,
            "research_to_sale_ratio": null,
            "price_fair": 0,
            "eps_avg_yearly": 0,
            "eps_latest_yearly": 0,
            "eps_growth_yearly": 0
        },
        "20073": {
            "year_quarter": 20073,
            "year": 2007,
            "quarter": 3,
            "eps": null,
            "eps_growth_year": null,
            "eps_4q": null,
            "eps_4q_growth_year": null,
            "roe": null,
            "roe_4q": 0,
            "gross_profit": null,
            "gross_margin": null,
            "gross_margin_4q_avg": 0,
            "net_income": null,
            "net_income_4q": null,
            "revenue": null,
            "revenue_4q": null,
            "common_shares": null,
            "book_valuer_per_share": null,
            "book_valuer_per_share_4q_avg": 0,
            "equity": null,
            "current_ratio": null,
            "debt_ratio": null,
            "inventory_turnover_ratio": null,
            "account_receivable_turnover_ratio": null,
            "reinvestment_rate": null,
            "research_to_sale_ratio": null,
            "price_fair": 0,
            "eps_avg_yearly": 0,
            "eps_latest_yearly": 0,
            "eps_growth_yearly": 0
        },
        "20074": {
            "year_quarter": 20074,
            "year": 2007,
            "quarter": 4,
            "eps": null,
            "eps_growth_year": null,
            "eps_4q": null,
            "eps_4q_growth_year": null,
            "roe": null,
            "roe_4q": 0,
            "gross_profit": null,
            "gross_margin": null,
            "gross_margin_4q_avg": 0,
            "net_income": null,
            "net_income_4q": null,
            "revenue": null,
            "revenue_4q": null,
            "common_shares": null,
            "book_valuer_per_share": null,
            "book_valuer_per_share_4q_avg": 0,
            "equity": null,
            "current_ratio": null,
            "debt_ratio": null,
            "inventory_turnover_ratio": null,
            "account_receivable_turnover_ratio": null,
            "reinvestment_rate": null,
            "research_to_sale_ratio": null,
            "price_fair": 0,
            "eps_avg_yearly": 0,
            "eps_latest_yearly": 0,
            "eps_growth_yearly": 0
        },
        "20081": {
            "year_quarter": 20081,
            "year": 2008,
            "quarter": 1,
            "eps": null,
            "eps_growth_year": null,
            "eps_4q": null,
            "eps_4q_growth_year": null,
            "roe": null,
            "roe_4q": 0,
            "gross_profit": null,
            "gross_margin": null,
            "gross_margin_4q_avg": 0,
            "net_income": null,
            "net_income_4q": null,
            "revenue": null,
            "revenue_4q": null,
            "common_shares": null,
            "book_valuer_per_share": null,
            "book_valuer_per_share_4q_avg": 0,
            "equity": null,
            "current_ratio": null,
            "debt_ratio": null,
            "inventory_turnover_ratio": null,
            "account_receivable_turnover_ratio": null,
            "reinvestment_rate": null,
            "research_to_sale_ratio": null,
            "price_fair": 0,
            "eps_avg_yearly": 0,
            "eps_latest_yearly": 0,
            "eps_growth_yearly": 0
        },
        "20082": {
            "year_quarter": 20082,
            "year": 2008,
            "quarter": 2,
            "eps": null,
            "eps_growth_year": null,
            "eps_4q": null,
            "eps_4q_growth_year": null,
            "roe": null,
            "roe_4q": 0,
            "gross_profit": null,
            "gross_margin": null,
            "gross_margin_4q_avg": 0,
            "net_income": null,
            "net_income_4q": null,
            "revenue": null,
            "revenue_4q": null,
            "common_shares": null,
            "book_valuer_per_share": null,
            "book_valuer_per_share_4q_avg": 0,
            "equity": null,
            "current_ratio": null,
            "debt_ratio": null,
            "inventory_turnover_ratio": null,
            "account_receivable_turnover_ratio": null,
            "reinvestment_rate": null,
            "research_to_sale_ratio": null,
            "price_fair": 0,
            "eps_avg_yearly": 0,
            "eps_latest_yearly": 0,
            "eps_growth_yearly": 0
        },
        "20083": {
            "year_quarter": 20083,
            "year": 2008,
            "quarter": 3,
            "eps": null,
            "eps_growth_year": null,
            "eps_4q": null,
            "eps_4q_growth_year": null,
            "roe": null,
            "roe_4q": 0,
            "gross_profit": null,
            "gross_margin": null,
            "gross_margin_4q_avg": 0,
            "net_income": null,
            "net_income_4q": null,
            "revenue": null,
            "revenue_4q": null,
            "common_shares": null,
            "book_valuer_per_share": null,
            "book_valuer_per_share_4q_avg": 0,
            "equity": null,
            "current_ratio": null,
            "debt_ratio": null,
            "inventory_turnover_ratio": null,
            "account_receivable_turnover_ratio": null,
            "reinvestment_rate": null,
            "research_to_sale_ratio": null,
            "price_fair": 0,
            "eps_avg_yearly": 0,
            "eps_latest_yearly": 0,
            "eps_growth_yearly": 0
        },
        "20084": {
            "year_quarter": 20084,
            "year": 2008,
            "quarter": 4,
            "eps": null,
            "eps_growth_year": null,
            "eps_4q": null,
            "eps_4q_growth_year": null,
            "roe": null,
            "roe_4q": 0,
            "gross_profit": null,
            "gross_margin": null,
            "gross_margin_4q_avg": 0,
            "net_income": null,
            "net_income_4q": null,
            "revenue": null,
            "revenue_4q": null,
            "common_shares": null,
            "book_valuer_per_share": null,
            "book_valuer_per_share_4q_avg": 0,
            "equity": null,
            "current_ratio": null,
            "debt_ratio": null,
            "inventory_turnover_ratio": null,
            "account_receivable_turnover_ratio": null,
            "reinvestment_rate": null,
            "research_to_sale_ratio": null,
            "price_fair": 0,
            "eps_avg_yearly": 0,
            "eps_latest_yearly": 0,
            "eps_growth_yearly": 0
        },
        "20091": {
            "year_quarter": 20091,
            "year": 2009,
            "quarter": 1,
            "eps": null,
            "eps_growth_year": null,
            "eps_4q": null,
            "eps_4q_growth_year": null,
            "roe": null,
            "roe_4q": 0,
            "gross_profit": null,
            "gross_margin": null,
            "gross_margin_4q_avg": 0,
            "net_income": null,
            "net_income_4q": null,
            "revenue": null,
            "revenue_4q": null,
            "common_shares": null,
            "book_valuer_per_share": null,
            "book_valuer_per_share_4q_avg": 0,
            "equity": null,
            "current_ratio": null,
            "debt_ratio": null,
            "inventory_turnover_ratio": null,
            "account_receivable_turnover_ratio": null,
            "reinvestment_rate": null,
            "research_to_sale_ratio": null,
            "price_fair": 0,
            "eps_avg_yearly": 0,
            "eps_latest_yearly": 0,
            "eps_growth_yearly": 0
        },
        "20092": {
            "year_quarter": 20092,
            "year": 2009,
            "quarter": 2,
            "eps": null,
            "eps_growth_year": null,
            "eps_4q": null,
            "eps_4q_growth_year": null,
            "roe": null,
            "roe_4q": 0,
            "gross_profit": null,
            "gross_margin": null,
            "gross_margin_4q_avg": 0,
            "net_income": null,
            "net_income_4q": null,
            "revenue": null,
            "revenue_4q": null,
            "common_shares": null,
            "book_valuer_per_share": null,
            "book_valuer_per_share_4q_avg": 0,
            "equity": null,
            "current_ratio": null,
            "debt_ratio": null,
            "inventory_turnover_ratio": null,
            "account_receivable_turnover_ratio": null,
            "reinvestment_rate": null,
            "research_to_sale_ratio": null,
            "price_fair": 0,
            "eps_avg_yearly": 0,
            "eps_latest_yearly": 0,
            "eps_growth_yearly": 0
        },
        "20093": {
            "year_quarter": 20093,
            "year": 2009,
            "quarter": 3,
            "eps": null,
            "eps_growth_year": null,
            "eps_4q": null,
            "eps_4q_growth_year": null,
            "roe": null,
            "roe_4q": 0,
            "gross_profit": null,
            "gross_margin": null,
            "gross_margin_4q_avg": 0,
            "net_income": null,
            "net_income_4q": null,
            "revenue": null,
            "revenue_4q": null,
            "common_shares": null,
            "book_valuer_per_share": null,
            "book_valuer_per_share_4q_avg": 0,
            "equity": null,
            "current_ratio": null,
            "debt_ratio": null,
            "inventory_turnover_ratio": null,
            "account_receivable_turnover_ratio": null,
            "reinvestment_rate": null,
            "research_to_sale_ratio": null,
            "price_fair": 0,
            "eps_avg_yearly": 0,
            "eps_latest_yearly": 0,
            "eps_growth_yearly": 0
        },
        "20094": {
            "year_quarter": 20094,
            "year": 2009,
            "quarter": 4,
            "eps": null,
            "eps_growth_year": null,
            "eps_4q": null,
            "eps_4q_growth_year": null,
            "roe": null,
            "roe_4q": 0,
            "gross_profit": null,
            "gross_margin": null,
            "gross_margin_4q_avg": 0,
            "net_income": null,
            "net_income_4q": null,
            "revenue": null,
            "revenue_4q": null,
            "common_shares": null,
            "book_valuer_per_share": null,
            "book_valuer_per_share_4q_avg": 0,
            "equity": null,
            "current_ratio": null,
            "debt_ratio": null,
            "inventory_turnover_ratio": null,
            "account_receivable_turnover_ratio": null,
            "reinvestment_rate": null,
            "research_to_sale_ratio": null,
            "price_fair": 0,
            "eps_avg_yearly": 0,
            "eps_latest_yearly": 0,
            "eps_growth_yearly": 0
        },
        "20101": {
            "year_quarter": 20101,
            "year": 2010,
            "quarter": 1,
            "eps": null,
            "eps_growth_year": null,
            "eps_4q": null,
            "eps_4q_growth_year": null,
            "roe": null,
            "roe_4q": 0,
            "gross_profit": null,
            "gross_margin": null,
            "gross_margin_4q_avg": 0,
            "net_income": null,
            "net_income_4q": null,
            "revenue": null,
            "revenue_4q": null,
            "common_shares": null,
            "book_valuer_per_share": null,
            "book_valuer_per_share_4q_avg": 0,
            "equity": null,
            "current_ratio": null,
            "debt_ratio": null,
            "inventory_turnover_ratio": null,
            "account_receivable_turnover_ratio": null,
            "reinvestment_rate": null,
            "research_to_sale_ratio": null,
            "price_fair": 0,
            "eps_avg_yearly": 0,
            "eps_latest_yearly": 0,
            "eps_growth_yearly": 0
        },
        "20102": {
            "year_quarter": 20102,
            "year": 2010,
            "quarter": 2,
            "eps": null,
            "eps_growth_year": null,
            "eps_4q": null,
            "eps_4q_growth_year": null,
            "roe": null,
            "roe_4q": 0,
            "gross_profit": null,
            "gross_margin": null,
            "gross_margin_4q_avg": 0,
            "net_income": null,
            "net_income_4q": null,
            "revenue": null,
            "revenue_4q": null,
            "common_shares": null,
            "book_valuer_per_share": null,
            "book_valuer_per_share_4q_avg": 0,
            "equity": null,
            "current_ratio": null,
            "debt_ratio": null,
            "inventory_turnover_ratio": null,
            "account_receivable_turnover_ratio": null,
            "reinvestment_rate": null,
            "research_to_sale_ratio": null,
            "price_fair": 0,
            "eps_avg_yearly": 0,
            "eps_latest_yearly": 0,
            "eps_growth_yearly": 0
        },
        "20103": {
            "year_quarter": 20103,
            "year": 2010,
            "quarter": 3,
            "eps": null,
            "eps_growth_year": null,
            "eps_4q": null,
            "eps_4q_growth_year": null,
            "roe": null,
            "roe_4q": 0,
            "gross_profit": null,
            "gross_margin": null,
            "gross_margin_4q_avg": 0,
            "net_income": null,
            "net_income_4q": null,
            "revenue": null,
            "revenue_4q": null,
            "common_shares": null,
            "book_valuer_per_share": null,
            "book_valuer_per_share_4q_avg": 0,
            "equity": null,
            "current_ratio": null,
            "debt_ratio": null,
            "inventory_turnover_ratio": null,
            "account_receivable_turnover_ratio": null,
            "reinvestment_rate": null,
            "research_to_sale_ratio": null,
            "price_fair": 0,
            "eps_avg_yearly": 0,
            "eps_latest_yearly": 0,
            "eps_growth_yearly": 0
        },
        "20104": {
            "year_quarter": 20104,
            "year": 2010,
            "quarter": 4,
            "eps": null,
            "eps_growth_year": null,
            "eps_4q": null,
            "eps_4q_growth_year": null,
            "roe": null,
            "roe_4q": 0,
            "gross_profit": null,
            "gross_margin": null,
            "gross_margin_4q_avg": 0,
            "net_income": null,
            "net_income_4q": null,
            "revenue": null,
            "revenue_4q": null,
            "common_shares": 2000000,
            "book_valuer_per_share": null,
            "book_valuer_per_share_4q_avg": 0,
            "equity": 1836898,
            "current_ratio": null,
            "debt_ratio": null,
            "inventory_turnover_ratio": null,
            "account_receivable_turnover_ratio": null,
            "reinvestment_rate": null,
            "research_to_sale_ratio": null,
            "price_fair": 0,
            "eps_avg_yearly": 0,
            "eps_latest_yearly": 0,
            "eps_growth_yearly": 0
        },
        "20111": {
            "year_quarter": 20111,
            "year": 2011,
            "quarter": 1,
            "eps": null,
            "eps_growth_year": null,
            "eps_4q": null,
            "eps_4q_growth_year": null,
            "roe": null,
            "roe_4q": 0,
            "gross_profit": null,
            "gross_margin": null,
            "gross_margin_4q_avg": 0,
            "net_income": null,
            "net_income_4q": null,
            "revenue": null,
            "revenue_4q": null,
            "common_shares": null,
            "book_valuer_per_share": null,
            "book_valuer_per_share_4q_avg": 0,
            "equity": null,
            "current_ratio": null,
            "debt_ratio": null,
            "inventory_turnover_ratio": null,
            "account_receivable_turnover_ratio": null,
            "reinvestment_rate": null,
            "research_to_sale_ratio": null,
            "price_fair": 0,
            "eps_avg_yearly": 0,
            "eps_latest_yearly": 0,
            "eps_growth_yearly": 0
        },
        "20112": {
            "year_quarter": 20112,
            "year": 2011,
            "quarter": 2,
            "eps": null,
            "eps_growth_year": null,
            "eps_4q": null,
            "eps_4q_growth_year": null,
            "roe": null,
            "roe_4q": 0,
            "gross_profit": null,
            "gross_margin": null,
            "gross_margin_4q_avg": 0,
            "net_income": null,
            "net_income_4q": null,
            "revenue": null,
            "revenue_4q": null,
            "common_shares": null,
            "book_valuer_per_share": null,
            "book_valuer_per_share_4q_avg": 0,
            "equity": null,
            "current_ratio": null,
            "debt_ratio": null,
            "inventory_turnover_ratio": null,
            "account_receivable_turnover_ratio": null,
            "reinvestment_rate": null,
            "research_to_sale_ratio": null,
            "price_fair": 0,
            "eps_avg_yearly": 0,
            "eps_latest_yearly": 0,
            "eps_growth_yearly": 0
        },
        "20113": {
            "year_quarter": 20113,
            "year": 2011,
            "quarter": 3,
            "eps": null,
            "eps_growth_year": null,
            "eps_4q": null,
            "eps_4q_growth_year": null,
            "roe": null,
            "roe_4q": 0,
            "gross_profit": null,
            "gross_margin": null,
            "gross_margin_4q_avg": 0,
            "net_income": null,
            "net_income_4q": null,
            "revenue": null,
            "revenue_4q": null,
            "common_shares": null,
            "book_valuer_per_share": null,
            "book_valuer_per_share_4q_avg": 0,
            "equity": null,
            "current_ratio": null,
            "debt_ratio": null,
            "inventory_turnover_ratio": null,
            "account_receivable_turnover_ratio": null,
            "reinvestment_rate": null,
            "research_to_sale_ratio": null,
            "price_fair": 0,
            "eps_avg_yearly": 0,
            "eps_latest_yearly": 0,
            "eps_growth_yearly": 0
        },
        "20114": {
            "year_quarter": 20114,
            "year": 2011,
            "quarter": 4,
            "eps": null,
            "eps_growth_year": null,
            "eps_4q": null,
            "eps_4q_growth_year": null,
            "roe": null,
            "roe_4q": 0,
            "gross_profit": null,
            "gross_margin": null,
            "gross_margin_4q_avg": 0,
            "net_income": null,
            "net_income_4q": null,
            "revenue": null,
            "revenue_4q": null,
            "common_shares": 2000000,
            "book_valuer_per_share": 7.8,
            "book_valuer_per_share_4q_avg": 1.95,
            "equity": 1560883,
            "current_ratio": 360.95,
            "debt_ratio": 22.18,
            "inventory_turnover_ratio": null,
            "account_receivable_turnover_ratio": null,
            "reinvestment_rate": null,
            "research_to_sale_ratio": null,
            "price_fair": 0,
            "eps_avg_yearly": 0,
            "eps_latest_yearly": 0,
            "eps_growth_yearly": 0
        },
        "20121": {
            "year_quarter": 20121,
            "year": 2012,
            "quarter": 1,
            "eps": null,
            "eps_growth_year": null,
            "eps_4q": null,
            "eps_4q_growth_year": null,
            "roe": null,
            "roe_4q": 0,
            "gross_profit": null,
            "gross_margin": null,
            "gross_margin_4q_avg": 0,
            "net_income": null,
            "net_income_4q": null,
            "revenue": null,
            "revenue_4q": null,
            "common_shares": null,
            "book_valuer_per_share": null,
            "book_valuer_per_share_4q_avg": 1.95,
            "equity": null,
            "current_ratio": null,
            "debt_ratio": null,
            "inventory_turnover_ratio": null,
            "account_receivable_turnover_ratio": null,
            "reinvestment_rate": null,
            "research_to_sale_ratio": null,
            "price_fair": 0,
            "eps_avg_yearly": 0,
            "eps_latest_yearly": 0,
            "eps_growth_yearly": 0
        },
        "20122": {
            "year_quarter": 20122,
            "year": 2012,
            "quarter": 2,
            "eps": null,
            "eps_growth_year": null,
            "eps_4q": null,
            "eps_4q_growth_year": null,
            "roe": null,
            "roe_4q": 0,
            "gross_profit": null,
            "gross_margin": null,
            "gross_margin_4q_avg": 0,
            "net_income": null,
            "net_income_4q": null,
            "revenue": null,
            "revenue_4q": null,
            "common_shares": 2000000,
            "book_valuer_per_share": null,
            "book_valuer_per_share_4q_avg": 1.95,
            "equity": 1601166,
            "current_ratio": null,
            "debt_ratio": null,
            "inventory_turnover_ratio": null,
            "account_receivable_turnover_ratio": null,
            "reinvestment_rate": null,
            "research_to_sale_ratio": null,
            "price_fair": 0,
            "eps_avg_yearly": 0,
            "eps_latest_yearly": 0,
            "eps_growth_yearly": 0
        },
        "20123": {
            "year_quarter": 20123,
            "year": 2012,
            "quarter": 3,
            "eps": null,
            "eps_growth_year": null,
            "eps_4q": null,
            "eps_4q_growth_year": null,
            "roe": null,
            "roe_4q": 0,
            "gross_profit": null,
            "gross_margin": null,
            "gross_margin_4q_avg": 0,
            "net_income": null,
            "net_income_4q": null,
            "revenue": null,
            "revenue_4q": null,
            "common_shares": null,
            "book_valuer_per_share": null,
            "book_valuer_per_share_4q_avg": 1.95,
            "equity": null,
            "current_ratio": null,
            "debt_ratio": null,
            "inventory_turnover_ratio": null,
            "account_receivable_turnover_ratio": null,
            "reinvestment_rate": null,
            "research_to_sale_ratio": null,
            "price_fair": 0,
            "eps_avg_yearly": 0,
            "eps_latest_yearly": 0,
            "eps_growth_yearly": 0
        },
        "20124": {
            "year_quarter": 20124,
            "year": 2012,
            "quarter": 4,
            "eps": null,
            "eps_growth_year": null,
            "eps_4q": null,
            "eps_4q_growth_year": null,
            "roe": null,
            "roe_4q": 0,
            "gross_profit": null,
            "gross_margin": null,
            "gross_margin_4q_avg": 0,
            "net_income": null,
            "net_income_4q": null,
            "revenue": null,
            "revenue_4q": null,
            "common_shares": 2000000,
            "book_valuer_per_share": 8.3,
            "book_valuer_per_share_4q_avg": 2.08,
            "equity": 1660041,
            "current_ratio": 153.78,
            "debt_ratio": 58.32,
            "inventory_turnover_ratio": null,
            "account_receivable_turnover_ratio": null,
            "reinvestment_rate": null,
            "research_to_sale_ratio": null,
            "price_fair": 0,
            "eps_avg_yearly": 0,
            "eps_latest_yearly": 0,
            "eps_growth_yearly": 0
        },
        "20131": {
            "year_quarter": 20131,
            "year": 2013,
            "quarter": 1,
            "eps": null,
            "eps_growth_year": null,
            "eps_4q": null,
            "eps_4q_growth_year": null,
            "roe": null,
            "roe_4q": 0,
            "gross_profit": null,
            "gross_margin": null,
            "gross_margin_4q_avg": 0,
            "net_income": null,
            "net_income_4q": null,
            "revenue": null,
            "revenue_4q": null,
            "common_shares": null,
            "book_valuer_per_share": null,
            "book_valuer_per_share_4q_avg": 2.08,
            "equity": null,
            "current_ratio": null,
            "debt_ratio": null,
            "inventory_turnover_ratio": null,
            "account_receivable_turnover_ratio": null,
            "reinvestment_rate": null,
            "research_to_sale_ratio": null,
            "price_fair": 0,
            "eps_avg_yearly": 0,
            "eps_latest_yearly": 0,
            "eps_growth_yearly": 0
        },
        "20132": {
            "year_quarter": 20132,
            "year": 2013,
            "quarter": 2,
            "eps": null,
            "eps_growth_year": null,
            "eps_4q": null,
            "eps_4q_growth_year": null,
            "roe": null,
            "roe_4q": 0,
            "gross_profit": null,
            "gross_margin": null,
            "gross_margin_4q_avg": 0,
            "net_income": null,
            "net_income_4q": null,
            "revenue": null,
            "revenue_4q": null,
            "common_shares": 2000000,
            "book_valuer_per_share": 8.59,
            "book_valuer_per_share_4q_avg": 4.22,
            "equity": 1718641,
            "current_ratio": 217.15,
            "debt_ratio": 39.21,
            "inventory_turnover_ratio": null,
            "account_receivable_turnover_ratio": null,
            "reinvestment_rate": null,
            "research_to_sale_ratio": null,
            "price_fair": 0,
            "eps_avg_yearly": 0,
            "eps_latest_yearly": 0,
            "eps_growth_yearly": 0
        },
        "20133": {
            "year_quarter": 20133,
            "year": 2013,
            "quarter": 3,
            "eps": null,
            "eps_growth_year": null,
            "eps_4q": null,
            "eps_4q_growth_year": null,
            "roe": null,
            "roe_4q": 0,
            "gross_profit": null,
            "gross_margin": null,
            "gross_margin_4q_avg": 0,
            "net_income": null,
            "net_income_4q": null,
            "revenue": null,
            "revenue_4q": null,
            "common_shares": null,
            "book_valuer_per_share": null,
            "book_valuer_per_share_4q_avg": 4.22,
            "equity": null,
            "current_ratio": null,
            "debt_ratio": null,
            "inventory_turnover_ratio": null,
            "account_receivable_turnover_ratio": null,
            "reinvestment_rate": null,
            "research_to_sale_ratio": null,
            "price_fair": 0,
            "eps_avg_yearly": 0,
            "eps_latest_yearly": 0,
            "eps_growth_yearly": 0
        },
        "20134": {
            "year_quarter": 20134,
            "year": 2013,
            "quarter": 4,
            "eps": null,
            "eps_growth_year": null,
            "eps_4q": null,
            "eps_4q_growth_year": null,
            "roe": null,
            "roe_4q": 0,
            "gross_profit": null,
            "gross_margin": null,
            "gross_margin_4q_avg": 0,
            "net_income": null,
            "net_income_4q": null,
            "revenue": null,
            "revenue_4q": null,
            "common_shares": 2000000,
            "book_valuer_per_share": 9.34,
            "book_valuer_per_share_4q_avg": 4.48,
            "equity": 1867982,
            "current_ratio": 156.66,
            "debt_ratio": 57.68,
            "inventory_turnover_ratio": null,
            "account_receivable_turnover_ratio": null,
            "reinvestment_rate": null,
            "research_to_sale_ratio": null,
            "price_fair": 0,
            "eps_avg_yearly": 0,
            "eps_latest_yearly": 0,
            "eps_growth_yearly": 0
        },
        "20141": {
            "year_quarter": 20141,
            "year": 2014,
            "quarter": 1,
            "eps": null,
            "eps_growth_year": null,
            "eps_4q": null,
            "eps_4q_growth_year": null,
            "roe": null,
            "roe_4q": 0,
            "gross_profit": null,
            "gross_margin": null,
            "gross_margin_4q_avg": 0,
            "net_income": 277400,
            "net_income_4q": null,
            "revenue": 403464,
            "revenue_4q": null,
            "common_shares": 2000000,
            "book_valuer_per_share": null,
            "book_valuer_per_share_4q_avg": 4.48,
            "equity": 2145382,
            "current_ratio": null,
            "debt_ratio": null,
            "inventory_turnover_ratio": null,
            "account_receivable_turnover_ratio": null,
            "reinvestment_rate": null,
            "research_to_sale_ratio": null,
            "price_fair": 0,
            "eps_avg_yearly": 0,
            "eps_latest_yearly": 0,
            "eps_growth_yearly": 0
        },
        "20142": {
            "year_quarter": 20142,
            "year": 2014,
            "quarter": 2,
            "eps": null,
            "eps_growth_year": null,
            "eps_4q": null,
            "eps_4q_growth_year": null,
            "roe": null,
            "roe_4q": 0,
            "gross_profit": null,
            "gross_margin": null,
            "gross_margin_4q_avg": 0,
            "net_income": 80600,
            "net_income_4q": null,
            "revenue": 161511,
            "revenue_4q": null,
            "common_shares": 2000000,
            "book_valuer_per_share": 11.13,
            "book_valuer_per_share_4q_avg": 5.12,
            "equity": 2225982,
            "current_ratio": 142.95,
            "debt_ratio": 64.86,
            "inventory_turnover_ratio": null,
            "account_receivable_turnover_ratio": null,
            "reinvestment_rate": null,
            "research_to_sale_ratio": null,
            "price_fair": 0,
            "eps_avg_yearly": 0,
            "eps_latest_yearly": 0,
            "eps_growth_yearly": 0
        },
        "20143": {
            "year_quarter": 20143,
            "year": 2014,
            "quarter": 3,
            "eps": null,
            "eps_growth_year": null,
            "eps_4q": null,
            "eps_4q_growth_year": null,
            "roe": null,
            "roe_4q": 0,
            "gross_profit": null,
            "gross_margin": null,
            "gross_margin_4q_avg": 0,
            "net_income": 61366,
            "net_income_4q": null,
            "revenue": 130013,
            "revenue_4q": null,
            "common_shares": 2300000,
            "book_valuer_per_share": null,
            "book_valuer_per_share_4q_avg": 5.12,
            "equity": 2591747,
            "current_ratio": null,
            "debt_ratio": null,
            "inventory_turnover_ratio": null,
            "account_receivable_turnover_ratio": null,
            "reinvestment_rate": null,
            "research_to_sale_ratio": null,
            "price_fair": 0,
            "eps_avg_yearly": 0,
            "eps_latest_yearly": 0,
            "eps_growth_yearly": 0
        },
        "20144": {
            "year_quarter": 20144,
            "year": 2014,
            "quarter": 4,
            "eps": null,
            "eps_growth_year": null,
            "eps_4q": null,
            "eps_4q_growth_year": null,
            "roe": null,
            "roe_4q": 0,
            "gross_profit": null,
            "gross_margin": null,
            "gross_margin_4q_avg": 0,
            "net_income": -25999,
            "net_income_4q": null,
            "revenue": 44513,
            "revenue_4q": null,
            "common_shares": 2300000,
            "book_valuer_per_share": 11.14,
            "book_valuer_per_share_4q_avg": 5.57,
            "equity": 2562581,
            "current_ratio": 160.06,
            "debt_ratio": 58.23,
            "inventory_turnover_ratio": null,
            "account_receivable_turnover_ratio": null,
            "reinvestment_rate": null,
            "research_to_sale_ratio": null,
            "price_fair": 0,
            "eps_avg_yearly": 0,
            "eps_latest_yearly": 0,
            "eps_growth_yearly": 0
        },
        "20151": {
            "year_quarter": 20151,
            "year": 2015,
            "quarter": 1,
            "eps": 0.35,
            "eps_growth_year": null,
            "eps_4q": 0.35,
            "eps_4q_growth_year": null,
            "roe": 3.11,
            "roe_4q": 3.11,
            "gross_profit": null,
            "gross_margin": null,
            "gross_margin_4q_avg": 0,
            "net_income": 80903,
            "net_income_4q": null,
            "revenue": 159404,
            "revenue_4q": null,
            "common_shares": 2300000,
            "book_valuer_per_share": 11.49,
            "book_valuer_per_share_4q_avg": 8.44,
            "equity": 2643484,
            "current_ratio": 177.9,
            "debt_ratio": 51.58,
            "inventory_turnover_ratio": null,
            "account_receivable_turnover_ratio": 0.14,
            "reinvestment_rate": null,
            "research_to_sale_ratio": null,
            "price_fair": 0,
            "eps_avg_yearly": 0,
            "eps_latest_yearly": 0,
            "eps_growth_yearly": 0
        },
        "20152": {
            "year_quarter": 20152,
            "year": 2015,
            "quarter": 2,
            "eps": 0.12,
            "eps_growth_year": null,
            "eps_4q": 0.47,
            "eps_4q_growth_year": null,
            "roe": 1.04,
            "roe_4q": 4.15,
            "gross_profit": null,
            "gross_margin": null,
            "gross_margin_4q_avg": 0,
            "net_income": 27127,
            "net_income_4q": null,
            "revenue": 90565,
            "revenue_4q": null,
            "common_shares": 2300000,
            "book_valuer_per_share": 11.11,
            "book_valuer_per_share_4q_avg": 8.44,
            "equity": 2555611,
            "current_ratio": 158.36,
            "debt_ratio": 59.06,
            "inventory_turnover_ratio": null,
            "account_receivable_turnover_ratio": 0.08,
            "reinvestment_rate": null,
            "research_to_sale_ratio": null,
            "price_fair": 1.44,
            "eps_avg_yearly": 0.48,
            "eps_latest_yearly": 0.48,
            "eps_growth_yearly": -262.86
        },
        "20153": {
            "year_quarter": 20153,
            "year": 2015,
            "quarter": 3,
            "eps": -0.71,
            "eps_growth_year": null,
            "eps_4q": -0.24,
            "eps_4q_growth_year": null,
            "roe": -6.6,
            "roe_4q": -2.4499999999999997,
            "gross_profit": null,
            "gross_margin": null,
            "gross_margin_4q_avg": 0,
            "net_income": -163310,
            "net_income_4q": null,
            "revenue": -103363,
            "revenue_4q": null,
            "common_shares": 2300000,
            "book_valuer_per_share": 10.4,
            "book_valuer_per_share_4q_avg": 11.04,
            "equity": 2392301,
            "current_ratio": 176.35,
            "debt_ratio": 52.05,
            "inventory_turnover_ratio": null,
            "account_receivable_turnover_ratio": -0.07,
            "reinvestment_rate": null,
            "research_to_sale_ratio": null,
            "price_fair": 1.44,
            "eps_avg_yearly": 0.48,
            "eps_latest_yearly": 0.48,
            "eps_growth_yearly": -262.86
        },
        "20154": {
            "year_quarter": 20154,
            "year": 2015,
            "quarter": 4,
            "eps": 0.82,
            "eps_growth_year": null,
            "eps_4q": 0.58,
            "eps_4q_growth_year": null,
            "roe": 7.57,
            "roe_4q": 5.120000000000001,
            "gross_profit": null,
            "gross_margin": null,
            "gross_margin_4q_avg": 0,
            "net_income": 188328,
            "net_income_4q": null,
            "revenue": 220362,
            "revenue_4q": null,
            "common_shares": 2300000,
            "book_valuer_per_share": 11.23,
            "book_valuer_per_share_4q_avg": 11.06,
            "equity": 2583994,
            "current_ratio": 318.69,
            "debt_ratio": 27.46,
            "inventory_turnover_ratio": null,
            "account_receivable_turnover_ratio": 0.27,
            "reinvestment_rate": null,
            "research_to_sale_ratio": null,
            "price_fair": 1.44,
            "eps_avg_yearly": 0.48,
            "eps_latest_yearly": 0.48,
            "eps_growth_yearly": -262.86
        },
        "20161": {
            "year_quarter": 20161,
            "year": 2016,
            "quarter": 1,
            "eps": 0.2,
            "eps_growth_year": -42.86,
            "eps_4q": 0.41,
            "eps_4q_growth_year": 17.48,
            "roe": 1.79,
            "roe_4q": 3.8,
            "gross_profit": null,
            "gross_margin": null,
            "gross_margin_4q_avg": 0,
            "net_income": 47733,
            "net_income_4q": null,
            "revenue": 103614,
            "revenue_4q": null,
            "common_shares": 2417000,
            "book_valuer_per_share": 11.35,
            "book_valuer_per_share_4q_avg": 11.02,
            "equity": 2743376,
            "current_ratio": 190.76,
            "debt_ratio": 47.34,
            "inventory_turnover_ratio": null,
            "account_receivable_turnover_ratio": 0.12,
            "reinvestment_rate": null,
            "research_to_sale_ratio": null,
            "price_fair": 1.92,
            "eps_avg_yearly": 0.64,
            "eps_latest_yearly": 0.8,
            "eps_growth_yearly": -282.65
        },
        "20162": {
            "year_quarter": 20162,
            "year": 2016,
            "quarter": 2,
            "eps": -0.04,
            "eps_growth_year": -133.33,
            "eps_4q": 0.26,
            "eps_4q_growth_year": -44.63,
            "roe": -0.38,
            "roe_4q": 2.380000000000001,
            "gross_profit": null,
            "gross_margin": null,
            "gross_margin_4q_avg": 0,
            "net_income": -10888,
            "net_income_4q": null,
            "revenue": 49406,
            "revenue_4q": null,
            "common_shares": 2417000,
            "book_valuer_per_share": 11.03,
            "book_valuer_per_share_4q_avg": 11,
            "equity": 3019978,
            "current_ratio": 212.72,
            "debt_ratio": 41.96,
            "inventory_turnover_ratio": null,
            "account_receivable_turnover_ratio": 0.04,
            "reinvestment_rate": null,
            "research_to_sale_ratio": null,
            "price_fair": 1.92,
            "eps_avg_yearly": 0.64,
            "eps_latest_yearly": 0.8,
            "eps_growth_yearly": -282.65
        },
        "20163": {
            "year_quarter": 20163,
            "year": 2016,
            "quarter": 3,
            "eps": 0.39,
            "eps_growth_year": null,
            "eps_4q": 1.33,
            "eps_4q_growth_year": null,
            "roe": 3.31,
            "roe_4q": 12.290000000000001,
            "gross_profit": null,
            "gross_margin": null,
            "gross_margin_4q_avg": 0,
            "net_income": 101515,
            "net_income_4q": null,
            "revenue": 191841,
            "revenue_4q": null,
            "common_shares": 2417000,
            "book_valuer_per_share": 11.42,
            "book_valuer_per_share_4q_avg": 11.26,
            "equity": 3122466,
            "current_ratio": 488.98,
            "debt_ratio": 17.1,
            "inventory_turnover_ratio": null,
            "account_receivable_turnover_ratio": 0.42,
            "reinvestment_rate": null,
            "research_to_sale_ratio": null,
            "price_fair": 1.92,
            "eps_avg_yearly": 0.64,
            "eps_latest_yearly": 0.8,
            "eps_growth_yearly": -282.65
        },
        "20164": {
            "year_quarter": 20164,
            "year": 2016,
            "quarter": 4,
            "eps": -0.05,
            "eps_growth_year": -106.06,
            "eps_4q": 0.5,
            "eps_4q_growth_year": -13.55,
            "roe": -0.27,
            "roe_4q": 4.45,
            "gross_profit": null,
            "gross_margin": null,
            "gross_margin_4q_avg": 0,
            "net_income": -8505,
            "net_income_4q": null,
            "revenue": 60614,
            "revenue_4q": null,
            "common_shares": 2417000,
            "book_valuer_per_share": 11.38,
            "book_valuer_per_share_4q_avg": 11.3,
            "equity": 3116795,
            "current_ratio": 364.84,
            "debt_ratio": 23.44,
            "inventory_turnover_ratio": null,
            "account_receivable_turnover_ratio": 0.19,
            "reinvestment_rate": null,
            "research_to_sale_ratio": null,
            "price_fair": 1.92,
            "eps_avg_yearly": 0.64,
            "eps_latest_yearly": 0.8,
            "eps_growth_yearly": -282.65
        },
        "20171": {
            "year_quarter": 20171,
            "year": 2017,
            "quarter": 1,
            "eps": 0.43,
            "eps_growth_year": 115,
            "eps_4q": 0.73,
            "eps_4q_growth_year": 76.46,
            "roe": 3.52,
            "roe_4q": 6.180000000000001,
            "gross_profit": null,
            "gross_margin": null,
            "gross_margin_4q_avg": 0,
            "net_income": 111798,
            "net_income_4q": null,
            "revenue": 200866,
            "revenue_4q": null,
            "common_shares": 2417000,
            "book_valuer_per_share": 11.82,
            "book_valuer_per_share_4q_avg": 11.41,
            "equity": 3231297,
            "current_ratio": 166.13,
            "debt_ratio": 54.82,
            "inventory_turnover_ratio": null,
            "account_receivable_turnover_ratio": 0.21,
            "reinvestment_rate": null,
            "research_to_sale_ratio": null,
            "price_fair": 1.92,
            "eps_avg_yearly": 0.64,
            "eps_latest_yearly": 0.8,
            "eps_growth_yearly": -282.65
        },
        "20172": {
            "year_quarter": 20172,
            "year": 2017,
            "quarter": 2,
            "eps": 0.57,
            "eps_growth_year": null,
            "eps_4q": 1.34,
            "eps_4q_growth_year": 414.11,
            "roe": 4.79,
            "roe_4q": 11.350000000000001,
            "gross_profit": null,
            "gross_margin": null,
            "gross_margin_4q_avg": 0,
            "net_income": 156514,
            "net_income_4q": null,
            "revenue": 263145,
            "revenue_4q": null,
            "common_shares": 2417000,
            "book_valuer_per_share": 12.05,
            "book_valuer_per_share_4q_avg": 11.67,
            "equity": 3305619,
            "current_ratio": 212.99,
            "debt_ratio": 41.95,
            "inventory_turnover_ratio": null,
            "account_receivable_turnover_ratio": 0.23,
            "reinvestment_rate": null,
            "research_to_sale_ratio": null,
            "price_fair": 3.56,
            "eps_avg_yearly": 1.19,
            "eps_latest_yearly": 2.28,
            "eps_growth_yearly": -145.02
        },
        "20173": {
            "year_quarter": 20173,
            "year": 2017,
            "quarter": 3,
            "eps": 0.53,
            "eps_growth_year": 35.9,
            "eps_4q": 1.47,
            "eps_4q_growth_year": 10.71,
            "roe": 3.76,
            "roe_4q": 11.8,
            "gross_profit": null,
            "gross_margin": null,
            "gross_margin_4q_avg": 0,
            "net_income": 126840,
            "net_income_4q": null,
            "revenue": 248801,
            "revenue_4q": null,
            "common_shares": 2417000,
            "book_valuer_per_share": 12.59,
            "book_valuer_per_share_4q_avg": 11.96,
            "equity": 3436157,
            "current_ratio": 299.25,
            "debt_ratio": 28.72,
            "inventory_turnover_ratio": null,
            "account_receivable_turnover_ratio": 0.39,
            "reinvestment_rate": null,
            "research_to_sale_ratio": null,
            "price_fair": 4.26,
            "eps_avg_yearly": 1.42,
            "eps_latest_yearly": 2.12,
            "eps_growth_yearly": -115.78
        },
        "20174": {
            "year_quarter": 20174,
            "year": 2017,
            "quarter": 4,
            "eps": 0.48,
            "eps_growth_year": null,
            "eps_4q": 2,
            "eps_4q_growth_year": 299.94,
            "roe": 3.34,
            "roe_4q": 15.41,
            "gross_profit": null,
            "gross_margin": null,
            "gross_margin_4q_avg": 0,
            "net_income": 116677,
            "net_income_4q": null,
            "revenue": 258704,
            "revenue_4q": null,
            "common_shares": 2417000,
            "book_valuer_per_share": 13.07,
            "book_valuer_per_share_4q_avg": 12.38,
            "equity": 3551705,
            "current_ratio": 347.63,
            "debt_ratio": 25.2,
            "inventory_turnover_ratio": null,
            "account_receivable_turnover_ratio": 0.72,
            "reinvestment_rate": -4.46,
            "research_to_sale_ratio": null,
            "price_fair": 4.56,
            "eps_avg_yearly": 1.52,
            "eps_latest_yearly": 1.92,
            "eps_growth_yearly": -100.17
        },
        "20181": {
            "year_quarter": 20181,
            "year": 2018,
            "quarter": 1,
            "eps": 0.34,
            "eps_growth_year": -20.93,
            "eps_4q": 1.91,
            "eps_4q_growth_year": 162.42,
            "roe": 2.73,
            "roe_4q": 14.620000000000001,
            "gross_profit": null,
            "gross_margin": null,
            "gross_margin_4q_avg": 0,
            "net_income": 98625,
            "net_income_4q": null,
            "revenue": 203346,
            "revenue_4q": null,
            "common_shares": 2417000,
            "book_valuer_per_share": 13.49,
            "book_valuer_per_share_4q_avg": 12.8,
            "equity": 3677160,
            "current_ratio": 222.07,
            "debt_ratio": 40.17,
            "inventory_turnover_ratio": null,
            "account_receivable_turnover_ratio": 0.38,
            "reinvestment_rate": 28.02,
            "research_to_sale_ratio": null,
            "price_fair": 4.48,
            "eps_avg_yearly": 1.49,
            "eps_latest_yearly": 1.36,
            "eps_growth_yearly": -102.92
        },
        "20182": {
            "year_quarter": 20182,
            "year": 2018,
            "quarter": 2,
            "eps": 0.12,
            "eps_growth_year": -78.95,
            "eps_4q": 1.47,
            "eps_4q_growth_year": 9.9,
            "roe": 1.07,
            "roe_4q": 10.899999999999999,
            "gross_profit": null,
            "gross_margin": null,
            "gross_margin_4q_avg": 0,
            "net_income": 37680,
            "net_income_4q": null,
            "revenue": 122219,
            "revenue_4q": null,
            "common_shares": 2417000,
            "book_valuer_per_share": 12.24,
            "book_valuer_per_share_4q_avg": 12.85,
            "equity": 3358010,
            "current_ratio": 170.05,
            "debt_ratio": 53.02,
            "inventory_turnover_ratio": null,
            "account_receivable_turnover_ratio": 0.12,
            "reinvestment_rate": 20.56,
            "research_to_sale_ratio": null,
            "price_fair": 4.05,
            "eps_avg_yearly": 1.35,
            "eps_latest_yearly": 0.48,
            "eps_growth_yearly": -125.19
        },
        "20183": {
            "year_quarter": 20183,
            "year": 2018,
            "quarter": 3,
            "eps": 0,
            "eps_growth_year": -100,
            "eps_4q": 0.94,
            "eps_4q_growth_year": -36,
            "roe": 0.39,
            "roe_4q": 7.529999999999999,
            "gross_profit": null,
            "gross_margin": null,
            "gross_margin_4q_avg": 0,
            "net_income": 13070,
            "net_income_4q": null,
            "revenue": 69234,
            "revenue_4q": null,
            "common_shares": 2417000,
            "book_valuer_per_share": 12.21,
            "book_valuer_per_share_4q_avg": 12.75,
            "equity": 3376491,
            "current_ratio": 291.39,
            "debt_ratio": 29.65,
            "inventory_turnover_ratio": null,
            "account_receivable_turnover_ratio": 0.09,
            "reinvestment_rate": 28.45,
            "research_to_sale_ratio": null,
            "price_fair": 4.05,
            "eps_avg_yearly": 1.35,
            "eps_latest_yearly": 0.48,
            "eps_growth_yearly": -125.19
        },
        "20184": {
            "year_quarter": 20184,
            "year": 2018,
            "quarter": 4,
            "eps": -0.31,
            "eps_growth_year": -164.38,
            "eps_4q": 0.15,
            "eps_4q_growth_year": -92.32,
            "roe": -2.86,
            "roe_4q": 1.3300000000000003,
            "gross_profit": null,
            "gross_margin": null,
            "gross_margin_4q_avg": 0,
            "net_income": -95344,
            "net_income_4q": null,
            "revenue": -32305,
            "revenue_4q": null,
            "common_shares": 2426090,
            "book_valuer_per_share": 11.93,
            "book_valuer_per_share_4q_avg": 12.47,
            "equity": 3287986,
            "current_ratio": 276.62,
            "debt_ratio": 31.89,
            "inventory_turnover_ratio": null,
            "account_receivable_turnover_ratio": -0.15,
            "reinvestment_rate": 9,
            "research_to_sale_ratio": null,
            "price_fair": 4.05,
            "eps_avg_yearly": 1.35,
            "eps_latest_yearly": 0.48,
            "eps_growth_yearly": -125.19
        },
        "20191": {
            "year_quarter": 20191,
            "year": 2019,
            "quarter": 1,
            "eps": 0.39,
            "eps_growth_year": 14.71,
            "eps_4q": 0.21,
            "eps_4q_growth_year": -89.21,
            "roe": 3.02,
            "roe_4q": 1.62,
            "gross_profit": null,
            "gross_margin": null,
            "gross_margin_4q_avg": 0,
            "net_income": 100814,
            "net_income_4q": null,
            "revenue": 199163,
            "revenue_4q": null,
            "common_shares": 2436475,
            "book_valuer_per_share": 12.3,
            "book_valuer_per_share_4q_avg": 12.17,
            "equity": 3394252,
            "current_ratio": 246.56,
            "debt_ratio": 36.08,
            "inventory_turnover_ratio": null,
            "account_receivable_turnover_ratio": 0.59,
            "reinvestment_rate": 9.31,
            "research_to_sale_ratio": null,
            "price_fair": 4.05,
            "eps_avg_yearly": 1.35,
            "eps_latest_yearly": 0.48,
            "eps_growth_yearly": -125.19
        },
        "20192": {
            "year_quarter": 20192,
            "year": 2019,
            "quarter": 2,
            "eps": 0.02,
            "eps_growth_year": -83.33,
            "eps_4q": 0.11,
            "eps_4q_growth_year": -92.74,
            "roe": 0.04,
            "roe_4q": 0.5900000000000002,
            "gross_profit": null,
            "gross_margin": null,
            "gross_margin_4q_avg": 0,
            "net_income": 1416,
            "net_income_4q": null,
            "revenue": 69260,
            "revenue_4q": null,
            "common_shares": 2436475,
            "book_valuer_per_share": 12.13,
            "book_valuer_per_share_4q_avg": 12.14,
            "equity": 3330960,
            "current_ratio": 229.28,
            "debt_ratio": 38.94,
            "inventory_turnover_ratio": null,
            "account_receivable_turnover_ratio": 0.21,
            "reinvestment_rate": 13.42,
            "research_to_sale_ratio": null,
            "price_fair": 3.87,
            "eps_avg_yearly": 1.29,
            "eps_latest_yearly": 0.08,
            "eps_growth_yearly": -141.86
        },
        "20193": {
            "year_quarter": 20193,
            "year": 2019,
            "quarter": 3,
            "eps": 0.33,
            "eps_growth_year": null,
            "eps_4q": 0.43,
            "eps_4q_growth_year": -54.08,
            "roe": 2.85,
            "roe_4q": 3.0500000000000003,
            "gross_profit": null,
            "gross_margin": null,
            "gross_margin_4q_avg": 0,
            "net_income": 96284,
            "net_income_4q": null,
            "revenue": 192155,
            "revenue_4q": null,
            "common_shares": 2436475,
            "book_valuer_per_share": 12.43,
            "book_valuer_per_share_4q_avg": 12.2,
            "equity": 3432922,
            "current_ratio": 234.88,
            "debt_ratio": 37.41,
            "inventory_turnover_ratio": null,
            "account_receivable_turnover_ratio": 0.85,
            "reinvestment_rate": 15.63,
            "research_to_sale_ratio": null,
            "price_fair": 45.33,
            "eps_avg_yearly": 1.3,
            "eps_latest_yearly": 1.32,
            "eps_growth_yearly": 650.88
        },
        "20194": {
            "year_quarter": 20194,
            "year": 2019,
            "quarter": 4,
            "eps": 0.26,
            "eps_growth_year": null,
            "eps_4q": 1,
            "eps_4q_growth_year": 549.88,
            "roe": 1.93,
            "roe_4q": 7.84,
            "gross_profit": null,
            "gross_margin": null,
            "gross_margin_4q_avg": 0,
            "net_income": 66398,
            "net_income_4q": null,
            "revenue": 171703,
            "revenue_4q": null,
            "common_shares": 2445785,
            "book_valuer_per_share": 12.7,
            "book_valuer_per_share_4q_avg": 12.39,
            "equity": 3443672,
            "current_ratio": 237.52,
            "debt_ratio": 35.92,
            "inventory_turnover_ratio": null,
            "account_receivable_turnover_ratio": 0.81,
            "reinvestment_rate": 16.95,
            "research_to_sale_ratio": null,
            "price_fair": 44.33,
            "eps_avg_yearly": 1.27,
            "eps_latest_yearly": 1.04,
            "eps_growth_yearly": 569.13
        },
        "20201": {
            "year_quarter": 20201,
            "year": 2020,
            "quarter": 1,
            "eps": -0.69,
            "eps_growth_year": -276.92,
            "eps_4q": -0.08,
            "eps_4q_growth_year": -139.66,
            "roe": -5.58,
            "roe_4q": -0.7600000000000002,
            "gross_profit": null,
            "gross_margin": null,
            "gross_margin_4q_avg": 0,
            "net_income": -187022,
            "net_income_4q": null,
            "revenue": -102629,
            "revenue_4q": null,
            "common_shares": 2451550,
            "book_valuer_per_share": 12.01,
            "book_valuer_per_share_4q_avg": 12.32,
            "equity": 3260469,
            "current_ratio": 222.03,
            "debt_ratio": 40.07,
            "inventory_turnover_ratio": null,
            "account_receivable_turnover_ratio": -0.59,
            "reinvestment_rate": 2.8,
            "research_to_sale_ratio": null,
            "price_fair": 46.38,
            "eps_avg_yearly": 1.33,
            "eps_latest_yearly": 1.04,
            "eps_growth_yearly": 678.08
        },
        "20202": {
            "year_quarter": 20202,
            "year": 2020,
            "quarter": 2,
            "eps": 0.95,
            "eps_growth_year": 4650,
            "eps_4q": 0.85,
            "eps_4q_growth_year": 692.43,
            "roe": 8.87,
            "roe_4q": 8.069999999999999,
            "gross_profit": null,
            "gross_margin": null,
            "gross_margin_4q_avg": 0,
            "net_income": 293906,
            "net_income_4q": null,
            "revenue": 388516,
            "revenue_4q": null,
            "common_shares": 2455575,
            "book_valuer_per_share": 12.26,
            "book_valuer_per_share_4q_avg": 12.35,
            "equity": 3364834,
            "current_ratio": 217.56,
            "debt_ratio": 40.97,
            "inventory_turnover_ratio": null,
            "account_receivable_turnover_ratio": 1.99,
            "reinvestment_rate": 23.35,
            "research_to_sale_ratio": null,
            "price_fair": 46.38,
            "eps_avg_yearly": 1.33,
            "eps_latest_yearly": 1.04,
            "eps_growth_yearly": 678.08
        },
        "20203": {
            "year_quarter": 20203,
            "year": 2020,
            "quarter": 3,
            "eps": 0.14,
            "eps_growth_year": -57.58,
            "eps_4q": 0.65,
            "eps_4q_growth_year": 51.47,
            "roe": 0.34,
            "roe_4q": 5.559999999999999,
            "gross_profit": null,
            "gross_margin": null,
            "gross_margin_4q_avg": 0,
            "net_income": 11328,
            "net_income_4q": null,
            "revenue": 110313,
            "revenue_4q": null,
            "common_shares": 2457475,
            "book_valuer_per_share": 12.4,
            "book_valuer_per_share_4q_avg": 12.34,
            "equity": 3388822,
            "current_ratio": 195.2,
            "debt_ratio": 45.9,
            "inventory_turnover_ratio": null,
            "account_receivable_turnover_ratio": 0.56,
            "reinvestment_rate": 19.56,
            "research_to_sale_ratio": null,
            "price_fair": 43.4,
            "eps_avg_yearly": 1.24,
            "eps_latest_yearly": 0.56,
            "eps_growth_yearly": 564.84
        },
        "20204": {
            "year_quarter": 20204,
            "year": 2020,
            "quarter": 4,
            "eps": 0.65,
            "eps_growth_year": 147.7,
            "eps_4q": 1.04,
            "eps_4q_growth_year": 4.21,
            "roe": 4.74,
            "roe_4q": 8.37,
            "gross_profit": null,
            "gross_margin": null,
            "gross_margin_4q_avg": 0,
            "net_income": 164878,
            "net_income_4q": null,
            "revenue": 286505,
            "revenue_4q": null,
            "common_shares": 2466765,
            "book_valuer_per_share": 13.01,
            "book_valuer_per_share_4q_avg": 12.42,
            "equity": 3565380,
            "current_ratio": 173.62,
            "debt_ratio": 51.26,
            "inventory_turnover_ratio": null,
            "account_receivable_turnover_ratio": 1.23,
            "reinvestment_rate": 32.61,
            "research_to_sale_ratio": null,
            "price_fair": 48.16,
            "eps_avg_yearly": 1.38,
            "eps_latest_yearly": 2.6,
            "eps_growth_yearly": 654.07
        },
        "20211": {
            "year_quarter": 20211,
            "year": 2021,
            "quarter": 1,
            "eps": 1.22,
            "eps_growth_year": null,
            "eps_4q": 2.93,
            "eps_4q_growth_year": null,
            "roe": 9.5,
            "roe_4q": 23.45,
            "gross_profit": null,
            "gross_margin": null,
            "gross_margin_4q_avg": 0,
            "net_income": 356329,
            "net_income_4q": null,
            "revenue": 530495,
            "revenue_4q": null,
            "common_shares": 2483665,
            "book_valuer_per_share": 14.25,
            "book_valuer_per_share_4q_avg": 12.98,
            "equity": 3935243,
            "current_ratio": 197.5,
            "debt_ratio": 44.66,
            "inventory_turnover_ratio": null,
            "account_receivable_turnover_ratio": 1.36,
            "reinvestment_rate": 24.19,
            "research_to_sale_ratio": null,
            "price_fair": 59.31,
            "eps_avg_yearly": 1.69,
            "eps_latest_yearly": 4.88,
            "eps_growth_yearly": 626.5
        },
        "20212": {
            "year_quarter": 20212,
            "year": 2021,
            "quarter": 2,
            "eps": 1.57,
            "eps_growth_year": 65.26,
            "eps_4q": 3.14,
            "eps_4q_growth_year": 271.43,
            "roe": 10.68,
            "roe_4q": 25.26,
            "gross_profit": null,
            "gross_margin": null,
            "gross_margin_4q_avg": 0,
            "net_income": 469123,
            "net_income_4q": null,
            "revenue": 650126,
            "revenue_4q": null,
            "common_shares": 2842475,
            "book_valuer_per_share": 15.52,
            "book_valuer_per_share_4q_avg": 13.8,
            "equity": 4848396,
            "current_ratio": 192.24,
            "debt_ratio": 47.24,
            "inventory_turnover_ratio": null,
            "account_receivable_turnover_ratio": 1.11,
            "reinvestment_rate": 23.02,
            "research_to_sale_ratio": null,
            "price_fair": 72.04,
            "eps_avg_yearly": 2.06,
            "eps_latest_yearly": 6.28,
            "eps_growth_yearly": 625.09
        },
        "20213": {
            "year_quarter": 20213,
            "year": 2021,
            "quarter": 3,
            "eps": 0.81,
            "eps_growth_year": 478.57,
            "eps_4q": 3.67,
            "eps_4q_growth_year": 460.26,
            "roe": 3.83,
            "roe_4q": 28.75,
            "gross_profit": null,
            "gross_margin": null,
            "gross_margin_4q_avg": 0,
            "net_income": 189512,
            "net_income_4q": null,
            "revenue": 404050,
            "revenue_4q": null,
            "common_shares": 3001349,
            "book_valuer_per_share": 15.51,
            "book_valuer_per_share_4q_avg": 14.57,
            "equity": 5041233,
            "current_ratio": 165.32,
            "debt_ratio": 55.27,
            "inventory_turnover_ratio": null,
            "account_receivable_turnover_ratio": 0.64,
            "reinvestment_rate": 20.11,
            "research_to_sale_ratio": null,
            "price_fair": 75.6,
            "eps_avg_yearly": 2.16,
            "eps_latest_yearly": 3.24,
            "eps_growth_yearly": 610.04
        },
        "20214": {
            "year_quarter": 20214,
            "year": 2021,
            "quarter": 4,
            "eps": 1.57,
            "eps_growth_year": 142.19,
            "eps_4q": 4.7,
            "eps_4q_growth_year": 352.16,
            "roe": 9.83,
            "roe_4q": 33.84,
            "gross_profit": null,
            "gross_margin": null,
            "gross_margin_4q_avg": 0,
            "net_income": 518869,
            "net_income_4q": null,
            "revenue": 725670,
            "revenue_4q": null,
            "common_shares": 3001349,
            "book_valuer_per_share": 17.14,
            "book_valuer_per_share_4q_avg": 15.61,
            "equity": 5516661,
            "current_ratio": 157.01,
            "debt_ratio": 59.8,
            "inventory_turnover_ratio": null,
            "account_receivable_turnover_ratio": 1.46,
            "reinvestment_rate": 16.07,
            "research_to_sale_ratio": null,
            "price_fair": 89.47,
            "eps_avg_yearly": 2.56,
            "eps_latest_yearly": 6.28,
            "eps_growth_yearly": 647.59
        },
        "20221": {
            "year_quarter": 20221,
            "year": 2022,
            "quarter": 1,
            "eps": 0.24,
            "eps_growth_year": -80.33,
            "eps_4q": 3.94,
            "eps_4q_growth_year": 34.32,
            "roe": 2.28,
            "roe_4q": 26.619999999999997,
            "gross_profit": null,
            "gross_margin": null,
            "gross_margin_4q_avg": 0,
            "net_income": 127610,
            "net_income_4q": null,
            "revenue": 282874,
            "revenue_4q": null,
            "common_shares": 3001349,
            "book_valuer_per_share": 17.54,
            "book_valuer_per_share_4q_avg": 16.43,
            "equity": 5692261,
            "current_ratio": 157.15,
            "debt_ratio": 60.89,
            "inventory_turnover_ratio": null,
            "account_receivable_turnover_ratio": 0.75,
            "reinvestment_rate": 1.68,
            "research_to_sale_ratio": null,
            "price_fair": 88.2,
            "eps_avg_yearly": 2.52,
            "eps_latest_yearly": 0.96,
            "eps_growth_yearly": 627.39
        },
        "20222": {
            "year_quarter": 20222,
            "year": 2022,
            "quarter": 2,
            "eps": -0.92,
            "eps_growth_year": -158.6,
            "eps_4q": 1.41,
            "eps_4q_growth_year": -55.16,
            "roe": -6.06,
            "roe_4q": 9.88,
            "gross_profit": null,
            "gross_margin": null,
            "gross_margin_4q_avg": 0,
            "net_income": -319810,
            "net_income_4q": null,
            "revenue": -221786,
            "revenue_4q": null,
            "common_shares": 3001349,
            "book_valuer_per_share": 15.27,
            "book_valuer_per_share_4q_avg": 16.37,
            "equity": 4859561,
            "current_ratio": 142.51,
            "debt_ratio": 67.11,
            "inventory_turnover_ratio": null,
            "account_receivable_turnover_ratio": -0.67,
            "reinvestment_rate": -11.17,
            "research_to_sale_ratio": null,
            "price_fair": 95.34,
            "eps_avg_yearly": 2.72,
            "eps_latest_yearly": 0.96,
            "eps_growth_yearly": 716.01
        },
        "20223": {
            "year_quarter": 20223,
            "year": 2022,
            "quarter": 3,
            "eps": -0.14,
            "eps_growth_year": -117.28,
            "eps_4q": 0.6,
            "eps_4q_growth_year": -83.66,
            "roe": -0.83,
            "roe_4q": 5.220000000000001,
            "gross_profit": null,
            "gross_margin": null,
            "gross_margin_4q_avg": 0,
            "net_income": -40332,
            "net_income_4q": null,
            "revenue": 83705,
            "revenue_4q": null,
            "common_shares": 3601619,
            "book_valuer_per_share": 12.57,
            "book_valuer_per_share_4q_avg": 15.63,
            "equity": 4812628,
            "current_ratio": 141.18,
            "debt_ratio": 67.89,
            "inventory_turnover_ratio": null,
            "account_receivable_turnover_ratio": 0.23,
            "reinvestment_rate": -8.69,
            "research_to_sale_ratio": null,
            "price_fair": 95.34,
            "eps_avg_yearly": 2.72,
            "eps_latest_yearly": 0.96,
            "eps_growth_yearly": 716.01
        },
        "20224": {
            "year_quarter": 20224,
            "year": 2022,
            "quarter": 4,
            "eps": -0.03,
            "eps_growth_year": -101.81,
            "eps_4q": -0.73,
            "eps_4q_growth_year": -115.63,
            "roe": -0.87,
            "roe_4q": -5.48,
            "gross_profit": null,
            "gross_margin": null,
            "gross_margin_4q_avg": 0,
            "net_income": -41928,
            "net_income_4q": null,
            "revenue": 85989,
            "revenue_4q": null,
            "common_shares": 3601619,
            "book_valuer_per_share": 12.57,
            "book_valuer_per_share_4q_avg": 14.49,
            "equity": 4782345,
            "current_ratio": 170.24,
            "debt_ratio": 55.16,
            "inventory_turnover_ratio": null,
            "account_receivable_turnover_ratio": 0.25,
            "reinvestment_rate": -0.55,
            "research_to_sale_ratio": null,
            "price_fair": 95.34,
            "eps_avg_yearly": 2.72,
            "eps_latest_yearly": 0.96,
            "eps_growth_yearly": 716.01
        },
        "20231": {
            "year_quarter": 20231,
            "year": 2023,
            "quarter": 1,
            "eps": 0.5,
            "eps_growth_year": 108.33,
            "eps_4q": -0.39,
            "eps_4q_growth_year": -109.95,
            "roe": 4.64,
            "roe_4q": -3.12,
            "gross_profit": null,
            "gross_margin": null,
            "gross_margin_4q_avg": 0,
            "net_income": 238404,
            "net_income_4q": null,
            "revenue": 403508,
            "revenue_4q": null,
            "common_shares": 3961619,
            "book_valuer_per_share": 13.1,
            "book_valuer_per_share_4q_avg": 13.38,
            "equity": 5498713,
            "current_ratio": 177.58,
            "debt_ratio": 53.55,
            "inventory_turnover_ratio": null,
            "account_receivable_turnover_ratio": 1.06,
            "reinvestment_rate": -4.47,
            "research_to_sale_ratio": null,
            "price_fair": 95.34,
            "eps_avg_yearly": 2.72,
            "eps_latest_yearly": 0.96,
            "eps_growth_yearly": 716.01
        },
        "20232": {
            "year_quarter": 20232,
            "year": 2023,
            "quarter": 2,
            "eps": 0.3,
            "eps_growth_year": null,
            "eps_4q": 0.61,
            "eps_4q_growth_year": -56.46,
            "roe": 0.96,
            "roe_4q": 3.8999999999999995,
            "gross_profit": null,
            "gross_margin": null,
            "gross_margin_4q_avg": 0,
            "net_income": 52645,
            "net_income_4q": null,
            "revenue": 209447,
            "revenue_4q": null,
            "common_shares": 3961619,
            "book_valuer_per_share": 13.33,
            "book_valuer_per_share_4q_avg": 12.89,
            "equity": 5414834,
            "current_ratio": 175.67,
            "debt_ratio": 53.92,
            "inventory_turnover_ratio": null,
            "account_receivable_turnover_ratio": 0.28,
            "reinvestment_rate": -4.56,
            "research_to_sale_ratio": null,
            "price_fair": 99.26,
            "eps_avg_yearly": 2.84,
            "eps_latest_yearly": 1.2,
            "eps_growth_yearly": 737.96
        }
    },
    "months": {
        "2014-09": {
            "month": "2014-09",
            "price": "11.94",
            "revenue": 2842
        },
        "2014-10": {
            "month": "2014-10",
            "price": "11.24",
            "revenue": -69804
        },
        "2014-11": {
            "month": "2014-11",
            "price": "10.49",
            "revenue": 15330
        },
        "2014-12": {
            "month": "2014-12",
            "price": "10.53",
            "revenue": 93557
        },
        "2015-01": {
            "month": "2015-01",
            "price": "11.06",
            "revenue": 91085
        },
        "2015-02": {
            "month": "2015-02",
            "price": "11.10",
            "revenue": 14664
        },
        "2015-03": {
            "month": "2015-03",
            "price": "11.84",
            "revenue": 21882
        },
        "2015-04": {
            "month": "2015-04",
            "price": "11.80",
            "revenue": 43157
        },
        "2015-05": {
            "month": "2015-05",
            "price": "11.70",
            "revenue": 29154
        },
        "2015-06": {
            "month": "2015-06",
            "price": "11.30",
            "revenue": 49793
        },
        "2015-07": {
            "month": "2015-07",
            "price": "10.46",
            "revenue": -100850
        },
        "2015-08": {
            "month": "2015-08",
            "price": "8.54",
            "revenue": -110651
        },
        "2015-09": {
            "month": "2015-09",
            "price": "8.00",
            "revenue": 119093
        },
        "2015-10": {
            "month": "2015-10",
            "price": "9.43",
            "revenue": 78817
        },
        "2015-11": {
            "month": "2015-11",
            "price": "10.37",
            "revenue": 109110
        },
        "2015-12": {
            "month": "2015-12",
            "price": "10.47",
            "revenue": 31724
        },
        "2016-01": {
            "month": "2016-01",
            "price": "9.47",
            "revenue": 13762
        },
        "2016-02": {
            "month": "2016-02",
            "price": "9.02",
            "revenue": 36159
        },
        "2016-03": {
            "month": "2016-03",
            "price": "8.72",
            "revenue": 53720
        },
        "2016-04": {
            "month": "2016-04",
            "price": "8.48",
            "revenue": -8443
        },
        "2016-05": {
            "month": "2016-05",
            "price": "8.14",
            "revenue": 40870
        },
        "2016-06": {
            "month": "2016-06",
            "price": "8.12",
            "revenue": 16951
        },
        "2016-07": {
            "month": "2016-07",
            "price": "8.13",
            "revenue": 133796
        },
        "2016-08": {
            "month": "2016-08",
            "price": "7.89",
            "revenue": 35215
        },
        "2016-09": {
            "month": "2016-09",
            "price": "7.88",
            "revenue": 22830
        },
        "2016-10": {
            "month": "2016-10",
            "price": "7.66",
            "revenue": -3564
        },
        "2016-11": {
            "month": "2016-11",
            "price": "7.51",
            "revenue": 7604
        },
        "2016-12": {
            "month": "2016-12",
            "price": "7.81",
            "revenue": 56575
        },
        "2017-01": {
            "month": "2017-01",
            "price": "7.91",
            "revenue": 61952
        },
        "2017-02": {
            "month": "2017-02",
            "price": "9.32",
            "revenue": 98666
        },
        "2017-03": {
            "month": "2017-03",
            "price": "9.68",
            "revenue": 40817
        },
        "2017-04": {
            "month": "2017-04",
            "price": "9.15",
            "revenue": 37992
        },
        "2017-05": {
            "month": "2017-05",
            "price": "8.95",
            "revenue": 107142
        },
        "2017-06": {
            "month": "2017-06",
            "price": "9.23",
            "revenue": 117451
        },
        "2017-07": {
            "month": "2017-07",
            "price": "9.55",
            "revenue": 121232
        },
        "2017-08": {
            "month": "2017-08",
            "price": "10.01",
            "revenue": 83758
        },
        "2017-09": {
            "month": "2017-09",
            "price": "12.66",
            "revenue": 44122
        },
        "2017-10": {
            "month": "2017-10",
            "price": "13.19",
            "revenue": 40449
        },
        "2017-11": {
            "month": "2017-11",
            "price": "12.70",
            "revenue": 82479
        },
        "2017-12": {
            "month": "2017-12",
            "price": "13.32",
            "revenue": 136059
        },
        "2018-01": {
            "month": "2018-01",
            "price": "14.39",
            "revenue": 153930
        },
        "2018-02": {
            "month": "2018-02",
            "price": "15.10",
            "revenue": -30688
        },
        "2018-03": {
            "month": "2018-03",
            "price": "15.18",
            "revenue": 103579
        },
        "2018-04": {
            "month": "2018-04",
            "price": "15.35",
            "revenue": -6178
        },
        "2018-05": {
            "month": "2018-05",
            "price": "14.95",
            "revenue": 70706
        },
        "2018-06": {
            "month": "2018-06",
            "price": "14.46",
            "revenue": 34447
        },
        "2018-07": {
            "month": "2018-07",
            "price": "11.66",
            "revenue": 75988
        },
        "2018-08": {
            "month": "2018-08",
            "price": "11.33",
            "revenue": -12063
        },
        "2018-09": {
            "month": "2018-09",
            "price": "10.25",
            "revenue": 5248
        },
        "2018-10": {
            "month": "2018-10",
            "price": "8.62",
            "revenue": -72777
        },
        "2018-11": {
            "month": "2018-11",
            "price": "8.08",
            "revenue": 65260
        },
        "2018-12": {
            "month": "2018-12",
            "price": "8.07",
            "revenue": -24311
        },
        "2019-01": {
            "month": "2019-01",
            "price": "8.18",
            "revenue": 66578
        },
        "2019-02": {
            "month": "2019-02",
            "price": "8.31",
            "revenue": 75252
        },
        "2019-03": {
            "month": "2019-03",
            "price": "8.60",
            "revenue": 57636
        },
        "2019-04": {
            "month": "2019-04",
            "price": "8.54",
            "revenue": 6876
        },
        "2019-05": {
            "month": "2019-05",
            "price": "8.45",
            "revenue": 10168
        },
        "2019-06": {
            "month": "2019-06",
            "price": "8.54",
            "revenue": 52601
        },
        "2019-07": {
            "month": "2019-07",
            "price": "8.44",
            "revenue": 73383
        },
        "2019-08": {
            "month": "2019-08",
            "price": "8.35",
            "revenue": 48059
        },
        "2019-09": {
            "month": "2019-09",
            "price": "8.47",
            "revenue": 70686
        },
        "2019-10": {
            "month": "2019-10",
            "price": "8.72",
            "revenue": 64174
        },
        "2019-11": {
            "month": "2019-11",
            "price": "9.37",
            "revenue": 30438
        },
        "2019-12": {
            "month": "2019-12",
            "price": "9.30",
            "revenue": 76576
        },
        "2020-01": {
            "month": "2020-01",
            "price": "9.33",
            "revenue": 8631
        },
        "2020-02": {
            "month": "2020-02",
            "price": "8.84",
            "revenue": 15355
        },
        "2020-03": {
            "month": "2020-03",
            "price": "7.75",
            "revenue": -126871
        },
        "2020-04": {
            "month": "2020-04",
            "price": "7.89",
            "revenue": 131543
        },
        "2020-05": {
            "month": "2020-05",
            "price": "8.61",
            "revenue": 192562
        },
        "2020-06": {
            "month": "2020-06",
            "price": "8.92",
            "revenue": 64605
        },
        "2020-07": {
            "month": "2020-07",
            "price": "9.70",
            "revenue": 54266
        },
        "2020-08": {
            "month": "2020-08",
            "price": "9.16",
            "revenue": 44905
        },
        "2020-09": {
            "month": "2020-09",
            "price": "9.06",
            "revenue": 12687
        },
        "2020-10": {
            "month": "2020-10",
            "price": "8.50",
            "revenue": 16406
        },
        "2020-11": {
            "month": "2020-11",
            "price": "8.38",
            "revenue": 134092
        },
        "2020-12": {
            "month": "2020-12",
            "price": "9.25",
            "revenue": 180459
        },
        "2021-01": {
            "month": "2021-01",
            "price": "11.00",
            "revenue": 60237
        },
        "2021-02": {
            "month": "2021-02",
            "price": "10.88",
            "revenue": 185753
        },
        "2021-03": {
            "month": "2021-03",
            "price": "13.10",
            "revenue": 284346
        },
        "2021-04": {
            "month": "2021-04",
            "price": "17.02",
            "revenue": 210165
        },
        "2021-05": {
            "month": "2021-05",
            "price": "17.10",
            "revenue": 166797
        },
        "2021-06": {
            "month": "2021-06",
            "price": "17.09",
            "revenue": 273718
        },
        "2021-07": {
            "month": "2021-07",
            "price": "18.07",
            "revenue": -1886
        },
        "2021-08": {
            "month": "2021-08",
            "price": "15.05",
            "revenue": 212843
        },
        "2021-09": {
            "month": "2021-09",
            "price": "14.37",
            "revenue": 199227
        },
        "2021-10": {
            "month": "2021-10",
            "price": "14.66",
            "revenue": 138125
        },
        "2021-11": {
            "month": "2021-11",
            "price": "16.80",
            "revenue": 417107
        },
        "2021-12": {
            "month": "2021-12",
            "price": "19.10",
            "revenue": 172302
        },
        "2022-01": {
            "month": "2022-01",
            "price": "21.28",
            "revenue": 152069
        },
        "2022-02": {
            "month": "2022-02",
            "price": "20.30",
            "revenue": 80934
        },
        "2022-03": {
            "month": "2022-03",
            "price": "20.36",
            "revenue": 49919
        },
        "2022-04": {
            "month": "2022-04",
            "price": "19.84",
            "revenue": -158114
        },
        "2022-05": {
            "month": "2022-05",
            "price": "16.81",
            "revenue": 110230
        },
        "2022-06": {
            "month": "2022-06",
            "price": "16.71",
            "revenue": -177109
        },
        "2022-07": {
            "month": "2022-07",
            "price": "14.72",
            "revenue": -3862
        },
        "2022-08": {
            "month": "2022-08",
            "price": "15.34",
            "revenue": 86846
        },
        "2022-09": {
            "month": "2022-09",
            "price": "13.07",
            "revenue": 3964
        },
        "2022-10": {
            "month": "2022-10",
            "price": "10.12",
            "revenue": -122331
        },
        "2022-11": {
            "month": "2022-11",
            "price": "10.42",
            "revenue": 183950
        },
        "2022-12": {
            "month": "2022-12",
            "price": "10.26",
            "revenue": 29387
        },
        "2023-01": {
            "month": "2023-01",
            "price": "10.06",
            "revenue": 133873
        },
        "2023-02": {
            "month": "2023-02",
            "price": "10.71",
            "revenue": 117091
        },
        "2023-03": {
            "month": "2023-03",
            "price": "10.58",
            "revenue": 153968
        },
        "2023-04": {
            "month": "2023-04",
            "price": "11.58",
            "revenue": 11519
        },
        "2023-05": {
            "month": "2023-05",
            "price": "12.05",
            "revenue": 108587
        },
        "2023-06": {
            "month": "2023-06",
            "price": "13.07",
            "revenue": 85993
        },
        "2023-07": {
            "month": "2023-07",
            "price": "13.33",
            "revenue": 206070
        },
        "2023-08": {
            "month": "2023-08",
            "price": "12.95",
            "revenue": 70091
        },
        "2023-09": {
            "month": "2023-09",
            "price": "12.00",
            "revenue": 73754
        }
    }
}
