{
    "summary": {
        "stock_name": "寬魚國際",
        "stock_id": "6101",
        "category": "文化創意",
        "main_business": "從事影視節目之製作、發行及投資等文創產業。",
        "website_url": "https://kwansinternational.wixsite.com/kwansintern",
        "ceo": "邱漢中",
        "pe_ratio": -824,
        "report_year_from": 2001,
        "report_year_to": 2023,
        "age": 22,
        "eps_negative_percentage": 57,
        "eps_growth_avg": {
            "last_all": -63.55,
            "last_2y": -100,
            "last_4y": -73.61,
            "last_8y": -80.21,
            "last_12y": -84.17,
            "last_16y": -60.12,
            "last_20y": -63.55,
            "at_2006_last_3y": -100,
            "at_2007_last_3y": 100,
            "at_2008_last_3y": 0,
            "at_2009_last_3y": 0,
            "at_2010_last_3y": 0,
            "at_2011_last_3y": -100,
            "at_2012_last_3y": -100,
            "at_2013_last_3y": -100,
            "at_2014_last_3y": -100,
            "at_2015_last_3y": -100,
            "at_2016_last_3y": -100,
            "at_2017_last_3y": -100,
            "at_2018_last_3y": -68.75,
            "at_2019_last_3y": -60.42,
            "at_2020_last_3y": -73.61,
            "at_2021_last_3y": -73.61,
            "at_2022_last_3y": -91.67,
            "at_2023_last_3y": -91.67,
            "at_2006_last_all": -75.57,
            "at_2007_last_all": -17.05,
            "at_2008_last_all": -37.79,
            "at_2009_last_all": -37.79,
            "at_2010_last_all": -37.79,
            "at_2011_last_all": -37.79,
            "at_2012_last_all": -50.23,
            "at_2013_last_all": -50.23,
            "at_2014_last_all": -50.23,
            "at_2015_last_all": -58.52,
            "at_2016_last_all": -58.52,
            "at_2017_last_all": -58.52,
            "at_2018_last_all": -55.52,
            "at_2019_last_all": -59,
            "at_2020_last_all": -63.55,
            "at_2021_last_all": -63.55,
            "at_2022_last_all": -63.55,
            "at_2023_last_all": -63.55
        },
        "latest_eps": -0.04,
        "latest_price": 32.95,
        "latest_roe": -0.43,
        "latest_gross_margin": 15.63,
        "latest_equity": 1091781,
        "latest_revenue": 258422,
        "latest_gross_profit": 40385,
        "latest_net_income": 25671,
        "latest_debt_ratio": 1.75,
        "latest_current_ratio": 3094.9,
        "latest_account_receivable_turnover_ratio": 21.33,
        "latest_inventory_turnover_ratio": null,
        "latest_reinvestment_rate": null,
        "latest_research_to_sale_ratio": null
    },
    "eps_dividends": {
        "1999": {
            "cash": 0,
            "stock": 1,
            "eps": 0
        },
        "2000": {
            "cash": 0,
            "stock": 1.4,
            "eps": 0
        },
        "2001": {
            "cash": 0,
            "stock": 1.64,
            "eps": 3.05
        },
        "2002": {
            "cash": 0.3,
            "stock": 1.9,
            "eps": 1.49
        },
        "2003": {
            "cash": 0.5,
            "stock": 0.5,
            "eps": -0.94
        },
        "2004": {
            "cash": 0,
            "stock": 0,
            "eps": -1.37
        },
        "2005": {
            "cash": 0,
            "stock": 0,
            "eps": -1.46
        },
        "2006": {
            "cash": 0,
            "stock": 0,
            "eps": 0.12
        },
        "2007": {
            "cash": 0,
            "stock": 0,
            "eps": 0.51
        },
        "2008": {
            "cash": 0,
            "stock": 0,
            "eps": -2.62
        },
        "2009": {
            "cash": 0,
            "stock": 0,
            "eps": -4.7
        },
        "2010": {
            "cash": 0,
            "stock": 0,
            "eps": -0.53
        },
        "2011": {
            "cash": 0,
            "stock": 0,
            "eps": 0.51
        },
        "2012": {
            "cash": 0,
            "stock": 0,
            "eps": -0.52
        },
        "2013": {
            "cash": 0,
            "stock": 0,
            "eps": -0.28
        },
        "2014": {
            "cash": 0,
            "stock": 0,
            "eps": 1.12
        },
        "2015": {
            "cash": 0.13,
            "stock": 0.12,
            "eps": -3.27
        },
        "2016": {
            "cash": 0,
            "stock": 0,
            "eps": -2.13
        },
        "2017": {
            "cash": 0,
            "stock": 0,
            "eps": 0.48
        },
        "2018": {
            "cash": 0,
            "stock": 0,
            "eps": 0.3
        },
        "2019": {
            "cash": 0,
            "stock": 0,
            "eps": 0.05
        },
        "2020": {
            "cash": 0,
            "stock": 0,
            "eps": -0.99
        },
        "2021": {
            "cash": 0,
            "stock": 0,
            "eps": -0.63
        },
        "2022": {
            "cash": 0,
            "stock": 0,
            "eps": -0.35
        },
        "2023": {
            "cash": 0,
            "stock": 0,
            "eps": 0.22
        }
    },
    "dividends": {
        "1999-06-30": {
            "cash": 0,
            "stock": 1
        },
        "2000-05-31": {
            "cash": 0,
            "stock": 1.4
        },
        "2001-06-26": {
            "cash": 0,
            "stock": 1.64
        },
        "2002-06-10": {
            "cash": 0.3,
            "stock": 1.9
        },
        "2003-06-27": {
            "cash": 0.5,
            "stock": 0.5
        },
        "2015-11-19": {
            "cash": 0.13,
            "stock": 0.12
        }
    },
    "prices": {
        "200101": "無",
        "200102": "無",
        "200103": "22.10",
        "200104": "23.80",
        "200105": "19.74",
        "200106": "19.66",
        "200107": "18.85",
        "200108": "20.92",
        "200109": "18.55",
        "200110": "20.56",
        "200111": "24.67",
        "200112": "32.52",
        "200201": "35.41",
        "200202": "32.37",
        "200203": "30.88",
        "200204": "30.99",
        "200205": "28.82",
        "200206": "27.03",
        "200207": "22.57",
        "200208": "20.23",
        "200209": "16.51",
        "200210": "14.07",
        "200211": "14.91",
        "200212": "14.78",
        "200301": "14.47",
        "200302": "13.65",
        "200303": "12.82",
        "200304": "11.91",
        "200305": "9.15",
        "200306": "10.58",
        "200307": "11.34",
        "200308": "10.26",
        "200309": "8.11",
        "200310": "8.40",
        "200311": "8.85",
        "200312": "8.86",
        "200401": "8.85",
        "200402": "12.94",
        "200403": "12.86",
        "200404": "12.40",
        "200405": "10.30",
        "200406": "9.13",
        "200407": "8.12",
        "200408": "7.48",
        "200409": "8.46",
        "200410": "8.17",
        "200411": "7.45",
        "200412": "7.44",
        "200501": "6.78",
        "200502": "6.64",
        "200503": "6.65",
        "200504": "5.90",
        "200505": "4.41",
        "200506": "5.16",
        "200507": "5.24",
        "200508": "5.02",
        "200509": "3.87",
        "200510": "3.33",
        "200511": "3.45",
        "200512": "5.01",
        "200601": "7.37",
        "200602": "6.94",
        "200603": "6.02",
        "200604": "6.78",
        "200605": "6.69",
        "200606": "5.66",
        "200607": "5.06",
        "200608": "6.23",
        "200609": "7.34",
        "200610": "10.11",
        "200611": "14.20",
        "200612": "18.73",
        "200701": "16.73",
        "200702": "14.65",
        "200703": "16.52",
        "200704": "17.72",
        "200705": "16.80",
        "200706": "17.35",
        "200707": "24.78",
        "200708": "22.00",
        "200709": "23.51",
        "200710": "20.58",
        "200711": "15.70",
        "200712": "14.33",
        "200801": "11.37",
        "200802": "11.85",
        "200803": "12.27",
        "200804": "12.71",
        "200805": "9.86",
        "200806": "8.27",
        "200807": "6.71",
        "200808": "7.36",
        "200809": "4.84",
        "200810": "4.69",
        "200811": "2.38",
        "200812": "1.97",
        "200901": "1.94",
        "200902": "1.66",
        "200903": "0.82",
        "200904": "1.11",
        "200905": "1.16",
        "200906": "1.68",
        "200907": "1.43",
        "200908": "1.66",
        "200909": "1.86",
        "200910": "1.74",
        "200911": "1.93",
        "200912": "2.46",
        "201001": "3.49",
        "201002": "4.11",
        "201003": "4.82",
        "201004": "9.96",
        "201005": "8.48",
        "201006": "7.73",
        "201007": "7.96",
        "201008": "7.82",
        "201009": "7.57",
        "201010": "7.83",
        "201011": "29.22",
        "201012": "31.71",
        "201101": "28.14",
        "201102": "27.56",
        "201103": "28.49",
        "201104": "27.82",
        "201105": "25.28",
        "201106": "22.97",
        "201107": "20.88",
        "201108": "19.42",
        "201109": "18.91",
        "201110": "17.32",
        "201111": "16.81",
        "201112": "14.11",
        "201201": "14.20",
        "201202": "15.01",
        "201203": "16.46",
        "201204": "15.64",
        "201205": "14.27",
        "201206": "13.52",
        "201207": "13.38",
        "201208": "11.59",
        "201209": "11.84",
        "201210": "9.48",
        "201211": "9.46",
        "201212": "8.94",
        "201301": "9.23",
        "201302": "9.39",
        "201303": "9.21",
        "201304": "9.22",
        "201305": "13.62",
        "201306": "12.11",
        "201307": "12.87",
        "201308": "11.88",
        "201309": "12.62",
        "201310": "12.58",
        "201311": "11.15",
        "201312": "10.28",
        "201401": "11.19",
        "201402": "11.51",
        "201403": "12.57",
        "201404": "13.12",
        "201405": "15.87",
        "201406": "18.33",
        "201407": "29.45",
        "201408": "26.90",
        "201409": "26.68",
        "201410": "29.73",
        "201411": "31.77",
        "201412": "31.32",
        "201501": "30.16",
        "201502": "29.53",
        "201503": "26.35",
        "201504": "24.73",
        "201505": "22.60",
        "201506": "18.82",
        "201507": "16.55",
        "201508": "15.06",
        "201509": "12.67",
        "201510": "16.41",
        "201511": "14.75",
        "201512": "14.43",
        "201601": "23.45",
        "201602": "21.16",
        "201603": "19.38",
        "201604": "19.38",
        "201605": "18.24",
        "201606": "16.65",
        "201607": "14.80",
        "201608": "15.13",
        "201609": "13.63",
        "201610": "15.40",
        "201611": "14.83",
        "201612": "17.04",
        "201701": "19.98",
        "201702": "24.40",
        "201703": "31.72",
        "201704": "30.44",
        "201705": "31.48",
        "201706": "35.62",
        "201707": "34.66",
        "201708": "46.64",
        "201709": "51.12",
        "201710": "45.42",
        "201711": "49.52",
        "201712": "49.48",
        "201801": "50.88",
        "201802": "49.71",
        "201803": "55.61",
        "201804": "82.33",
        "201805": "70.89",
        "201806": "60.14",
        "201807": "50.67",
        "201808": "51.75",
        "201809": "51.96",
        "201810": "38.68",
        "201811": "34.15",
        "201812": "45.75",
        "201901": "49.27",
        "201902": "51.25",
        "201903": "51.38",
        "201904": "57.12",
        "201905": "57.25",
        "201906": "57.97",
        "201907": "56.37",
        "201908": "52.60",
        "201909": "51.15",
        "201910": "48.74",
        "201911": "39.48",
        "201912": "32.88",
        "202001": "32.15",
        "202002": "30.69",
        "202003": "26.66",
        "202004": "25.28",
        "202005": "27.60",
        "202006": "30.79",
        "202007": "29.93",
        "202008": "26.47",
        "202009": "24.80",
        "202010": "24.99",
        "202011": "24.50",
        "202012": "24.31",
        "202101": "24.34",
        "202102": "23.88",
        "202103": "22.72",
        "202104": "22.15",
        "202105": "19.60",
        "202106": "18.70",
        "202107": "19.18",
        "202108": "19.03",
        "202109": "19.61",
        "202110": "19.99",
        "202111": "19.57",
        "202112": "20.43",
        "202201": "22.08",
        "202202": "21.98",
        "202203": "22.03",
        "202204": "22.43",
        "202205": "22.42",
        "202206": "21.78",
        "202207": "21.57",
        "202208": "20.80",
        "202209": "20.64",
        "202210": "24.64",
        "202211": "20.23",
        "202212": "24.76",
        "202301": "25.47",
        "202302": "31.19",
        "202303": "37.55",
        "202304": "48.37",
        "202305": "38.98"
    },
    "quarters": {
        "20011": {
            "year_quarter": 20011,
            "year": 2001,
            "quarter": 1,
            "eps": 0.34,
            "eps_growth_year": -24.44,
            "eps_4q": 1.78,
            "eps_4q_growth_year": null,
            "roe": 2.5,
            "roe_4q": 2.5,
            "gross_profit": 58653,
            "gross_margin": 14.43,
            "gross_margin_4q_avg": 14.43,
            "net_income": 14787,
            "revenue": 406539,
            "common_shares": 428800,
            "book_valuer_per_share": 13.98,
            "book_valuer_per_share_4q_avg": 13.98,
            "equity": 599248,
            "current_ratio": 129.02,
            "debt_ratio": 54.34,
            "inventory_turnover_ratio": 2,
            "account_receivable_turnover_ratio": null,
            "reinvestment_rate": null,
            "research_to_sale_ratio": null,
            "price_fair": 0,
            "eps_avg_yearly": 0,
            "eps_latest_yearly": 0,
            "eps_growth_yearly": 0
        },
        "20012": {
            "year_quarter": 20012,
            "year": 2001,
            "quarter": 2,
            "eps": 0.85,
            "eps_growth_year": 102.38,
            "eps_4q": 2.24,
            "eps_4q_growth_year": null,
            "roe": 5.87,
            "roe_4q": 8.370000000000001,
            "gross_profit": 65538,
            "gross_margin": 19.54,
            "gross_margin_4q_avg": 16.99,
            "net_income": 36240,
            "revenue": 335366,
            "common_shares": 428800,
            "book_valuer_per_share": 14.83,
            "book_valuer_per_share_4q_avg": 14.41,
            "equity": 635722,
            "current_ratio": 141.28,
            "debt_ratio": 49.05,
            "inventory_turnover_ratio": 1.72,
            "account_receivable_turnover_ratio": null,
            "reinvestment_rate": null,
            "research_to_sale_ratio": null,
            "price_fair": 0,
            "eps_avg_yearly": 0,
            "eps_latest_yearly": 0,
            "eps_growth_yearly": 0
        },
        "20013": {
            "year_quarter": 20013,
            "year": 2001,
            "quarter": 3,
            "eps": 1.03,
            "eps_growth_year": 1616.67,
            "eps_4q": 2.89,
            "eps_4q_growth_year": null,
            "roe": 7.78,
            "roe_4q": 16.15,
            "gross_profit": 106580,
            "gross_margin": 25.09,
            "gross_margin_4q_avg": 19.69,
            "net_income": 51466,
            "revenue": 424823,
            "common_shares": 500000,
            "book_valuer_per_share": 13.75,
            "book_valuer_per_share_4q_avg": 14.19,
            "equity": 687311,
            "current_ratio": 159.16,
            "debt_ratio": 44.81,
            "inventory_turnover_ratio": 2.01,
            "account_receivable_turnover_ratio": null,
            "reinvestment_rate": null,
            "research_to_sale_ratio": null,
            "price_fair": 0,
            "eps_avg_yearly": 0,
            "eps_latest_yearly": 0,
            "eps_growth_yearly": 0
        },
        "20014": {
            "year_quarter": 20014,
            "year": 2001,
            "quarter": 4,
            "eps": 0.83,
            "eps_growth_year": -15.31,
            "eps_4q": 2.88,
            "eps_4q_growth_year": 55.77,
            "roe": 5.85,
            "roe_4q": 22,
            "gross_profit": 103533,
            "gross_margin": 24.38,
            "gross_margin_4q_avg": 20.86,
            "net_income": 41426,
            "revenue": 424638,
            "common_shares": 500000,
            "book_valuer_per_share": 14.56,
            "book_valuer_per_share_4q_avg": 14.28,
            "equity": 727884,
            "current_ratio": 167.85,
            "debt_ratio": 42.44,
            "inventory_turnover_ratio": 2.07,
            "account_receivable_turnover_ratio": null,
            "reinvestment_rate": null,
            "research_to_sale_ratio": null,
            "price_fair": 0,
            "eps_avg_yearly": 0,
            "eps_latest_yearly": 0,
            "eps_growth_yearly": 0
        },
        "20021": {
            "year_quarter": 20021,
            "year": 2002,
            "quarter": 1,
            "eps": 0.34,
            "eps_growth_year": 0,
            "eps_4q": 2.95,
            "eps_4q_growth_year": 66.07,
            "roe": 2.29,
            "roe_4q": 21.790000000000003,
            "gross_profit": 52573,
            "gross_margin": 16.45,
            "gross_margin_4q_avg": 21.37,
            "net_income": 16835,
            "revenue": 319628,
            "common_shares": 500000,
            "book_valuer_per_share": 14.91,
            "book_valuer_per_share_4q_avg": 14.51,
            "equity": 745513,
            "current_ratio": 184.26,
            "debt_ratio": 36.85,
            "inventory_turnover_ratio": 2.35,
            "account_receivable_turnover_ratio": null,
            "reinvestment_rate": null,
            "research_to_sale_ratio": null,
            "price_fair": 4.08,
            "eps_avg_yearly": 1.36,
            "eps_latest_yearly": 1.36,
            "eps_growth_yearly": -236.14
        },
        "20022": {
            "year_quarter": 20022,
            "year": 2002,
            "quarter": 2,
            "eps": 0.46,
            "eps_growth_year": -45.88,
            "eps_4q": 2.66,
            "eps_4q_growth_year": 18.77,
            "roe": 2.74,
            "roe_4q": 18.66,
            "gross_profit": 50065,
            "gross_margin": 17.61,
            "gross_margin_4q_avg": 20.88,
            "net_income": 22977,
            "revenue": 284223,
            "common_shares": 560000,
            "book_valuer_per_share": 16.63,
            "book_valuer_per_share_4q_avg": 14.96,
            "equity": 931307,
            "current_ratio": 229.45,
            "debt_ratio": 31.93,
            "inventory_turnover_ratio": 2.82,
            "account_receivable_turnover_ratio": null,
            "reinvestment_rate": null,
            "research_to_sale_ratio": null,
            "price_fair": 4.8,
            "eps_avg_yearly": 1.6,
            "eps_latest_yearly": 1.84,
            "eps_growth_yearly": -47.48
        },
        "20023": {
            "year_quarter": 20023,
            "year": 2002,
            "quarter": 3,
            "eps": 0.37,
            "eps_growth_year": -64.08,
            "eps_4q": 1.66,
            "eps_4q_growth_year": -42.5,
            "roe": 2.47,
            "roe_4q": 13.350000000000001,
            "gross_profit": 48016,
            "gross_margin": 16.65,
            "gross_margin_4q_avg": 18.77,
            "net_income": 23258,
            "revenue": 288346,
            "common_shares": 672800,
            "book_valuer_per_share": 14.2,
            "book_valuer_per_share_4q_avg": 15.08,
            "equity": 955066,
            "current_ratio": 230.37,
            "debt_ratio": 30.22,
            "inventory_turnover_ratio": 2.16,
            "account_receivable_turnover_ratio": null,
            "reinvestment_rate": null,
            "research_to_sale_ratio": null,
            "price_fair": 4.68,
            "eps_avg_yearly": 1.56,
            "eps_latest_yearly": 1.48,
            "eps_growth_yearly": -57.74
        },
        "20024": {
            "year_quarter": 20024,
            "year": 2002,
            "quarter": 4,
            "eps": 0.32,
            "eps_growth_year": -61.45,
            "eps_4q": 1.29,
            "eps_4q_growth_year": -55.16,
            "roe": 2.15,
            "roe_4q": 9.65,
            "gross_profit": 53271,
            "gross_margin": 15.66,
            "gross_margin_4q_avg": 16.59,
            "net_income": 20741,
            "revenue": 340230,
            "common_shares": 672800,
            "book_valuer_per_share": 14.44,
            "book_valuer_per_share_4q_avg": 15.05,
            "equity": 971278,
            "current_ratio": 216.6,
            "debt_ratio": 31.94,
            "inventory_turnover_ratio": 2.03,
            "account_receivable_turnover_ratio": null,
            "reinvestment_rate": null,
            "research_to_sale_ratio": null,
            "price_fair": 4.47,
            "eps_avg_yearly": 1.49,
            "eps_latest_yearly": 1.28,
            "eps_growth_yearly": -56.82
        },
        "20031": {
            "year_quarter": 20031,
            "year": 2003,
            "quarter": 1,
            "eps": -0.07,
            "eps_growth_year": -120.59,
            "eps_4q": 0.87,
            "eps_4q_growth_year": -70.41,
            "roe": -0.51,
            "roe_4q": 6.8500000000000005,
            "gross_profit": 20396,
            "gross_margin": 7.33,
            "gross_margin_4q_avg": 14.31,
            "net_income": -4975,
            "revenue": 278155,
            "common_shares": 672800,
            "book_valuer_per_share": 14.43,
            "book_valuer_per_share_4q_avg": 14.93,
            "equity": 970663,
            "current_ratio": 214.75,
            "debt_ratio": 30.15,
            "inventory_turnover_ratio": 1.76,
            "account_receivable_turnover_ratio": null,
            "reinvestment_rate": null,
            "research_to_sale_ratio": null,
            "price_fair": 4.47,
            "eps_avg_yearly": 1.49,
            "eps_latest_yearly": 1.28,
            "eps_growth_yearly": -56.82
        },
        "20032": {
            "year_quarter": 20032,
            "year": 2003,
            "quarter": 2,
            "eps": -0.38,
            "eps_growth_year": -182.61,
            "eps_4q": 0.2,
            "eps_4q_growth_year": -92.53,
            "roe": -2.73,
            "roe_4q": 1.38,
            "gross_profit": -6759,
            "gross_margin": -2.68,
            "gross_margin_4q_avg": 9.24,
            "net_income": -25670,
            "revenue": 252387,
            "common_shares": 672800,
            "book_valuer_per_share": 13.53,
            "book_valuer_per_share_4q_avg": 14.15,
            "equity": 910627,
            "current_ratio": 184.71,
            "debt_ratio": 30.99,
            "inventory_turnover_ratio": 1.95,
            "account_receivable_turnover_ratio": null,
            "reinvestment_rate": null,
            "research_to_sale_ratio": null,
            "price_fair": 4.47,
            "eps_avg_yearly": 1.49,
            "eps_latest_yearly": 1.28,
            "eps_growth_yearly": -56.82
        },
        "20033": {
            "year_quarter": 20033,
            "year": 2003,
            "quarter": 3,
            "eps": -0.28,
            "eps_growth_year": -175.68,
            "eps_4q": -0.42,
            "eps_4q_growth_year": -125.48,
            "roe": -2.25,
            "roe_4q": -3.3400000000000003,
            "gross_profit": -2403,
            "gross_margin": -0.75,
            "gross_margin_4q_avg": 4.89,
            "net_income": -20184,
            "revenue": 318417,
            "common_shares": 710310,
            "book_valuer_per_share": 12.47,
            "book_valuer_per_share_4q_avg": 13.72,
            "equity": 885573,
            "current_ratio": 142.37,
            "debt_ratio": 38.24,
            "inventory_turnover_ratio": 2.36,
            "account_receivable_turnover_ratio": null,
            "reinvestment_rate": null,
            "research_to_sale_ratio": null,
            "price_fair": 4.47,
            "eps_avg_yearly": 1.49,
            "eps_latest_yearly": 1.28,
            "eps_growth_yearly": -56.82
        },
        "20034": {
            "year_quarter": 20034,
            "year": 2003,
            "quarter": 4,
            "eps": -0.21,
            "eps_growth_year": -165.62,
            "eps_4q": -0.93,
            "eps_4q_growth_year": -171.92,
            "roe": -1.7,
            "roe_4q": -7.1899999999999995,
            "gross_profit": 21767,
            "gross_margin": 6.09,
            "gross_margin_4q_avg": 2.5,
            "net_income": -14890,
            "revenue": 357363,
            "common_shares": 710310,
            "book_valuer_per_share": 12.26,
            "book_valuer_per_share_4q_avg": 13.17,
            "equity": 870822,
            "current_ratio": 143.79,
            "debt_ratio": 41.4,
            "inventory_turnover_ratio": 2.04,
            "account_receivable_turnover_ratio": null,
            "reinvestment_rate": 79.95,
            "research_to_sale_ratio": null,
            "price_fair": 4.47,
            "eps_avg_yearly": 1.49,
            "eps_latest_yearly": 1.28,
            "eps_growth_yearly": -56.82
        },
        "20041": {
            "year_quarter": 20041,
            "year": 2004,
            "quarter": 1,
            "eps": 0.1,
            "eps_growth_year": null,
            "eps_4q": -0.73,
            "eps_4q_growth_year": -183.47,
            "roe": 0.84,
            "roe_4q": -5.84,
            "gross_profit": 32238,
            "gross_margin": 7.76,
            "gross_margin_4q_avg": 2.61,
            "net_income": 7335,
            "revenue": 415265,
            "common_shares": 710310,
            "book_valuer_per_share": 12.36,
            "book_valuer_per_share_4q_avg": 12.66,
            "equity": 877711,
            "current_ratio": 144.81,
            "debt_ratio": 39.93,
            "inventory_turnover_ratio": 2.09,
            "account_receivable_turnover_ratio": null,
            "reinvestment_rate": 79.24,
            "research_to_sale_ratio": null,
            "price_fair": 4.47,
            "eps_avg_yearly": 1.49,
            "eps_latest_yearly": 1.28,
            "eps_growth_yearly": -56.82
        },
        "20042": {
            "year_quarter": 20042,
            "year": 2004,
            "quarter": 2,
            "eps": 0.15,
            "eps_growth_year": null,
            "eps_4q": -0.24,
            "eps_4q_growth_year": -220.55,
            "roe": 1.21,
            "roe_4q": -1.9000000000000001,
            "gross_profit": 26853,
            "gross_margin": 6.98,
            "gross_margin_4q_avg": 5.02,
            "net_income": 10689,
            "revenue": 384712,
            "common_shares": 710310,
            "book_valuer_per_share": 12.51,
            "book_valuer_per_share_4q_avg": 12.4,
            "equity": 888748,
            "current_ratio": 131.9,
            "debt_ratio": 43.63,
            "inventory_turnover_ratio": 1.54,
            "account_receivable_turnover_ratio": null,
            "reinvestment_rate": 97.07,
            "research_to_sale_ratio": null,
            "price_fair": 3.94,
            "eps_avg_yearly": 1.31,
            "eps_latest_yearly": 0.6,
            "eps_growth_yearly": -5.46
        },
        "20043": {
            "year_quarter": 20043,
            "year": 2004,
            "quarter": 3,
            "eps": -0.37,
            "eps_growth_year": null,
            "eps_4q": -0.33,
            "eps_4q_growth_year": null,
            "roe": -3.03,
            "roe_4q": -2.6799999999999997,
            "gross_profit": -714,
            "gross_margin": -0.19,
            "gross_margin_4q_avg": 5.16,
            "net_income": -26397,
            "revenue": 383833,
            "common_shares": 710310,
            "book_valuer_per_share": 12.03,
            "book_valuer_per_share_4q_avg": 12.29,
            "equity": 854492,
            "current_ratio": 123.93,
            "debt_ratio": 45.66,
            "inventory_turnover_ratio": 1.34,
            "account_receivable_turnover_ratio": null,
            "reinvestment_rate": 119.82,
            "research_to_sale_ratio": null,
            "price_fair": 3.94,
            "eps_avg_yearly": 1.31,
            "eps_latest_yearly": 0.6,
            "eps_growth_yearly": -5.46
        },
        "20044": {
            "year_quarter": 20044,
            "year": 2004,
            "quarter": 4,
            "eps": -1.25,
            "eps_growth_year": null,
            "eps_4q": -1.37,
            "eps_4q_growth_year": null,
            "roe": -10.93,
            "roe_4q": -11.91,
            "gross_profit": -26145,
            "gross_margin": -6.07,
            "gross_margin_4q_avg": 2.12,
            "net_income": -87952,
            "revenue": 430517,
            "common_shares": 710310,
            "book_valuer_per_share": 10.62,
            "book_valuer_per_share_4q_avg": 11.88,
            "equity": 754596,
            "current_ratio": 129.64,
            "debt_ratio": 53.09,
            "inventory_turnover_ratio": 1.74,
            "account_receivable_turnover_ratio": null,
            "reinvestment_rate": 362.19,
            "research_to_sale_ratio": null,
            "price_fair": 3.94,
            "eps_avg_yearly": 1.31,
            "eps_latest_yearly": 0.6,
            "eps_growth_yearly": -5.46
        },
        "20051": {
            "year_quarter": 20051,
            "year": 2005,
            "quarter": 1,
            "eps": -0.78,
            "eps_growth_year": -880,
            "eps_4q": -2.29,
            "eps_4q_growth_year": null,
            "roe": -7.35,
            "roe_4q": -20.1,
            "gross_profit": -17850,
            "gross_margin": -4.12,
            "gross_margin_4q_avg": -0.85,
            "net_income": -53485,
            "revenue": 432797,
            "common_shares": 710310,
            "book_valuer_per_share": 9.86,
            "book_valuer_per_share_4q_avg": 11.26,
            "equity": 700189,
            "current_ratio": 110.47,
            "debt_ratio": 54.83,
            "inventory_turnover_ratio": 2.24,
            "account_receivable_turnover_ratio": null,
            "reinvestment_rate": null,
            "research_to_sale_ratio": null,
            "price_fair": 3.94,
            "eps_avg_yearly": 1.31,
            "eps_latest_yearly": 0.6,
            "eps_growth_yearly": -5.46
        },
        "20052": {
            "year_quarter": 20052,
            "year": 2005,
            "quarter": 2,
            "eps": -0.69,
            "eps_growth_year": -560,
            "eps_4q": -3.03,
            "eps_4q_growth_year": null,
            "roe": -7.03,
            "roe_4q": -28.34,
            "gross_profit": -12375,
            "gross_margin": -3.49,
            "gross_margin_4q_avg": -3.47,
            "net_income": -47553,
            "revenue": 354325,
            "common_shares": 710310,
            "book_valuer_per_share": 9.19,
            "book_valuer_per_share_4q_avg": 10.43,
            "equity": 652745,
            "current_ratio": 105.71,
            "debt_ratio": 54.73,
            "inventory_turnover_ratio": 2.34,
            "account_receivable_turnover_ratio": null,
            "reinvestment_rate": null,
            "research_to_sale_ratio": null,
            "price_fair": 3.94,
            "eps_avg_yearly": 1.31,
            "eps_latest_yearly": 0.6,
            "eps_growth_yearly": -5.46
        },
        "20053": {
            "year_quarter": 20053,
            "year": 2005,
            "quarter": 3,
            "eps": -0.08,
            "eps_growth_year": null,
            "eps_4q": -2.73,
            "eps_4q_growth_year": null,
            "roe": -0.81,
            "roe_4q": -26.119999999999997,
            "gross_profit": 10530,
            "gross_margin": 2.86,
            "gross_margin_4q_avg": -2.71,
            "net_income": -5267,
            "revenue": 368542,
            "common_shares": 710310,
            "book_valuer_per_share": 9.19,
            "book_valuer_per_share_4q_avg": 9.72,
            "equity": 652989,
            "current_ratio": 103.77,
            "debt_ratio": 55.97,
            "inventory_turnover_ratio": 2.35,
            "account_receivable_turnover_ratio": null,
            "reinvestment_rate": null,
            "research_to_sale_ratio": null,
            "price_fair": 3.94,
            "eps_avg_yearly": 1.31,
            "eps_latest_yearly": 0.6,
            "eps_growth_yearly": -5.46
        },
        "20054": {
            "year_quarter": 20054,
            "year": 2005,
            "quarter": 4,
            "eps": 0.09,
            "eps_growth_year": null,
            "eps_4q": -1.49,
            "eps_4q_growth_year": null,
            "roe": 0.9,
            "roe_4q": -14.29,
            "gross_profit": 47667,
            "gross_margin": 9.97,
            "gross_margin_4q_avg": 1.31,
            "net_income": 6073,
            "revenue": 478031,
            "common_shares": 843650,
            "book_valuer_per_share": 8.25,
            "book_valuer_per_share_4q_avg": 9.12,
            "equity": 696249,
            "current_ratio": 118.88,
            "debt_ratio": 58.94,
            "inventory_turnover_ratio": 2.25,
            "account_receivable_turnover_ratio": null,
            "reinvestment_rate": null,
            "research_to_sale_ratio": null,
            "price_fair": 3.94,
            "eps_avg_yearly": 1.31,
            "eps_latest_yearly": 0.6,
            "eps_growth_yearly": -5.46
        },
        "20061": {
            "year_quarter": 20061,
            "year": 2006,
            "quarter": 1,
            "eps": 0.02,
            "eps_growth_year": null,
            "eps_4q": -0.68,
            "eps_4q_growth_year": null,
            "roe": 0.19,
            "roe_4q": -6.75,
            "gross_profit": 32923,
            "gross_margin": 6.44,
            "gross_margin_4q_avg": 3.95,
            "net_income": 1331,
            "revenue": 511139,
            "common_shares": 843650,
            "book_valuer_per_share": 8.3,
            "book_valuer_per_share_4q_avg": 8.73,
            "equity": 699987,
            "current_ratio": 112.83,
            "debt_ratio": 56.73,
            "inventory_turnover_ratio": 2.04,
            "account_receivable_turnover_ratio": null,
            "reinvestment_rate": null,
            "research_to_sale_ratio": null,
            "price_fair": 3.17,
            "eps_avg_yearly": 1.06,
            "eps_latest_yearly": 0.08,
            "eps_growth_yearly": -20.45
        },
        "20062": {
            "year_quarter": 20062,
            "year": 2006,
            "quarter": 2,
            "eps": -0.34,
            "eps_growth_year": null,
            "eps_4q": -0.31,
            "eps_4q_growth_year": null,
            "roe": -4.07,
            "roe_4q": -3.7900000000000005,
            "gross_profit": 17652,
            "gross_margin": 3.84,
            "gross_margin_4q_avg": 5.78,
            "net_income": -27944,
            "revenue": 459341,
            "common_shares": 843650,
            "book_valuer_per_share": 7.96,
            "book_valuer_per_share_4q_avg": 8.43,
            "equity": 671861,
            "current_ratio": 109.51,
            "debt_ratio": 56.82,
            "inventory_turnover_ratio": 1.89,
            "account_receivable_turnover_ratio": null,
            "reinvestment_rate": null,
            "research_to_sale_ratio": null,
            "price_fair": 2.58,
            "eps_avg_yearly": 0.86,
            "eps_latest_yearly": 0.08,
            "eps_growth_yearly": -60.86
        },
        "20063": {
            "year_quarter": 20063,
            "year": 2006,
            "quarter": 3,
            "eps": 0.33,
            "eps_growth_year": null,
            "eps_4q": 0.09,
            "eps_4q_growth_year": null,
            "roe": 3.78,
            "roe_4q": 0.7999999999999996,
            "gross_profit": 57339,
            "gross_margin": 9.3,
            "gross_margin_4q_avg": 7.39,
            "net_income": 28276,
            "revenue": 616468,
            "common_shares": 1043650,
            "book_valuer_per_share": 7.9,
            "book_valuer_per_share_4q_avg": 8.1,
            "equity": 824516,
            "current_ratio": 116.93,
            "debt_ratio": 58.23,
            "inventory_turnover_ratio": 2.43,
            "account_receivable_turnover_ratio": null,
            "reinvestment_rate": null,
            "research_to_sale_ratio": null,
            "price_fair": 1.96,
            "eps_avg_yearly": 0.65,
            "eps_latest_yearly": 0.08,
            "eps_growth_yearly": -55.06
        },
        "20064": {
            "year_quarter": 20064,
            "year": 2006,
            "quarter": 4,
            "eps": 0.11,
            "eps_growth_year": 22.22,
            "eps_4q": 0.13,
            "eps_4q_growth_year": null,
            "roe": 1.11,
            "roe_4q": 1.0099999999999993,
            "gross_profit": 63917,
            "gross_margin": 8.79,
            "gross_margin_4q_avg": 7.09,
            "net_income": 9228,
            "revenue": 727265,
            "common_shares": 1043650,
            "book_valuer_per_share": 8.03,
            "book_valuer_per_share_4q_avg": 8.05,
            "equity": 837546,
            "current_ratio": 110.83,
            "debt_ratio": 61.24,
            "inventory_turnover_ratio": 2.22,
            "account_receivable_turnover_ratio": null,
            "reinvestment_rate": null,
            "research_to_sale_ratio": null,
            "price_fair": 1.12,
            "eps_avg_yearly": 0.37,
            "eps_latest_yearly": 0.44,
            "eps_growth_yearly": -125.93
        },
        "20071": {
            "year_quarter": 20071,
            "year": 2007,
            "quarter": 1,
            "eps": 0.39,
            "eps_growth_year": 1850,
            "eps_4q": 0.48,
            "eps_4q_growth_year": null,
            "roe": 4.57,
            "roe_4q": 5.390000000000001,
            "gross_profit": 68280,
            "gross_margin": 9.18,
            "gross_margin_4q_avg": 7.78,
            "net_income": 39436,
            "revenue": 743984,
            "common_shares": 1043650,
            "book_valuer_per_share": 8.5,
            "book_valuer_per_share_4q_avg": 8.1,
            "equity": 887435,
            "current_ratio": 102.7,
            "debt_ratio": 62.55,
            "inventory_turnover_ratio": 2.14,
            "account_receivable_turnover_ratio": null,
            "reinvestment_rate": null,
            "research_to_sale_ratio": null,
            "price_fair": 23.45,
            "eps_avg_yearly": 0.67,
            "eps_latest_yearly": 1.56,
            "eps_growth_yearly": 160.1
        },
        "20072": {
            "year_quarter": 20072,
            "year": 2007,
            "quarter": 2,
            "eps": 0.2,
            "eps_growth_year": null,
            "eps_4q": 0.94,
            "eps_4q_growth_year": null,
            "roe": 2.27,
            "roe_4q": 11.73,
            "gross_profit": 86207,
            "gross_margin": 11.27,
            "gross_margin_4q_avg": 9.64,
            "net_income": 20763,
            "revenue": 764842,
            "common_shares": 1043650,
            "book_valuer_per_share": 9,
            "book_valuer_per_share_4q_avg": 8.36,
            "equity": 938950,
            "current_ratio": 106.98,
            "debt_ratio": 58.16,
            "inventory_turnover_ratio": 2.51,
            "account_receivable_turnover_ratio": null,
            "reinvestment_rate": null,
            "research_to_sale_ratio": null,
            "price_fair": 24.36,
            "eps_avg_yearly": 0.7,
            "eps_latest_yearly": 0.8,
            "eps_growth_yearly": 89.11
        },
        "20073": {
            "year_quarter": 20073,
            "year": 2007,
            "quarter": 3,
            "eps": 0.28,
            "eps_growth_year": -15.15,
            "eps_4q": 0.96,
            "eps_4q_growth_year": 961.25,
            "roe": 3,
            "roe_4q": 10.95,
            "gross_profit": 104929,
            "gross_margin": 12.22,
            "gross_margin_4q_avg": 10.37,
            "net_income": 28666,
            "revenue": 858632,
            "common_shares": 1043650,
            "book_valuer_per_share": 9.32,
            "book_valuer_per_share_4q_avg": 8.71,
            "equity": 972400,
            "current_ratio": 110.32,
            "debt_ratio": 61.03,
            "inventory_turnover_ratio": 2.82,
            "account_receivable_turnover_ratio": null,
            "reinvestment_rate": null,
            "research_to_sale_ratio": null,
            "price_fair": 26.83,
            "eps_avg_yearly": 0.77,
            "eps_latest_yearly": 1.12,
            "eps_growth_yearly": 100.92
        },
        "20074": {
            "year_quarter": 20074,
            "year": 2007,
            "quarter": 4,
            "eps": -0.36,
            "eps_growth_year": -427.27,
            "eps_4q": 0.67,
            "eps_4q_growth_year": 419.42,
            "roe": -3.64,
            "roe_4q": 6.2,
            "gross_profit": 42128,
            "gross_margin": 4.82,
            "gross_margin_4q_avg": 9.37,
            "net_income": -37445,
            "revenue": 873941,
            "common_shares": 1043650,
            "book_valuer_per_share": 8.99,
            "book_valuer_per_share_4q_avg": 8.95,
            "equity": 1083262,
            "current_ratio": 96.27,
            "debt_ratio": 66.62,
            "inventory_turnover_ratio": 2.58,
            "account_receivable_turnover_ratio": null,
            "reinvestment_rate": null,
            "research_to_sale_ratio": null,
            "price_fair": 26.83,
            "eps_avg_yearly": 0.77,
            "eps_latest_yearly": 1.12,
            "eps_growth_yearly": 100.92
        },
        "20081": {
            "year_quarter": 20081,
            "year": 2008,
            "quarter": 1,
            "eps": -0.69,
            "eps_growth_year": -276.92,
            "eps_4q": -0.48,
            "eps_4q_growth_year": -199.38,
            "roe": -8.35,
            "roe_4q": -6.720000000000001,
            "gross_profit": 19509,
            "gross_margin": 2.02,
            "gross_margin_4q_avg": 7.58,
            "net_income": -86314,
            "revenue": 963992,
            "common_shares": 1043650,
            "book_valuer_per_share": 8.21,
            "book_valuer_per_share_4q_avg": 8.88,
            "equity": 984631,
            "current_ratio": 96.36,
            "debt_ratio": 71.23,
            "inventory_turnover_ratio": 2.39,
            "account_receivable_turnover_ratio": null,
            "reinvestment_rate": null,
            "research_to_sale_ratio": null,
            "price_fair": 26.83,
            "eps_avg_yearly": 0.77,
            "eps_latest_yearly": 1.12,
            "eps_growth_yearly": 100.92
        },
        "20082": {
            "year_quarter": 20082,
            "year": 2008,
            "quarter": 2,
            "eps": -0.74,
            "eps_growth_year": -470,
            "eps_4q": -1.52,
            "eps_4q_growth_year": -261.51,
            "roe": -10.64,
            "roe_4q": -19.630000000000003,
            "gross_profit": -16562,
            "gross_margin": -2.05,
            "gross_margin_4q_avg": 4.25,
            "net_income": -99810,
            "revenue": 809836,
            "common_shares": 1043650,
            "book_valuer_per_share": 7.5,
            "book_valuer_per_share_4q_avg": 8.51,
            "equity": 891426,
            "current_ratio": 85.51,
            "debt_ratio": 74.06,
            "inventory_turnover_ratio": 1.95,
            "account_receivable_turnover_ratio": null,
            "reinvestment_rate": null,
            "research_to_sale_ratio": null,
            "price_fair": 28,
            "eps_avg_yearly": 0.8,
            "eps_latest_yearly": 1.12,
            "eps_growth_yearly": 81.11
        },
        "20083": {
            "year_quarter": 20083,
            "year": 2008,
            "quarter": 3,
            "eps": -0.42,
            "eps_growth_year": -250,
            "eps_4q": -2.22,
            "eps_4q_growth_year": -331.3,
            "roe": -6.22,
            "roe_4q": -28.85,
            "gross_profit": -11096,
            "gross_margin": -1.07,
            "gross_margin_4q_avg": 0.93,
            "net_income": -54433,
            "revenue": 1032526,
            "common_shares": 1043650,
            "book_valuer_per_share": 7.22,
            "book_valuer_per_share_4q_avg": 7.98,
            "equity": 858112,
            "current_ratio": 83.22,
            "debt_ratio": 76.65,
            "inventory_turnover_ratio": 2.64,
            "account_receivable_turnover_ratio": null,
            "reinvestment_rate": null,
            "research_to_sale_ratio": null,
            "price_fair": 28,
            "eps_avg_yearly": 0.8,
            "eps_latest_yearly": 1.12,
            "eps_growth_yearly": 81.11
        },
        "20084": {
            "year_quarter": 20084,
            "year": 2008,
            "quarter": 4,
            "eps": -0.77,
            "eps_growth_year": null,
            "eps_4q": -2.11,
            "eps_4q_growth_year": -413.34,
            "roe": -12.55,
            "roe_4q": -37.76,
            "gross_profit": -26320,
            "gross_margin": -3.69,
            "gross_margin_4q_avg": -1.2,
            "net_income": -101402,
            "revenue": 713659,
            "common_shares": 1043650,
            "book_valuer_per_share": 6.44,
            "book_valuer_per_share_4q_avg": 7.34,
            "equity": 757625,
            "current_ratio": 56.3,
            "debt_ratio": 77.54,
            "inventory_turnover_ratio": 2.33,
            "account_receivable_turnover_ratio": 1.77,
            "reinvestment_rate": null,
            "research_to_sale_ratio": null,
            "price_fair": 28,
            "eps_avg_yearly": 0.8,
            "eps_latest_yearly": 1.12,
            "eps_growth_yearly": 81.11
        },
        "20091": {
            "year_quarter": 20091,
            "year": 2009,
            "quarter": 1,
            "eps": -0.53,
            "eps_growth_year": null,
            "eps_4q": -2.47,
            "eps_4q_growth_year": null,
            "roe": -9.5,
            "roe_4q": -38.91,
            "gross_profit": -37770,
            "gross_margin": -11.41,
            "gross_margin_4q_avg": -4.56,
            "net_income": -65560,
            "revenue": 330943,
            "common_shares": 1043650,
            "book_valuer_per_share": 5.96,
            "book_valuer_per_share_4q_avg": 6.78,
            "equity": 622380,
            "current_ratio": 102.23,
            "debt_ratio": 56.77,
            "inventory_turnover_ratio": 1.87,
            "account_receivable_turnover_ratio": 0.58,
            "reinvestment_rate": null,
            "research_to_sale_ratio": null,
            "price_fair": 28,
            "eps_avg_yearly": 0.8,
            "eps_latest_yearly": 1.12,
            "eps_growth_yearly": 81.11
        },
        "20092": {
            "year_quarter": 20092,
            "year": 2009,
            "quarter": 2,
            "eps": -2.06,
            "eps_growth_year": null,
            "eps_4q": -3.78,
            "eps_4q_growth_year": null,
            "roe": -41.79,
            "roe_4q": -70.06,
            "gross_profit": -84292,
            "gross_margin": -87.23,
            "gross_margin_4q_avg": -25.85,
            "net_income": -214622,
            "revenue": 96628,
            "common_shares": 1043650,
            "book_valuer_per_share": 3.88,
            "book_valuer_per_share_4q_avg": 5.88,
            "equity": 404694,
            "current_ratio": 84.53,
            "debt_ratio": 65.09,
            "inventory_turnover_ratio": 1.99,
            "account_receivable_turnover_ratio": 0.38,
            "reinvestment_rate": null,
            "research_to_sale_ratio": null,
            "price_fair": 28,
            "eps_avg_yearly": 0.8,
            "eps_latest_yearly": 1.12,
            "eps_growth_yearly": 81.11
        },
        "20093": {
            "year_quarter": 20093,
            "year": 2009,
            "quarter": 3,
            "eps": -0.6,
            "eps_growth_year": null,
            "eps_4q": -3.96,
            "eps_4q_growth_year": null,
            "roe": -16.54,
            "roe_4q": -80.38,
            "gross_profit": -17389,
            "gross_margin": -11.49,
            "gross_margin_4q_avg": -28.46,
            "net_income": -62130,
            "revenue": 151288,
            "common_shares": 1043650,
            "book_valuer_per_share": 3.32,
            "book_valuer_per_share_4q_avg": 4.9,
            "equity": 346474,
            "current_ratio": 80.59,
            "debt_ratio": 66.84,
            "inventory_turnover_ratio": 2.56,
            "account_receivable_turnover_ratio": 0.92,
            "reinvestment_rate": null,
            "research_to_sale_ratio": null,
            "price_fair": 28,
            "eps_avg_yearly": 0.8,
            "eps_latest_yearly": 1.12,
            "eps_growth_yearly": 81.11
        },
        "20094": {
            "year_quarter": 20094,
            "year": 2009,
            "quarter": 4,
            "eps": -1.51,
            "eps_growth_year": null,
            "eps_4q": -4.69,
            "eps_4q_growth_year": null,
            "roe": -58.99,
            "roe_4q": -126.82,
            "gross_profit": -13861,
            "gross_margin": -9.03,
            "gross_margin_4q_avg": -29.79,
            "net_income": -157475,
            "revenue": 153582,
            "common_shares": 1043650,
            "book_valuer_per_share": 1.8,
            "book_valuer_per_share_4q_avg": 3.74,
            "equity": 187449,
            "current_ratio": 59.06,
            "debt_ratio": 74.37,
            "inventory_turnover_ratio": 2.6,
            "account_receivable_turnover_ratio": 1.98,
            "reinvestment_rate": null,
            "research_to_sale_ratio": null,
            "price_fair": 28,
            "eps_avg_yearly": 0.8,
            "eps_latest_yearly": 1.12,
            "eps_growth_yearly": 81.11
        },
        "20101": {
            "year_quarter": 20101,
            "year": 2010,
            "quarter": 1,
            "eps": -0.31,
            "eps_growth_year": null,
            "eps_4q": -4.48,
            "eps_4q_growth_year": null,
            "roe": -19,
            "roe_4q": -136.32,
            "gross_profit": -8771,
            "gross_margin": -5.83,
            "gross_margin_4q_avg": -28.4,
            "net_income": -32537,
            "revenue": 150530,
            "common_shares": 1043650,
            "book_valuer_per_share": 1.49,
            "book_valuer_per_share_4q_avg": 2.62,
            "equity": 155125,
            "current_ratio": 55.54,
            "debt_ratio": 77.81,
            "inventory_turnover_ratio": 2.6,
            "account_receivable_turnover_ratio": 1.05,
            "reinvestment_rate": null,
            "research_to_sale_ratio": 0.62,
            "price_fair": 34.3,
            "eps_avg_yearly": 0.98,
            "eps_latest_yearly": 1.12,
            "eps_growth_yearly": 179.16
        },
        "20102": {
            "year_quarter": 20102,
            "year": 2010,
            "quarter": 2,
            "eps": 0.05,
            "eps_growth_year": null,
            "eps_4q": -1.07,
            "eps_4q_growth_year": null,
            "roe": 3.35,
            "roe_4q": -91.18,
            "gross_profit": -3994,
            "gross_margin": -1.83,
            "gross_margin_4q_avg": -7.05,
            "net_income": 11510,
            "revenue": 218480,
            "common_shares": 2243650,
            "book_valuer_per_share": 2.38,
            "book_valuer_per_share_4q_avg": 2.25,
            "equity": 533002,
            "current_ratio": 163.28,
            "debt_ratio": 31.67,
            "inventory_turnover_ratio": 3,
            "account_receivable_turnover_ratio": 1.3,
            "reinvestment_rate": null,
            "research_to_sale_ratio": 0.28,
            "price_fair": 34.3,
            "eps_avg_yearly": 0.98,
            "eps_latest_yearly": 1.12,
            "eps_growth_yearly": 179.16
        },
        "20103": {
            "year_quarter": 20103,
            "year": 2010,
            "quarter": 3,
            "eps": -0.18,
            "eps_growth_year": null,
            "eps_4q": -3.3,
            "eps_4q_growth_year": null,
            "roe": -1.87,
            "roe_4q": -76.51,
            "gross_profit": -211,
            "gross_margin": -0.07,
            "gross_margin_4q_avg": -4.19,
            "net_income": -10101,
            "revenue": 314305,
            "common_shares": 570912,
            "book_valuer_per_share": 9.62,
            "book_valuer_per_share_4q_avg": 3.82,
            "equity": 549002,
            "current_ratio": 160,
            "debt_ratio": 37.9,
            "inventory_turnover_ratio": 4.21,
            "account_receivable_turnover_ratio": 1.17,
            "reinvestment_rate": null,
            "research_to_sale_ratio": 0,
            "price_fair": 34.3,
            "eps_avg_yearly": 0.98,
            "eps_latest_yearly": 1.12,
            "eps_growth_yearly": 179.16
        },
        "20104": {
            "year_quarter": 20104,
            "year": 2010,
            "quarter": 4,
            "eps": -0.09,
            "eps_growth_year": null,
            "eps_4q": -0.63,
            "eps_4q_growth_year": null,
            "roe": -0.91,
            "roe_4q": -18.43,
            "gross_profit": 16167,
            "gross_margin": 4.89,
            "gross_margin_4q_avg": -0.71,
            "net_income": -5000,
            "revenue": 330458,
            "common_shares": 570912,
            "book_valuer_per_share": 9.58,
            "book_valuer_per_share_4q_avg": 5.77,
            "equity": 546794,
            "current_ratio": 114.97,
            "debt_ratio": 46.82,
            "inventory_turnover_ratio": 4.32,
            "account_receivable_turnover_ratio": 1,
            "reinvestment_rate": null,
            "research_to_sale_ratio": 0,
            "price_fair": 40.6,
            "eps_avg_yearly": 1.16,
            "eps_latest_yearly": 1.12,
            "eps_growth_yearly": 327.77
        },
        "20111": {
            "year_quarter": 20111,
            "year": 2011,
            "quarter": 1,
            "eps": 0.36,
            "eps_growth_year": null,
            "eps_4q": 0.29,
            "eps_4q_growth_year": null,
            "roe": 3.66,
            "roe_4q": 4.23,
            "gross_profit": 28012,
            "gross_margin": 7.39,
            "gross_margin_4q_avg": 2.6,
            "net_income": 20373,
            "revenue": 378940,
            "common_shares": 570912,
            "book_valuer_per_share": 9.93,
            "book_valuer_per_share_4q_avg": 7.88,
            "equity": 566824,
            "current_ratio": 115.54,
            "debt_ratio": 51.19,
            "inventory_turnover_ratio": 4.24,
            "account_receivable_turnover_ratio": 1.03,
            "reinvestment_rate": null,
            "research_to_sale_ratio": 0,
            "price_fair": 2.88,
            "eps_avg_yearly": 0.96,
            "eps_latest_yearly": 1.12,
            "eps_growth_yearly": -17.44
        },
        "20112": {
            "year_quarter": 20112,
            "year": 2011,
            "quarter": 2,
            "eps": 0.03,
            "eps_growth_year": -37.86,
            "eps_4q": 0.12,
            "eps_4q_growth_year": null,
            "roe": 0.32,
            "roe_4q": 1.1999999999999997,
            "gross_profit": 14119,
            "gross_margin": 3.93,
            "gross_margin_4q_avg": 4.04,
            "net_income": 1820,
            "revenue": 359636,
            "common_shares": 570912,
            "book_valuer_per_share": 9.98,
            "book_valuer_per_share_4q_avg": 9.78,
            "equity": 569501,
            "current_ratio": 117.97,
            "debt_ratio": 48.66,
            "inventory_turnover_ratio": 3.83,
            "account_receivable_turnover_ratio": 0.92,
            "reinvestment_rate": null,
            "research_to_sale_ratio": 0,
            "price_fair": 1.86,
            "eps_avg_yearly": 0.62,
            "eps_latest_yearly": 0.12,
            "eps_growth_yearly": -103.33
        },
        "20113": {
            "year_quarter": 20113,
            "year": 2011,
            "quarter": 3,
            "eps": 0.07,
            "eps_growth_year": null,
            "eps_4q": 0.37,
            "eps_4q_growth_year": null,
            "roe": 0.71,
            "roe_4q": 3.7800000000000002,
            "gross_profit": 16238,
            "gross_margin": 3.74,
            "gross_margin_4q_avg": 4.99,
            "net_income": 4059,
            "revenue": 434303,
            "common_shares": 570912,
            "book_valuer_per_share": 10.02,
            "book_valuer_per_share_4q_avg": 9.88,
            "equity": 572282,
            "current_ratio": 114.56,
            "debt_ratio": 53.81,
            "inventory_turnover_ratio": 4.57,
            "account_receivable_turnover_ratio": 1.01,
            "reinvestment_rate": null,
            "research_to_sale_ratio": 0,
            "price_fair": 7,
            "eps_avg_yearly": 0.2,
            "eps_latest_yearly": 0.28,
            "eps_growth_yearly": 83.33
        },
        "20114": {
            "year_quarter": 20114,
            "year": 2011,
            "quarter": 4,
            "eps": 0.05,
            "eps_growth_year": null,
            "eps_4q": 0.51,
            "eps_4q_growth_year": null,
            "roe": 0.53,
            "roe_4q": 5.220000000000001,
            "gross_profit": 6264,
            "gross_margin": 2.39,
            "gross_margin_4q_avg": 4.36,
            "net_income": 3048,
            "revenue": 262253,
            "common_shares": 570912,
            "book_valuer_per_share": 10.06,
            "book_valuer_per_share_4q_avg": 10,
            "equity": 574482,
            "current_ratio": 112.88,
            "debt_ratio": 40.88,
            "inventory_turnover_ratio": 2.86,
            "account_receivable_turnover_ratio": 0.69,
            "reinvestment_rate": null,
            "research_to_sale_ratio": 0,
            "price_fair": 5.49,
            "eps_avg_yearly": 0.2,
            "eps_latest_yearly": 0.2,
            "eps_growth_yearly": 17.46
        },
        "20121": {
            "year_quarter": 20121,
            "year": 2012,
            "quarter": 1,
            "eps": -0.49,
            "eps_growth_year": -236.11,
            "eps_4q": -0.33,
            "eps_4q_growth_year": -213.9,
            "roe": -5.01,
            "roe_4q": -3.4499999999999997,
            "gross_profit": -20822,
            "gross_margin": -8.68,
            "gross_margin_4q_avg": 0.35,
            "net_income": -28042,
            "revenue": 239857,
            "common_shares": 570912,
            "book_valuer_per_share": 9.56,
            "book_valuer_per_share_4q_avg": 9.91,
            "equity": 546003,
            "current_ratio": 108.1,
            "debt_ratio": 43.1,
            "inventory_turnover_ratio": 2.34,
            "account_receivable_turnover_ratio": 0.91,
            "reinvestment_rate": null,
            "research_to_sale_ratio": null,
            "price_fair": 5.49,
            "eps_avg_yearly": 0.2,
            "eps_latest_yearly": 0.2,
            "eps_growth_yearly": 17.46
        },
        "20122": {
            "year_quarter": 20122,
            "year": 2012,
            "quarter": 2,
            "eps": 0.42,
            "eps_growth_year": 1226.15,
            "eps_4q": 0.06,
            "eps_4q_growth_year": -54.86,
            "roe": 4.32,
            "roe_4q": 0.5500000000000005,
            "gross_profit": 36841,
            "gross_margin": 8.96,
            "gross_margin_4q_avg": 1.6,
            "net_income": 24136,
            "revenue": 410959,
            "common_shares": 570912,
            "book_valuer_per_share": 9.99,
            "book_valuer_per_share_4q_avg": 9.91,
            "equity": 570139,
            "current_ratio": 114.14,
            "debt_ratio": 48.35,
            "inventory_turnover_ratio": 3.61,
            "account_receivable_turnover_ratio": 1.2,
            "reinvestment_rate": null,
            "research_to_sale_ratio": null,
            "price_fair": 5.49,
            "eps_avg_yearly": 0.2,
            "eps_latest_yearly": 0.2,
            "eps_growth_yearly": 17.46
        },
        "20123": {
            "year_quarter": 20123,
            "year": 2012,
            "quarter": 3,
            "eps": -0.4,
            "eps_growth_year": -660.46,
            "eps_4q": -0.41,
            "eps_4q_growth_year": -211.08,
            "roe": -4.07,
            "roe_4q": -4.2299999999999995,
            "gross_profit": -14014,
            "gross_margin": -5.22,
            "gross_margin_4q_avg": -0.64,
            "net_income": -22749,
            "revenue": 268566,
            "common_shares": 570912,
            "book_valuer_per_share": 9.59,
            "book_valuer_per_share_4q_avg": 9.8,
            "equity": 547390,
            "current_ratio": 117.05,
            "debt_ratio": 42.65,
            "inventory_turnover_ratio": 4.21,
            "account_receivable_turnover_ratio": 0.73,
            "reinvestment_rate": null,
            "research_to_sale_ratio": null,
            "price_fair": 5.49,
            "eps_avg_yearly": 0.2,
            "eps_latest_yearly": 0.2,
            "eps_growth_yearly": 17.46
        },
        "20124": {
            "year_quarter": 20124,
            "year": 2012,
            "quarter": 4,
            "eps": -0.05,
            "eps_growth_year": -193.21,
            "eps_4q": -0.52,
            "eps_4q_growth_year": -200.67,
            "roe": -0.52,
            "roe_4q": -5.279999999999999,
            "gross_profit": 4700,
            "gross_margin": 1.84,
            "gross_margin_4q_avg": -0.78,
            "net_income": -2841,
            "revenue": 255482,
            "common_shares": 570912,
            "book_valuer_per_share": 9.54,
            "book_valuer_per_share_4q_avg": 9.67,
            "equity": 544549,
            "current_ratio": 122.15,
            "debt_ratio": 39.61,
            "inventory_turnover_ratio": 4.41,
            "account_receivable_turnover_ratio": 0.91,
            "reinvestment_rate": null,
            "research_to_sale_ratio": null,
            "price_fair": 5.49,
            "eps_avg_yearly": 0.2,
            "eps_latest_yearly": 0.2,
            "eps_growth_yearly": 17.46
        },
        "20131": {
            "year_quarter": 20131,
            "year": 2013,
            "quarter": 1,
            "eps": 0.14,
            "eps_growth_year": null,
            "eps_4q": 0.11,
            "eps_4q_growth_year": null,
            "roe": 1.48,
            "roe_4q": 1.21,
            "gross_profit": 16711,
            "gross_margin": 5.88,
            "gross_margin_4q_avg": 2.87,
            "net_income": 8003,
            "revenue": 284136,
            "common_shares": 570912,
            "book_valuer_per_share": 9.44,
            "book_valuer_per_share_4q_avg": 9.64,
            "equity": 538964,
            "current_ratio": 123.57,
            "debt_ratio": 43.3,
            "inventory_turnover_ratio": 4.65,
            "account_receivable_turnover_ratio": 0.98,
            "reinvestment_rate": null,
            "research_to_sale_ratio": null,
            "price_fair": 5.49,
            "eps_avg_yearly": 0.2,
            "eps_latest_yearly": 0.2,
            "eps_growth_yearly": 17.46
        },
        "20132": {
            "year_quarter": 20132,
            "year": 2013,
            "quarter": 2,
            "eps": 0.01,
            "eps_growth_year": -97.63,
            "eps_4q": -0.3,
            "eps_4q_growth_year": -636.24,
            "roe": 0.08,
            "roe_4q": -3.0300000000000002,
            "gross_profit": 6075,
            "gross_margin": 2.22,
            "gross_margin_4q_avg": 1.18,
            "net_income": 422,
            "revenue": 273705,
            "common_shares": 570912,
            "book_valuer_per_share": 9.45,
            "book_valuer_per_share_4q_avg": 9.51,
            "equity": 539386,
            "current_ratio": 132.33,
            "debt_ratio": 40.14,
            "inventory_turnover_ratio": 5.42,
            "account_receivable_turnover_ratio": 0.89,
            "reinvestment_rate": null,
            "research_to_sale_ratio": null,
            "price_fair": 0.48,
            "eps_avg_yearly": 0.16,
            "eps_latest_yearly": 0.04,
            "eps_growth_yearly": -79.76
        },
        "20133": {
            "year_quarter": 20133,
            "year": 2013,
            "quarter": 3,
            "eps": -0.47,
            "eps_growth_year": null,
            "eps_4q": -0.37,
            "eps_4q_growth_year": null,
            "roe": -5.07,
            "roe_4q": -4.03,
            "gross_profit": -18794,
            "gross_margin": -9.28,
            "gross_margin_4q_avg": 0.17,
            "net_income": -26672,
            "revenue": 202454,
            "common_shares": 570912,
            "book_valuer_per_share": 8.98,
            "book_valuer_per_share_4q_avg": 9.35,
            "equity": 512714,
            "current_ratio": 136.69,
            "debt_ratio": 36.26,
            "inventory_turnover_ratio": 5.07,
            "account_receivable_turnover_ratio": 0.8,
            "reinvestment_rate": null,
            "research_to_sale_ratio": null,
            "price_fair": 0.48,
            "eps_avg_yearly": 0.16,
            "eps_latest_yearly": 0.04,
            "eps_growth_yearly": -79.76
        },
        "20134": {
            "year_quarter": 20134,
            "year": 2013,
            "quarter": 4,
            "eps": 0.04,
            "eps_growth_year": null,
            "eps_4q": -0.27,
            "eps_4q_growth_year": null,
            "roe": 0.5,
            "roe_4q": -3.0100000000000002,
            "gross_profit": 9818,
            "gross_margin": 4.04,
            "gross_margin_4q_avg": 0.72,
            "net_income": 2559,
            "revenue": 242770,
            "common_shares": 570912,
            "book_valuer_per_share": 9.04,
            "book_valuer_per_share_4q_avg": 9.23,
            "equity": 515859,
            "current_ratio": 133.89,
            "debt_ratio": 41.06,
            "inventory_turnover_ratio": 4.67,
            "account_receivable_turnover_ratio": 1.04,
            "reinvestment_rate": null,
            "research_to_sale_ratio": null,
            "price_fair": 0.48,
            "eps_avg_yearly": 0.16,
            "eps_latest_yearly": 0.04,
            "eps_growth_yearly": -79.76
        },
        "20141": {
            "year_quarter": 20141,
            "year": 2014,
            "quarter": 1,
            "eps": 0.41,
            "eps_growth_year": 192.86,
            "eps_4q": -0,
            "eps_4q_growth_year": -100.76,
            "roe": 4.48,
            "roe_4q": -0.009999999999999856,
            "gross_profit": 29288,
            "gross_margin": 10.15,
            "gross_margin_4q_avg": 1.78,
            "net_income": 23641,
            "revenue": 288638,
            "common_shares": 570912,
            "book_valuer_per_share": 9.45,
            "book_valuer_per_share_4q_avg": 9.23,
            "equity": 539500,
            "current_ratio": 145.33,
            "debt_ratio": 39.71,
            "inventory_turnover_ratio": 5.1,
            "account_receivable_turnover_ratio": 1,
            "reinvestment_rate": 267.57,
            "research_to_sale_ratio": null,
            "price_fair": 15.96,
            "eps_avg_yearly": 0.46,
            "eps_latest_yearly": 1.64,
            "eps_growth_yearly": 676.19
        },
        "20142": {
            "year_quarter": 20142,
            "year": 2014,
            "quarter": 2,
            "eps": 0.27,
            "eps_growth_year": 2600,
            "eps_4q": 0.26,
            "eps_4q_growth_year": null,
            "roe": 2.83,
            "roe_4q": 2.74,
            "gross_profit": 22824,
            "gross_margin": 7.6,
            "gross_margin_4q_avg": 3.13,
            "net_income": 15473,
            "revenue": 300356,
            "common_shares": 570912,
            "book_valuer_per_share": 9.72,
            "book_valuer_per_share_4q_avg": 9.3,
            "equity": 554973,
            "current_ratio": 151.58,
            "debt_ratio": 39.88,
            "inventory_turnover_ratio": 6.1,
            "account_receivable_turnover_ratio": 0.95,
            "reinvestment_rate": 410.73,
            "research_to_sale_ratio": null,
            "price_fair": 19.6,
            "eps_avg_yearly": 0.56,
            "eps_latest_yearly": 1.08,
            "eps_growth_yearly": 540.73
        },
        "20143": {
            "year_quarter": 20143,
            "year": 2014,
            "quarter": 3,
            "eps": 0.11,
            "eps_growth_year": null,
            "eps_4q": 0.84,
            "eps_4q_growth_year": null,
            "roe": 1.11,
            "roe_4q": 8.920000000000002,
            "gross_profit": 14886,
            "gross_margin": 5.06,
            "gross_margin_4q_avg": 6.71,
            "net_income": 6221,
            "revenue": 294228,
            "common_shares": 570912,
            "book_valuer_per_share": 9.83,
            "book_valuer_per_share_4q_avg": 9.51,
            "equity": 561194,
            "current_ratio": 145.05,
            "debt_ratio": 37.81,
            "inventory_turnover_ratio": 6.49,
            "account_receivable_turnover_ratio": 0.93,
            "reinvestment_rate": 303.2,
            "research_to_sale_ratio": null,
            "price_fair": 19,
            "eps_avg_yearly": 0.54,
            "eps_latest_yearly": 0.44,
            "eps_growth_yearly": 429.62
        },
        "20144": {
            "year_quarter": 20144,
            "year": 2014,
            "quarter": 4,
            "eps": 0.33,
            "eps_growth_year": 640.42,
            "eps_4q": 1.1,
            "eps_4q_growth_year": null,
            "roe": 3.31,
            "roe_4q": 11.73,
            "gross_profit": 21311,
            "gross_margin": 7.48,
            "gross_margin_4q_avg": 7.57,
            "net_income": 19611,
            "revenue": 284894,
            "common_shares": 590912,
            "book_valuer_per_share": 10.56,
            "book_valuer_per_share_4q_avg": 9.89,
            "equity": 623931,
            "current_ratio": 135.31,
            "debt_ratio": 46.34,
            "inventory_turnover_ratio": 4.74,
            "account_receivable_turnover_ratio": 0.8,
            "reinvestment_rate": -42.54,
            "research_to_sale_ratio": null,
            "price_fair": 22.4,
            "eps_avg_yearly": 0.64,
            "eps_latest_yearly": 1.32,
            "eps_growth_yearly": 475.92
        },
        "20151": {
            "year_quarter": 20151,
            "year": 2015,
            "quarter": 1,
            "eps": -0.74,
            "eps_growth_year": -280.49,
            "eps_4q": -0.04,
            "eps_4q_growth_year": null,
            "roe": -7.25,
            "roe_4q": 0,
            "gross_profit": -26104,
            "gross_margin": -16.38,
            "gross_margin_4q_avg": 0.94,
            "net_income": -43681,
            "revenue": 159366,
            "common_shares": 590912,
            "book_valuer_per_share": 9.82,
            "book_valuer_per_share_4q_avg": 9.98,
            "equity": 580248,
            "current_ratio": 118.55,
            "debt_ratio": 40.59,
            "inventory_turnover_ratio": 2.48,
            "account_receivable_turnover_ratio": 0.58,
            "reinvestment_rate": null,
            "research_to_sale_ratio": null,
            "price_fair": 22.4,
            "eps_avg_yearly": 0.64,
            "eps_latest_yearly": 1.32,
            "eps_growth_yearly": 475.92
        },
        "20152": {
            "year_quarter": 20152,
            "year": 2015,
            "quarter": 2,
            "eps": -0.83,
            "eps_growth_year": -407.41,
            "eps_4q": -1.12,
            "eps_4q_growth_year": -526.8,
            "roe": -8.97,
            "roe_4q": -11.799999999999999,
            "gross_profit": -21449,
            "gross_margin": -16.9,
            "gross_margin_4q_avg": -5.19,
            "net_income": -49243,
            "revenue": 126897,
            "common_shares": 590912,
            "book_valuer_per_share": 8.76,
            "book_valuer_per_share_4q_avg": 9.74,
            "equity": 517525,
            "current_ratio": 100.84,
            "debt_ratio": 42.02,
            "inventory_turnover_ratio": 1.98,
            "account_receivable_turnover_ratio": 0.73,
            "reinvestment_rate": null,
            "research_to_sale_ratio": null,
            "price_fair": 25,
            "eps_avg_yearly": 0.71,
            "eps_latest_yearly": 1.32,
            "eps_growth_yearly": 596.29
        },
        "20153": {
            "year_quarter": 20153,
            "year": 2015,
            "quarter": 3,
            "eps": -0.79,
            "eps_growth_year": -818.18,
            "eps_4q": -2.01,
            "eps_4q_growth_year": -339.86,
            "roe": -9.16,
            "roe_4q": -22.070000000000004,
            "gross_profit": -28567,
            "gross_margin": -32.54,
            "gross_margin_4q_avg": -14.59,
            "net_income": -47071,
            "revenue": 87787,
            "common_shares": 590912,
            "book_valuer_per_share": 8.63,
            "book_valuer_per_share_4q_avg": 9.44,
            "equity": 509745,
            "current_ratio": 101.54,
            "debt_ratio": 45.74,
            "inventory_turnover_ratio": 1.8,
            "account_receivable_turnover_ratio": 0.54,
            "reinvestment_rate": null,
            "research_to_sale_ratio": null,
            "price_fair": 27.53,
            "eps_avg_yearly": 0.79,
            "eps_latest_yearly": 1.32,
            "eps_growth_yearly": 606.78
        },
        "20154": {
            "year_quarter": 20154,
            "year": 2015,
            "quarter": 4,
            "eps": -0.91,
            "eps_growth_year": -374.5,
            "eps_4q": -3.25,
            "eps_4q_growth_year": -395.79,
            "roe": -10.94,
            "roe_4q": -36.32,
            "gross_profit": -63251,
            "gross_margin": -67.08,
            "gross_margin_4q_avg": -33.23,
            "net_income": -54503,
            "revenue": 94293,
            "common_shares": 598268,
            "book_valuer_per_share": 8.13,
            "book_valuer_per_share_4q_avg": 8.84,
            "equity": 486200,
            "current_ratio": 176.77,
            "debt_ratio": 49.59,
            "inventory_turnover_ratio": 2.96,
            "account_receivable_turnover_ratio": 0.65,
            "reinvestment_rate": null,
            "research_to_sale_ratio": null,
            "price_fair": 31.64,
            "eps_avg_yearly": 0.9,
            "eps_latest_yearly": 1.32,
            "eps_growth_yearly": 750.99
        },
        "20161": {
            "year_quarter": 20161,
            "year": 2016,
            "quarter": 1,
            "eps": -0.1,
            "eps_growth_year": null,
            "eps_4q": -2.26,
            "eps_4q_growth_year": null,
            "roe": -1.3,
            "roe_4q": -30.369999999999997,
            "gross_profit": 28829,
            "gross_margin": 30.99,
            "gross_margin_4q_avg": -21.38,
            "net_income": -7125,
            "revenue": 93012,
            "common_shares": 698268,
            "book_valuer_per_share": 8.7,
            "book_valuer_per_share_4q_avg": 8.56,
            "equity": 607392,
            "current_ratio": 916.02,
            "debt_ratio": 47.9,
            "inventory_turnover_ratio": 1.39,
            "account_receivable_turnover_ratio": 0.62,
            "reinvestment_rate": null,
            "research_to_sale_ratio": null,
            "price_fair": 31.64,
            "eps_avg_yearly": 0.9,
            "eps_latest_yearly": 1.32,
            "eps_growth_yearly": 750.99
        },
        "20162": {
            "year_quarter": 20162,
            "year": 2016,
            "quarter": 2,
            "eps": -1.35,
            "eps_growth_year": null,
            "eps_4q": -2.9,
            "eps_4q_growth_year": null,
            "roe": -16.87,
            "roe_4q": -38.269999999999996,
            "gross_profit": -56194,
            "gross_margin": -444.82,
            "gross_margin_4q_avg": -128.36,
            "net_income": -93737,
            "revenue": 12633,
            "common_shares": 698268,
            "book_valuer_per_share": 7.22,
            "book_valuer_per_share_4q_avg": 8.17,
            "equity": 503825,
            "current_ratio": 1257.33,
            "debt_ratio": 51.42,
            "inventory_turnover_ratio": 2.44,
            "account_receivable_turnover_ratio": 0.13,
            "reinvestment_rate": null,
            "research_to_sale_ratio": null,
            "price_fair": 31.64,
            "eps_avg_yearly": 0.9,
            "eps_latest_yearly": 1.32,
            "eps_growth_yearly": 750.99
        },
        "20163": {
            "year_quarter": 20163,
            "year": 2016,
            "quarter": 3,
            "eps": -0.22,
            "eps_growth_year": null,
            "eps_4q": -2.45,
            "eps_4q_growth_year": null,
            "roe": -3.29,
            "roe_4q": -32.4,
            "gross_profit": 6,
            "gross_margin": 0.11,
            "gross_margin_4q_avg": -120.2,
            "net_income": -16055,
            "revenue": 5282,
            "common_shares": 698268,
            "book_valuer_per_share": 6.77,
            "book_valuer_per_share_4q_avg": 7.71,
            "equity": 472682,
            "current_ratio": 707.49,
            "debt_ratio": 53.22,
            "inventory_turnover_ratio": 0.35,
            "account_receivable_turnover_ratio": 0.18,
            "reinvestment_rate": null,
            "research_to_sale_ratio": null,
            "price_fair": 31.64,
            "eps_avg_yearly": 0.9,
            "eps_latest_yearly": 1.32,
            "eps_growth_yearly": 750.99
        },
        "20164": {
            "year_quarter": 20164,
            "year": 2016,
            "quarter": 4,
            "eps": -0.46,
            "eps_growth_year": null,
            "eps_4q": -2.13,
            "eps_4q_growth_year": null,
            "roe": -6.53,
            "roe_4q": -27.990000000000002,
            "gross_profit": -4637,
            "gross_margin": -32.5,
            "gross_margin_4q_avg": -111.56,
            "net_income": -32008,
            "revenue": 14269,
            "common_shares": 698268,
            "book_valuer_per_share": 7.28,
            "book_valuer_per_share_4q_avg": 7.49,
            "equity": 508111,
            "current_ratio": 542.3,
            "debt_ratio": 51.12,
            "inventory_turnover_ratio": 1.74,
            "account_receivable_turnover_ratio": 0.88,
            "reinvestment_rate": null,
            "research_to_sale_ratio": null,
            "price_fair": 31.64,
            "eps_avg_yearly": 0.9,
            "eps_latest_yearly": 1.32,
            "eps_growth_yearly": 750.99
        },
        "20171": {
            "year_quarter": 20171,
            "year": 2017,
            "quarter": 1,
            "eps": -0.18,
            "eps_growth_year": null,
            "eps_4q": -2.21,
            "eps_4q_growth_year": null,
            "roe": -2.48,
            "roe_4q": -29.17,
            "gross_profit": 0,
            "gross_margin": 0,
            "gross_margin_4q_avg": -119.3,
            "net_income": -12453,
            "revenue": 21269,
            "common_shares": 698268,
            "book_valuer_per_share": 7.12,
            "book_valuer_per_share_4q_avg": 7.1,
            "equity": 496967,
            "current_ratio": 530.77,
            "debt_ratio": 51.67,
            "inventory_turnover_ratio": 7.11,
            "account_receivable_turnover_ratio": 4.38,
            "reinvestment_rate": null,
            "research_to_sale_ratio": null,
            "price_fair": 31.64,
            "eps_avg_yearly": 0.9,
            "eps_latest_yearly": 1.32,
            "eps_growth_yearly": 750.99
        },
        "20172": {
            "year_quarter": 20172,
            "year": 2017,
            "quarter": 2,
            "eps": 0.64,
            "eps_growth_year": null,
            "eps_4q": -0.22,
            "eps_4q_growth_year": null,
            "roe": 8.98,
            "roe_4q": -3.3200000000000003,
            "gross_profit": 0,
            "gross_margin": 0,
            "gross_margin_4q_avg": -8.1,
            "net_income": 44921,
            "revenue": 823,
            "common_shares": 698268,
            "book_valuer_per_share": 7.21,
            "book_valuer_per_share_4q_avg": 7.1,
            "equity": 503392,
            "current_ratio": 1807.87,
            "debt_ratio": 51.39,
            "inventory_turnover_ratio": 0.28,
            "account_receivable_turnover_ratio": null,
            "reinvestment_rate": null,
            "research_to_sale_ratio": null,
            "price_fair": 39.2,
            "eps_avg_yearly": 1.12,
            "eps_latest_yearly": 1.32,
            "eps_growth_yearly": 1031.59
        },
        "20173": {
            "year_quarter": 20173,
            "year": 2017,
            "quarter": 3,
            "eps": 0.07,
            "eps_growth_year": null,
            "eps_4q": 0.08,
            "eps_4q_growth_year": null,
            "roe": 0.95,
            "roe_4q": 0.919999999999999,
            "gross_profit": 19846,
            "gross_margin": 60.06,
            "gross_margin_4q_avg": 6.89,
            "net_income": 4944,
            "revenue": 33042,
            "common_shares": 698268,
            "book_valuer_per_share": 7.66,
            "book_valuer_per_share_4q_avg": 7.32,
            "equity": 534864,
            "current_ratio": 212.7,
            "debt_ratio": 49.93,
            "inventory_turnover_ratio": 4.41,
            "account_receivable_turnover_ratio": 3.52,
            "reinvestment_rate": null,
            "research_to_sale_ratio": null,
            "price_fair": 33.32,
            "eps_avg_yearly": 0.95,
            "eps_latest_yearly": 0.28,
            "eps_growth_yearly": 754.03
        },
        "20174": {
            "year_quarter": 20174,
            "year": 2017,
            "quarter": 4,
            "eps": -0.05,
            "eps_growth_year": null,
            "eps_4q": 0.42,
            "eps_4q_growth_year": null,
            "roe": -0.54,
            "roe_4q": 6.91,
            "gross_profit": 10577,
            "gross_margin": 26.83,
            "gross_margin_4q_avg": 21.72,
            "net_income": -4006,
            "revenue": 39426,
            "common_shares": 798259,
            "book_valuer_per_share": 12.02,
            "book_valuer_per_share_4q_avg": 8.5,
            "equity": 959584,
            "current_ratio": 387.4,
            "debt_ratio": 36.13,
            "inventory_turnover_ratio": 11.58,
            "account_receivable_turnover_ratio": 1.29,
            "reinvestment_rate": null,
            "research_to_sale_ratio": null,
            "price_fair": 33.32,
            "eps_avg_yearly": 0.95,
            "eps_latest_yearly": 0.28,
            "eps_growth_yearly": 754.03
        },
        "20181": {
            "year_quarter": 20181,
            "year": 2018,
            "quarter": 1,
            "eps": 0.01,
            "eps_growth_year": null,
            "eps_4q": 0.58,
            "eps_4q_growth_year": null,
            "roe": 0.05,
            "roe_4q": 9.44,
            "gross_profit": 16028,
            "gross_margin": 31.02,
            "gross_margin_4q_avg": 29.48,
            "net_income": 443,
            "revenue": 51675,
            "common_shares": 798259,
            "book_valuer_per_share": 11.85,
            "book_valuer_per_share_4q_avg": 9.69,
            "equity": 945541,
            "current_ratio": 118.97,
            "debt_ratio": 39.22,
            "inventory_turnover_ratio": 17.9,
            "account_receivable_turnover_ratio": 1.3,
            "reinvestment_rate": null,
            "research_to_sale_ratio": null,
            "price_fair": 21.47,
            "eps_avg_yearly": 0.78,
            "eps_latest_yearly": 0.28,
            "eps_growth_yearly": 17.53
        },
        "20182": {
            "year_quarter": 20182,
            "year": 2018,
            "quarter": 2,
            "eps": 0.1,
            "eps_growth_year": -84.38,
            "eps_4q": 0.12,
            "eps_4q_growth_year": null,
            "roe": 0.83,
            "roe_4q": 1.29,
            "gross_profit": 28903,
            "gross_margin": 16.28,
            "gross_margin_4q_avg": 33.55,
            "net_income": 7944,
            "revenue": 177482,
            "common_shares": 798259,
            "book_valuer_per_share": 12.02,
            "book_valuer_per_share_4q_avg": 10.89,
            "equity": 959328,
            "current_ratio": 100.32,
            "debt_ratio": 38.82,
            "inventory_turnover_ratio": 74.59,
            "account_receivable_turnover_ratio": 3.63,
            "reinvestment_rate": null,
            "research_to_sale_ratio": null,
            "price_fair": 21.35,
            "eps_avg_yearly": 0.61,
            "eps_latest_yearly": 0.4,
            "eps_growth_yearly": 951.68
        },
        "20183": {
            "year_quarter": 20183,
            "year": 2018,
            "quarter": 3,
            "eps": -0.09,
            "eps_growth_year": -228.57,
            "eps_4q": -0.04,
            "eps_4q_growth_year": -149.58,
            "roe": -0.78,
            "roe_4q": -0.4400000000000001,
            "gross_profit": 33478,
            "gross_margin": 24.2,
            "gross_margin_4q_avg": 24.58,
            "net_income": -7444,
            "revenue": 138364,
            "common_shares": 798259,
            "book_valuer_per_share": 11.88,
            "book_valuer_per_share_4q_avg": 11.94,
            "equity": 948268,
            "current_ratio": 120.76,
            "debt_ratio": 38.42,
            "inventory_turnover_ratio": 52.65,
            "account_receivable_turnover_ratio": 3.77,
            "reinvestment_rate": null,
            "research_to_sale_ratio": null,
            "price_fair": 23.33,
            "eps_avg_yearly": 0.67,
            "eps_latest_yearly": 0.4,
            "eps_growth_yearly": 1347.92
        },
        "20184": {
            "year_quarter": 20184,
            "year": 2018,
            "quarter": 4,
            "eps": 0.28,
            "eps_growth_year": null,
            "eps_4q": 0.29,
            "eps_4q_growth_year": -30.1,
            "roe": 2.33,
            "roe_4q": 2.4299999999999997,
            "gross_profit": 28877,
            "gross_margin": 25.89,
            "gross_margin_4q_avg": 24.35,
            "net_income": 22409,
            "revenue": 111542,
            "common_shares": 798259,
            "book_valuer_per_share": 12.2,
            "book_valuer_per_share_4q_avg": 11.99,
            "equity": 973532,
            "current_ratio": 109.57,
            "debt_ratio": 39.8,
            "inventory_turnover_ratio": 83,
            "account_receivable_turnover_ratio": 10.2,
            "reinvestment_rate": null,
            "research_to_sale_ratio": null,
            "price_fair": 11.9,
            "eps_avg_yearly": 0.34,
            "eps_latest_yearly": 0.4,
            "eps_growth_yearly": 1621.88
        },
        "20191": {
            "year_quarter": 20191,
            "year": 2019,
            "quarter": 1,
            "eps": 0.06,
            "eps_growth_year": 500,
            "eps_4q": 0.24,
            "eps_4q_growth_year": -57.95,
            "roe": 0.47,
            "roe_4q": 2.8499999999999996,
            "gross_profit": 18770,
            "gross_margin": 37.6,
            "gross_margin_4q_avg": 25.99,
            "net_income": 5490,
            "revenue": 49924,
            "common_shares": 1164224,
            "book_valuer_per_share": 11.81,
            "book_valuer_per_share_4q_avg": 11.98,
            "equity": 1374667,
            "current_ratio": 622.6,
            "debt_ratio": 11.55,
            "inventory_turnover_ratio": null,
            "account_receivable_turnover_ratio": 2.93,
            "reinvestment_rate": null,
            "research_to_sale_ratio": null,
            "price_fair": 10.73,
            "eps_avg_yearly": 0.31,
            "eps_latest_yearly": 0.24,
            "eps_growth_yearly": 976.49
        },
        "20192": {
            "year_quarter": 20192,
            "year": 2019,
            "quarter": 2,
            "eps": 0.06,
            "eps_growth_year": -40,
            "eps_4q": 0.24,
            "eps_4q_growth_year": 103.43,
            "roe": 0.53,
            "roe_4q": 2.55,
            "gross_profit": 23159,
            "gross_margin": 34.54,
            "gross_margin_4q_avg": 30.56,
            "net_income": 7212,
            "revenue": 67054,
            "common_shares": 1164224,
            "book_valuer_per_share": 11.78,
            "book_valuer_per_share_4q_avg": 11.92,
            "equity": 1371953,
            "current_ratio": 691.92,
            "debt_ratio": 11.04,
            "inventory_turnover_ratio": null,
            "account_receivable_turnover_ratio": 3.38,
            "reinvestment_rate": null,
            "research_to_sale_ratio": null,
            "price_fair": 10.15,
            "eps_avg_yearly": 0.29,
            "eps_latest_yearly": 0.24,
            "eps_growth_yearly": 732.37
        },
        "20193": {
            "year_quarter": 20193,
            "year": 2019,
            "quarter": 3,
            "eps": 0.01,
            "eps_growth_year": null,
            "eps_4q": 0.31,
            "eps_4q_growth_year": null,
            "roe": 0.1,
            "roe_4q": 3.43,
            "gross_profit": 18105,
            "gross_margin": 25.26,
            "gross_margin_4q_avg": 30.82,
            "net_income": 1350,
            "revenue": 71673,
            "common_shares": 1164224,
            "book_valuer_per_share": 11.77,
            "book_valuer_per_share_4q_avg": 11.89,
            "equity": 1370133,
            "current_ratio": 721.1,
            "debt_ratio": 5.94,
            "inventory_turnover_ratio": null,
            "account_receivable_turnover_ratio": 5.99,
            "reinvestment_rate": null,
            "research_to_sale_ratio": null,
            "price_fair": 8.4,
            "eps_avg_yearly": 0.24,
            "eps_latest_yearly": 0.04,
            "eps_growth_yearly": 519.23
        },
        "20194": {
            "year_quarter": 20194,
            "year": 2019,
            "quarter": 4,
            "eps": -0.08,
            "eps_growth_year": -129.65,
            "eps_4q": 0.04,
            "eps_4q_growth_year": -87.19,
            "roe": -0.71,
            "roe_4q": 0.39,
            "gross_profit": 27522,
            "gross_margin": 28.61,
            "gross_margin_4q_avg": 31.5,
            "net_income": -9689,
            "revenue": 96197,
            "common_shares": 1164224,
            "book_valuer_per_share": 11.57,
            "book_valuer_per_share_4q_avg": 11.73,
            "equity": 1347082,
            "current_ratio": 706.02,
            "debt_ratio": 6.69,
            "inventory_turnover_ratio": null,
            "account_receivable_turnover_ratio": 8.32,
            "reinvestment_rate": null,
            "research_to_sale_ratio": null,
            "price_fair": 8.4,
            "eps_avg_yearly": 0.24,
            "eps_latest_yearly": 0.04,
            "eps_growth_yearly": 519.23
        },
        "20201": {
            "year_quarter": 20201,
            "year": 2020,
            "quarter": 1,
            "eps": -0.1,
            "eps_growth_year": -266.67,
            "eps_4q": -0.11,
            "eps_4q_growth_year": -145.75,
            "roe": -0.89,
            "roe_4q": -0.97,
            "gross_profit": 1685,
            "gross_margin": 25.95,
            "gross_margin_4q_avg": 28.59,
            "net_income": -11865,
            "revenue": 6494,
            "common_shares": 1164224,
            "book_valuer_per_share": 11.26,
            "book_valuer_per_share_4q_avg": 11.6,
            "equity": 1311301,
            "current_ratio": 1080.64,
            "debt_ratio": 4.62,
            "inventory_turnover_ratio": null,
            "account_receivable_turnover_ratio": 0.64,
            "reinvestment_rate": null,
            "research_to_sale_ratio": null,
            "price_fair": 8.4,
            "eps_avg_yearly": 0.24,
            "eps_latest_yearly": 0.04,
            "eps_growth_yearly": 519.23
        },
        "20202": {
            "year_quarter": 20202,
            "year": 2020,
            "quarter": 2,
            "eps": -0.27,
            "eps_growth_year": -550,
            "eps_4q": -0.44,
            "eps_4q_growth_year": -285.89,
            "roe": -2.4,
            "roe_4q": -3.9,
            "gross_profit": 11081,
            "gross_margin": 63.24,
            "gross_margin_4q_avg": 35.77,
            "net_income": -30717,
            "revenue": 17521,
            "common_shares": 1164224,
            "book_valuer_per_share": 10.82,
            "book_valuer_per_share_4q_avg": 11.36,
            "equity": 1246913,
            "current_ratio": 1742.28,
            "debt_ratio": 2.69,
            "inventory_turnover_ratio": null,
            "account_receivable_turnover_ratio": 4.78,
            "reinvestment_rate": null,
            "research_to_sale_ratio": null,
            "price_fair": 8.4,
            "eps_avg_yearly": 0.24,
            "eps_latest_yearly": 0.04,
            "eps_growth_yearly": 519.23
        },
        "20203": {
            "year_quarter": 20203,
            "year": 2020,
            "quarter": 3,
            "eps": -0.1,
            "eps_growth_year": -1100,
            "eps_4q": -0.56,
            "eps_4q_growth_year": -278.25,
            "roe": -0.95,
            "roe_4q": -4.949999999999999,
            "gross_profit": 569,
            "gross_margin": 75.87,
            "gross_margin_4q_avg": 48.42,
            "net_income": -11614,
            "revenue": 750,
            "common_shares": 1164224,
            "book_valuer_per_share": 10.5,
            "book_valuer_per_share_4q_avg": 11.04,
            "equity": 1201844,
            "current_ratio": 1577.92,
            "debt_ratio": 2.75,
            "inventory_turnover_ratio": null,
            "account_receivable_turnover_ratio": 2.11,
            "reinvestment_rate": null,
            "research_to_sale_ratio": null,
            "price_fair": 8.4,
            "eps_avg_yearly": 0.24,
            "eps_latest_yearly": 0.04,
            "eps_growth_yearly": 519.23
        },
        "20204": {
            "year_quarter": 20204,
            "year": 2020,
            "quarter": 4,
            "eps": -0.52,
            "eps_growth_year": null,
            "eps_4q": -0.99,
            "eps_4q_growth_year": -2740.57,
            "roe": -5.03,
            "roe_4q": -9.270000000000001,
            "gross_profit": 6908,
            "gross_margin": 19.15,
            "gross_margin_4q_avg": 46.05,
            "net_income": -59054,
            "revenue": 36064,
            "common_shares": 1164224,
            "book_valuer_per_share": 10.01,
            "book_valuer_per_share_4q_avg": 10.65,
            "equity": 1145206,
            "current_ratio": 1573.84,
            "debt_ratio": 3.96,
            "inventory_turnover_ratio": null,
            "account_receivable_turnover_ratio": 343.47,
            "reinvestment_rate": null,
            "research_to_sale_ratio": null,
            "price_fair": 8.4,
            "eps_avg_yearly": 0.24,
            "eps_latest_yearly": 0.04,
            "eps_growth_yearly": 519.23
        },
        "20211": {
            "year_quarter": 20211,
            "year": 2021,
            "quarter": 1,
            "eps": -0.13,
            "eps_growth_year": null,
            "eps_4q": -1.02,
            "eps_4q_growth_year": null,
            "roe": -1.31,
            "roe_4q": -9.69,
            "gross_profit": 2953,
            "gross_margin": 20.81,
            "gross_margin_4q_avg": 44.77,
            "net_income": -14849,
            "revenue": 14192,
            "common_shares": 1164224,
            "book_valuer_per_share": 9.8,
            "book_valuer_per_share_4q_avg": 10.28,
            "equity": 1121881,
            "current_ratio": 2010.21,
            "debt_ratio": 3.13,
            "inventory_turnover_ratio": null,
            "account_receivable_turnover_ratio": null,
            "reinvestment_rate": null,
            "research_to_sale_ratio": null,
            "price_fair": 8.4,
            "eps_avg_yearly": 0.24,
            "eps_latest_yearly": 0.04,
            "eps_growth_yearly": 519.23
        },
        "20212": {
            "year_quarter": 20212,
            "year": 2021,
            "quarter": 2,
            "eps": -0.17,
            "eps_growth_year": null,
            "eps_4q": -0.92,
            "eps_4q_growth_year": null,
            "roe": -1.76,
            "roe_4q": -9.05,
            "gross_profit": 249,
            "gross_margin": 70.14,
            "gross_margin_4q_avg": 46.49,
            "net_income": -19557,
            "revenue": 355,
            "common_shares": 1164224,
            "book_valuer_per_share": 9.63,
            "book_valuer_per_share_4q_avg": 9.99,
            "equity": 1102430,
            "current_ratio": 1965.81,
            "debt_ratio": 3.11,
            "inventory_turnover_ratio": null,
            "account_receivable_turnover_ratio": 13.65,
            "reinvestment_rate": null,
            "research_to_sale_ratio": null,
            "price_fair": 8.4,
            "eps_avg_yearly": 0.24,
            "eps_latest_yearly": 0.04,
            "eps_growth_yearly": 519.23
        },
        "20213": {
            "year_quarter": 20213,
            "year": 2021,
            "quarter": 3,
            "eps": -0.11,
            "eps_growth_year": null,
            "eps_4q": -0.92,
            "eps_4q_growth_year": null,
            "roe": -1.1,
            "roe_4q": -9.2,
            "gross_profit": 3,
            "gross_margin": 0.8,
            "gross_margin_4q_avg": 27.73,
            "net_income": -12107,
            "revenue": 377,
            "common_shares": 1164224,
            "book_valuer_per_share": 9.53,
            "book_valuer_per_share_4q_avg": 9.74,
            "equity": 1090538,
            "current_ratio": 1655.47,
            "debt_ratio": 3.68,
            "inventory_turnover_ratio": null,
            "account_receivable_turnover_ratio": 14.5,
            "reinvestment_rate": null,
            "research_to_sale_ratio": null,
            "price_fair": 8.05,
            "eps_avg_yearly": 0.23,
            "eps_latest_yearly": 0.04,
            "eps_growth_yearly": 738.1
        },
        "20214": {
            "year_quarter": 20214,
            "year": 2021,
            "quarter": 4,
            "eps": -0.22,
            "eps_growth_year": null,
            "eps_4q": -0.63,
            "eps_4q_growth_year": null,
            "roe": -2.32,
            "roe_4q": -6.49,
            "gross_profit": 1899,
            "gross_margin": 43.56,
            "gross_margin_4q_avg": 33.83,
            "net_income": -25158,
            "revenue": 4360,
            "common_shares": 1164224,
            "book_valuer_per_share": 9.42,
            "book_valuer_per_share_4q_avg": 9.6,
            "equity": 1077657,
            "current_ratio": 1181.96,
            "debt_ratio": 5.4,
            "inventory_turnover_ratio": null,
            "account_receivable_turnover_ratio": null,
            "reinvestment_rate": null,
            "research_to_sale_ratio": null,
            "price_fair": 8.05,
            "eps_avg_yearly": 0.23,
            "eps_latest_yearly": 0.04,
            "eps_growth_yearly": 738.1
        },
        "20221": {
            "year_quarter": 20221,
            "year": 2022,
            "quarter": 1,
            "eps": -0.08,
            "eps_growth_year": null,
            "eps_4q": -0.58,
            "eps_4q_growth_year": null,
            "roe": -0.87,
            "roe_4q": -6.05,
            "gross_profit": -1206,
            "gross_margin": -2.86,
            "gross_margin_4q_avg": 27.91,
            "net_income": -9381,
            "revenue": 42169,
            "common_shares": 1164224,
            "book_valuer_per_share": 9.37,
            "book_valuer_per_share_4q_avg": 9.49,
            "equity": 1072072,
            "current_ratio": 1642.47,
            "debt_ratio": 3.53,
            "inventory_turnover_ratio": null,
            "account_receivable_turnover_ratio": 53.11,
            "reinvestment_rate": null,
            "research_to_sale_ratio": null,
            "price_fair": 8.05,
            "eps_avg_yearly": 0.23,
            "eps_latest_yearly": 0.04,
            "eps_growth_yearly": 738.1
        },
        "20222": {
            "year_quarter": 20222,
            "year": 2022,
            "quarter": 2,
            "eps": -0.05,
            "eps_growth_year": null,
            "eps_4q": -0.46,
            "eps_4q_growth_year": null,
            "roe": -0.54,
            "roe_4q": -4.83,
            "gross_profit": 376,
            "gross_margin": 21.77,
            "gross_margin_4q_avg": 15.82,
            "net_income": -5813,
            "revenue": 1727,
            "common_shares": 1164224,
            "book_valuer_per_share": 9.39,
            "book_valuer_per_share_4q_avg": 9.43,
            "equity": 1074629,
            "current_ratio": 1783.5,
            "debt_ratio": 3.25,
            "inventory_turnover_ratio": null,
            "account_receivable_turnover_ratio": 2.18,
            "reinvestment_rate": null,
            "research_to_sale_ratio": null,
            "price_fair": 0.52,
            "eps_avg_yearly": 0.17,
            "eps_latest_yearly": 0.04,
            "eps_growth_yearly": -215.87
        },
        "20223": {
            "year_quarter": 20223,
            "year": 2022,
            "quarter": 3,
            "eps": -0.04,
            "eps_growth_year": null,
            "eps_4q": -0.39,
            "eps_4q_growth_year": null,
            "roe": -0.4,
            "roe_4q": -4.13,
            "gross_profit": 562,
            "gross_margin": 5.57,
            "gross_margin_4q_avg": 17.01,
            "net_income": -4362,
            "revenue": 10093,
            "common_shares": 1164224,
            "book_valuer_per_share": 9.45,
            "book_valuer_per_share_4q_avg": 9.41,
            "equity": 1081210,
            "current_ratio": 1546.78,
            "debt_ratio": 3.86,
            "inventory_turnover_ratio": null,
            "account_receivable_turnover_ratio": 201.86,
            "reinvestment_rate": null,
            "research_to_sale_ratio": null,
            "price_fair": 0.52,
            "eps_avg_yearly": 0.17,
            "eps_latest_yearly": 0.04,
            "eps_growth_yearly": -215.87
        },
        "20224": {
            "year_quarter": 20224,
            "year": 2022,
            "quarter": 4,
            "eps": -0.18,
            "eps_growth_year": null,
            "eps_4q": -0.35,
            "eps_4q_growth_year": null,
            "roe": -1.88,
            "roe_4q": -3.69,
            "gross_profit": 1993,
            "gross_margin": 99.9,
            "gross_margin_4q_avg": 31.1,
            "net_income": -20161,
            "revenue": 1995,
            "common_shares": 1164224,
            "book_valuer_per_share": 9.32,
            "book_valuer_per_share_4q_avg": 9.38,
            "equity": 1066206,
            "current_ratio": 718.64,
            "debt_ratio": 7.92,
            "inventory_turnover_ratio": null,
            "account_receivable_turnover_ratio": 39.9,
            "reinvestment_rate": null,
            "research_to_sale_ratio": null,
            "price_fair": 0.52,
            "eps_avg_yearly": 0.17,
            "eps_latest_yearly": 0.04,
            "eps_growth_yearly": -215.87
        },
        "20231": {
            "year_quarter": 20231,
            "year": 2023,
            "quarter": 1,
            "eps": 0.22,
            "eps_growth_year": null,
            "eps_4q": -0.04,
            "eps_4q_growth_year": null,
            "roe": 2.38,
            "roe_4q": -0.44000000000000006,
            "gross_profit": 40385,
            "gross_margin": 15.63,
            "gross_margin_4q_avg": 35.72,
            "net_income": 25671,
            "revenue": 258422,
            "common_shares": 1164224,
            "book_valuer_per_share": 9.54,
            "book_valuer_per_share_4q_avg": 9.43,
            "equity": 1091781,
            "current_ratio": 3094.9,
            "debt_ratio": 1.75,
            "inventory_turnover_ratio": null,
            "account_receivable_turnover_ratio": 21.33,
            "reinvestment_rate": null,
            "research_to_sale_ratio": null,
            "price_fair": 0.42,
            "eps_avg_yearly": 0.14,
            "eps_latest_yearly": 0.04,
            "eps_growth_yearly": -166.67
        }
    },
    "months": {
        "2001-06": {
            "month": "2001-06",
            "price": "19.66",
            "revenue": 97043
        },
        "2001-07": {
            "month": "2001-07",
            "price": "18.85",
            "revenue": 146611
        },
        "2001-08": {
            "month": "2001-08",
            "price": "20.92",
            "revenue": 156872
        },
        "2001-09": {
            "month": "2001-09",
            "price": "18.55",
            "revenue": 121332
        },
        "2001-10": {
            "month": "2001-10",
            "price": "20.56",
            "revenue": 164211
        },
        "2001-11": {
            "month": "2001-11",
            "price": "24.67",
            "revenue": 159372
        },
        "2001-12": {
            "month": "2001-12",
            "price": "32.52",
            "revenue": 101056
        },
        "2002-01": {
            "month": "2002-01",
            "price": "35.41",
            "revenue": 108220
        },
        "2002-02": {
            "month": "2002-02",
            "price": "32.37",
            "revenue": 91735
        },
        "2002-03": {
            "month": "2002-03",
            "price": "30.88",
            "revenue": 119673
        },
        "2002-04": {
            "month": "2002-04",
            "price": "30.99",
            "revenue": 92099
        },
        "2002-05": {
            "month": "2002-05",
            "price": "28.82",
            "revenue": 115652
        },
        "2002-06": {
            "month": "2002-06",
            "price": "27.03",
            "revenue": 76472
        },
        "2002-07": {
            "month": "2002-07",
            "price": "22.57",
            "revenue": 121909
        },
        "2002-08": {
            "month": "2002-08",
            "price": "20.23",
            "revenue": 81471
        },
        "2002-09": {
            "month": "2002-09",
            "price": "16.51",
            "revenue": 84965
        },
        "2002-10": {
            "month": "2002-10",
            "price": "14.07",
            "revenue": 133572
        },
        "2002-11": {
            "month": "2002-11",
            "price": "14.91",
            "revenue": 121178
        },
        "2002-12": {
            "month": "2002-12",
            "price": "14.78",
            "revenue": 85481
        },
        "2003-01": {
            "month": "2003-01",
            "price": "14.47",
            "revenue": 98352
        },
        "2003-02": {
            "month": "2003-02",
            "price": "13.65",
            "revenue": 84593
        },
        "2003-03": {
            "month": "2003-03",
            "price": "12.82",
            "revenue": 95210
        },
        "2003-04": {
            "month": "2003-04",
            "price": "11.91",
            "revenue": 94135
        },
        "2003-05": {
            "month": "2003-05",
            "price": "9.15",
            "revenue": 81391
        },
        "2003-06": {
            "month": "2003-06",
            "price": "10.58",
            "revenue": 76862
        },
        "2003-07": {
            "month": "2003-07",
            "price": "11.34",
            "revenue": 88658
        },
        "2003-08": {
            "month": "2003-08",
            "price": "10.26",
            "revenue": 90408
        },
        "2003-09": {
            "month": "2003-09",
            "price": "8.11",
            "revenue": 139346
        },
        "2003-10": {
            "month": "2003-10",
            "price": "8.40",
            "revenue": 146134
        },
        "2003-11": {
            "month": "2003-11",
            "price": "8.85",
            "revenue": 101961
        },
        "2003-12": {
            "month": "2003-12",
            "price": "8.86",
            "revenue": 109269
        },
        "2004-01": {
            "month": "2004-01",
            "price": "8.85",
            "revenue": 114107
        },
        "2004-02": {
            "month": "2004-02",
            "price": "12.94",
            "revenue": 114325
        },
        "2004-03": {
            "month": "2004-03",
            "price": "12.86",
            "revenue": 186833
        },
        "2004-04": {
            "month": "2004-04",
            "price": "12.40",
            "revenue": 148303
        },
        "2004-05": {
            "month": "2004-05",
            "price": "10.30",
            "revenue": 125222
        },
        "2004-06": {
            "month": "2004-06",
            "price": "9.13",
            "revenue": 111186
        },
        "2004-07": {
            "month": "2004-07",
            "price": "8.12",
            "revenue": 166610
        },
        "2004-08": {
            "month": "2004-08",
            "price": "7.48",
            "revenue": 103670
        },
        "2004-09": {
            "month": "2004-09",
            "price": "8.46",
            "revenue": 113554
        },
        "2004-10": {
            "month": "2004-10",
            "price": "8.17",
            "revenue": 137830
        },
        "2004-11": {
            "month": "2004-11",
            "price": "7.45",
            "revenue": 138423
        },
        "2004-12": {
            "month": "2004-12",
            "price": "7.44",
            "revenue": 154508
        },
        "2005-01": {
            "month": "2005-01",
            "price": "6.78",
            "revenue": 138456
        },
        "2005-02": {
            "month": "2005-02",
            "price": "6.64",
            "revenue": 103767
        },
        "2005-03": {
            "month": "2005-03",
            "price": "6.65",
            "revenue": 190574
        },
        "2005-04": {
            "month": "2005-04",
            "price": "5.90",
            "revenue": 121592
        },
        "2005-05": {
            "month": "2005-05",
            "price": "4.41",
            "revenue": 118335
        },
        "2005-06": {
            "month": "2005-06",
            "price": "5.16",
            "revenue": 114619
        },
        "2005-07": {
            "month": "2005-07",
            "price": "5.24",
            "revenue": 90581
        },
        "2005-08": {
            "month": "2005-08",
            "price": "5.02",
            "revenue": 139827
        },
        "2005-09": {
            "month": "2005-09",
            "price": "3.87",
            "revenue": 134436
        },
        "2005-10": {
            "month": "2005-10",
            "price": "3.33",
            "revenue": 147436
        },
        "2005-11": {
            "month": "2005-11",
            "price": "3.45",
            "revenue": 145925
        },
        "2005-12": {
            "month": "2005-12",
            "price": "5.01",
            "revenue": 187427
        },
        "2006-01": {
            "month": "2006-01",
            "price": "7.37",
            "revenue": 184047
        },
        "2006-02": {
            "month": "2006-02",
            "price": "6.94",
            "revenue": 121708
        },
        "2006-03": {
            "month": "2006-03",
            "price": "6.02",
            "revenue": 210358
        },
        "2006-04": {
            "month": "2006-04",
            "price": "6.78",
            "revenue": 176465
        },
        "2006-05": {
            "month": "2006-05",
            "price": "6.69",
            "revenue": 167527
        },
        "2006-06": {
            "month": "2006-06",
            "price": "5.66",
            "revenue": 113839
        },
        "2006-07": {
            "month": "2006-07",
            "price": "5.06",
            "revenue": 177000
        },
        "2006-08": {
            "month": "2006-08",
            "price": "6.23",
            "revenue": 216727
        },
        "2006-09": {
            "month": "2006-09",
            "price": "7.34",
            "revenue": 223395
        },
        "2006-10": {
            "month": "2006-10",
            "price": "10.11",
            "revenue": 199050
        },
        "2006-11": {
            "month": "2006-11",
            "price": "14.20",
            "revenue": 263650
        },
        "2006-12": {
            "month": "2006-12",
            "price": "18.73",
            "revenue": 263291
        },
        "2007-01": {
            "month": "2007-01",
            "price": "16.73",
            "revenue": 277263
        },
        "2007-02": {
            "month": "2007-02",
            "price": "14.65",
            "revenue": 170245
        },
        "2007-03": {
            "month": "2007-03",
            "price": "16.52",
            "revenue": 296476
        },
        "2007-04": {
            "month": "2007-04",
            "price": "17.72",
            "revenue": 265092
        },
        "2007-05": {
            "month": "2007-05",
            "price": "16.80",
            "revenue": 289030
        },
        "2007-06": {
            "month": "2007-06",
            "price": "17.35",
            "revenue": 210720
        },
        "2007-07": {
            "month": "2007-07",
            "price": "24.78",
            "revenue": 297676
        },
        "2007-08": {
            "month": "2007-08",
            "price": "22.00",
            "revenue": 299063
        },
        "2007-09": {
            "month": "2007-09",
            "price": "23.51",
            "revenue": 261894
        },
        "2007-10": {
            "month": "2007-10",
            "price": "20.58",
            "revenue": 275026
        },
        "2007-11": {
            "month": "2007-11",
            "price": "15.70",
            "revenue": 311386
        },
        "2007-12": {
            "month": "2007-12",
            "price": "14.33",
            "revenue": 287886
        },
        "2008-01": {
            "month": "2008-01",
            "price": "11.37",
            "revenue": 362836
        },
        "2008-02": {
            "month": "2008-02",
            "price": "11.85",
            "revenue": 230352
        },
        "2008-03": {
            "month": "2008-03",
            "price": "12.27",
            "revenue": 356005
        },
        "2008-04": {
            "month": "2008-04",
            "price": "12.71",
            "revenue": 287521
        },
        "2008-05": {
            "month": "2008-05",
            "price": "9.86",
            "revenue": 249655
        },
        "2008-06": {
            "month": "2008-06",
            "price": "8.27",
            "revenue": 252310
        },
        "2008-07": {
            "month": "2008-07",
            "price": "6.71",
            "revenue": 306682
        },
        "2008-08": {
            "month": "2008-08",
            "price": "7.36",
            "revenue": 326759
        },
        "2008-09": {
            "month": "2008-09",
            "price": "4.84",
            "revenue": 285732
        },
        "2008-10": {
            "month": "2008-10",
            "price": "4.69",
            "revenue": 226414
        },
        "2008-11": {
            "month": "2008-11",
            "price": "2.38",
            "revenue": 193968
        },
        "2008-12": {
            "month": "2008-12",
            "price": "1.97",
            "revenue": 161260
        },
        "2009-01": {
            "month": "2009-01",
            "price": "1.94",
            "revenue": 128854
        },
        "2009-02": {
            "month": "2009-02",
            "price": "1.66",
            "revenue": 144619
        },
        "2009-03": {
            "month": "2009-03",
            "price": "0.82",
            "revenue": 20220
        },
        "2009-04": {
            "month": "2009-04",
            "price": "1.11",
            "revenue": 23210
        },
        "2009-05": {
            "month": "2009-05",
            "price": "1.16",
            "revenue": 40790
        },
        "2009-06": {
            "month": "2009-06",
            "price": "1.68",
            "revenue": 24233
        },
        "2009-07": {
            "month": "2009-07",
            "price": "1.43",
            "revenue": 31951
        },
        "2009-08": {
            "month": "2009-08",
            "price": "1.66",
            "revenue": 41030
        },
        "2009-09": {
            "month": "2009-09",
            "price": "1.86",
            "revenue": 56933
        },
        "2009-10": {
            "month": "2009-10",
            "price": "1.74",
            "revenue": 50897
        },
        "2009-11": {
            "month": "2009-11",
            "price": "1.93",
            "revenue": 45387
        },
        "2009-12": {
            "month": "2009-12",
            "price": "2.46",
            "revenue": 46258
        },
        "2010-01": {
            "month": "2010-01",
            "price": "3.49",
            "revenue": 50187
        },
        "2010-02": {
            "month": "2010-02",
            "price": "4.11",
            "revenue": 31133
        },
        "2010-03": {
            "month": "2010-03",
            "price": "4.82",
            "revenue": 55753
        },
        "2010-04": {
            "month": "2010-04",
            "price": "9.96",
            "revenue": 43758
        },
        "2010-05": {
            "month": "2010-05",
            "price": "8.48",
            "revenue": 58387
        },
        "2010-06": {
            "month": "2010-06",
            "price": "7.73",
            "revenue": 103329
        },
        "2010-07": {
            "month": "2010-07",
            "price": "7.96",
            "revenue": 97428
        },
        "2010-08": {
            "month": "2010-08",
            "price": "7.82",
            "revenue": 105127
        },
        "2010-09": {
            "month": "2010-09",
            "price": "7.57",
            "revenue": 111751
        },
        "2010-10": {
            "month": "2010-10",
            "price": "7.83",
            "revenue": 116096
        },
        "2010-11": {
            "month": "2010-11",
            "price": "29.22",
            "revenue": 113782
        },
        "2010-12": {
            "month": "2010-12",
            "price": "31.71",
            "revenue": 100580
        },
        "2011-01": {
            "month": "2011-01",
            "price": "28.14",
            "revenue": 128516
        },
        "2011-02": {
            "month": "2011-02",
            "price": "27.56",
            "revenue": 101319
        },
        "2011-03": {
            "month": "2011-03",
            "price": "28.49",
            "revenue": 149105
        },
        "2011-04": {
            "month": "2011-04",
            "price": "27.82",
            "revenue": 118954
        },
        "2011-05": {
            "month": "2011-05",
            "price": "25.28",
            "revenue": 107318
        },
        "2011-06": {
            "month": "2011-06",
            "price": "22.97",
            "revenue": 133363
        },
        "2011-07": {
            "month": "2011-07",
            "price": "20.88",
            "revenue": 133745
        },
        "2011-08": {
            "month": "2011-08",
            "price": "19.42",
            "revenue": 153361
        },
        "2011-09": {
            "month": "2011-09",
            "price": "18.91",
            "revenue": 147197
        },
        "2011-10": {
            "month": "2011-10",
            "price": "17.32",
            "revenue": 126579
        },
        "2011-11": {
            "month": "2011-11",
            "price": "16.81",
            "revenue": 75283
        },
        "2011-12": {
            "month": "2011-12",
            "price": "14.11",
            "revenue": 60391
        },
        "2012-01": {
            "month": "2012-01",
            "price": "14.20",
            "revenue": 45214
        },
        "2012-02": {
            "month": "2012-02",
            "price": "15.01",
            "revenue": 69733
        },
        "2012-03": {
            "month": "2012-03",
            "price": "16.46",
            "revenue": 124910
        },
        "2012-04": {
            "month": "2012-04",
            "price": "15.64",
            "revenue": 138765
        },
        "2012-05": {
            "month": "2012-05",
            "price": "14.27",
            "revenue": 156858
        },
        "2012-06": {
            "month": "2012-06",
            "price": "13.52",
            "revenue": 115336
        },
        "2012-07": {
            "month": "2012-07",
            "price": "13.38",
            "revenue": 106594
        },
        "2012-08": {
            "month": "2012-08",
            "price": "11.59",
            "revenue": 88661
        },
        "2012-09": {
            "month": "2012-09",
            "price": "11.84",
            "revenue": 73311
        },
        "2012-10": {
            "month": "2012-10",
            "price": "9.48",
            "revenue": 101513
        },
        "2012-11": {
            "month": "2012-11",
            "price": "9.46",
            "revenue": 66097
        },
        "2012-12": {
            "month": "2012-12",
            "price": "8.94",
            "revenue": 87872
        },
        "2013-01": {
            "month": "2013-01",
            "price": "9.23",
            "revenue": 123448
        },
        "2013-02": {
            "month": "2013-02",
            "price": "9.39",
            "revenue": 47100
        },
        "2013-03": {
            "month": "2013-03",
            "price": "9.21",
            "revenue": 113588
        },
        "2013-04": {
            "month": "2013-04",
            "price": "9.22",
            "revenue": 115635
        },
        "2013-05": {
            "month": "2013-05",
            "price": "13.62",
            "revenue": 104677
        },
        "2013-06": {
            "month": "2013-06",
            "price": "12.11",
            "revenue": 53393
        },
        "2013-07": {
            "month": "2013-07",
            "price": "12.87",
            "revenue": 74068
        },
        "2013-08": {
            "month": "2013-08",
            "price": "11.88",
            "revenue": 63224
        },
        "2013-09": {
            "month": "2013-09",
            "price": "12.62",
            "revenue": 65161
        },
        "2013-10": {
            "month": "2013-10",
            "price": "12.58",
            "revenue": 80057
        },
        "2013-11": {
            "month": "2013-11",
            "price": "11.15",
            "revenue": 59209
        },
        "2013-12": {
            "month": "2013-12",
            "price": "10.28",
            "revenue": 103503
        },
        "2014-01": {
            "month": "2014-01",
            "price": "11.19",
            "revenue": 95098
        },
        "2014-02": {
            "month": "2014-02",
            "price": "11.51",
            "revenue": 85442
        },
        "2014-03": {
            "month": "2014-03",
            "price": "12.57",
            "revenue": 108099
        },
        "2014-04": {
            "month": "2014-04",
            "price": "13.12",
            "revenue": 108621
        },
        "2014-05": {
            "month": "2014-05",
            "price": "15.87",
            "revenue": 98590
        },
        "2014-06": {
            "month": "2014-06",
            "price": "18.33",
            "revenue": 93145
        },
        "2014-07": {
            "month": "2014-07",
            "price": "29.45",
            "revenue": 98970
        },
        "2014-08": {
            "month": "2014-08",
            "price": "26.90",
            "revenue": 82123
        },
        "2014-09": {
            "month": "2014-09",
            "price": "26.68",
            "revenue": 113135
        },
        "2014-10": {
            "month": "2014-10",
            "price": "29.73",
            "revenue": 106259
        },
        "2014-11": {
            "month": "2014-11",
            "price": "31.77",
            "revenue": 98360
        },
        "2014-12": {
            "month": "2014-12",
            "price": "31.32",
            "revenue": 80275
        },
        "2015-01": {
            "month": "2015-01",
            "price": "30.16",
            "revenue": 37422
        },
        "2015-02": {
            "month": "2015-02",
            "price": "29.53",
            "revenue": 38513
        },
        "2015-03": {
            "month": "2015-03",
            "price": "26.35",
            "revenue": 83432
        },
        "2015-04": {
            "month": "2015-04",
            "price": "24.73",
            "revenue": 44745
        },
        "2015-05": {
            "month": "2015-05",
            "price": "22.60",
            "revenue": 42610
        },
        "2015-06": {
            "month": "2015-06",
            "price": "18.82",
            "revenue": 39542
        },
        "2015-07": {
            "month": "2015-07",
            "price": "16.55",
            "revenue": 28192
        },
        "2015-08": {
            "month": "2015-08",
            "price": "15.06",
            "revenue": 30356
        },
        "2015-09": {
            "month": "2015-09",
            "price": "12.67",
            "revenue": 29239
        },
        "2015-10": {
            "month": "2015-10",
            "price": "16.41",
            "revenue": 41966
        },
        "2015-11": {
            "month": "2015-11",
            "price": "14.75",
            "revenue": 34584
        },
        "2015-12": {
            "month": "2015-12",
            "price": "14.43",
            "revenue": 17743
        },
        "2016-01": {
            "month": "2016-01",
            "price": "23.45",
            "revenue": 6262
        },
        "2016-02": {
            "month": "2016-02",
            "price": "21.16",
            "revenue": 7843
        },
        "2016-03": {
            "month": "2016-03",
            "price": "19.38",
            "revenue": 78908
        },
        "2016-04": {
            "month": "2016-04",
            "price": "19.38",
            "revenue": 9940
        },
        "2016-05": {
            "month": "2016-05",
            "price": "18.24",
            "revenue": 807
        },
        "2016-06": {
            "month": "2016-06",
            "price": "16.65",
            "revenue": 1885
        },
        "2016-07": {
            "month": "2016-07",
            "price": "14.80",
            "revenue": 600
        },
        "2016-08": {
            "month": "2016-08",
            "price": "15.13",
            "revenue": 2350
        },
        "2016-09": {
            "month": "2016-09",
            "price": "13.63",
            "revenue": 2333
        },
        "2016-10": {
            "month": "2016-10",
            "price": "15.40",
            "revenue": 4601
        },
        "2016-11": {
            "month": "2016-11",
            "price": "14.83",
            "revenue": 2325
        },
        "2016-12": {
            "month": "2016-12",
            "price": "17.04",
            "revenue": 7344
        },
        "2017-01": {
            "month": "2017-01",
            "price": "19.98",
            "revenue": 20698
        },
        "2017-02": {
            "month": "2017-02",
            "price": "24.40",
            "revenue": 288
        },
        "2017-03": {
            "month": "2017-03",
            "price": "31.72",
            "revenue": 283
        },
        "2017-04": {
            "month": "2017-04",
            "price": "30.44",
            "revenue": 279
        },
        "2017-05": {
            "month": "2017-05",
            "price": "31.48",
            "revenue": 274
        },
        "2017-06": {
            "month": "2017-06",
            "price": "35.62",
            "revenue": 270
        },
        "2017-07": {
            "month": "2017-07",
            "price": "34.66",
            "revenue": 265
        },
        "2017-08": {
            "month": "2017-08",
            "price": "46.64",
            "revenue": 17687
        },
        "2017-09": {
            "month": "2017-09",
            "price": "51.12",
            "revenue": 15090
        },
        "2017-10": {
            "month": "2017-10",
            "price": "45.42",
            "revenue": 1802
        },
        "2017-11": {
            "month": "2017-11",
            "price": "49.52",
            "revenue": 21717
        },
        "2017-12": {
            "month": "2017-12",
            "price": "49.48",
            "revenue": 15906
        },
        "2018-01": {
            "month": "2018-01",
            "price": "50.88",
            "revenue": 7194
        },
        "2018-02": {
            "month": "2018-02",
            "price": "49.71",
            "revenue": 4011
        },
        "2018-03": {
            "month": "2018-03",
            "price": "55.61",
            "revenue": 40470
        },
        "2018-04": {
            "month": "2018-04",
            "price": "82.33",
            "revenue": 18491
        },
        "2018-05": {
            "month": "2018-05",
            "price": "70.89",
            "revenue": 95282
        },
        "2018-06": {
            "month": "2018-06",
            "price": "60.14",
            "revenue": 63709
        },
        "2018-07": {
            "month": "2018-07",
            "price": "50.67",
            "revenue": 29094
        },
        "2018-08": {
            "month": "2018-08",
            "price": "51.75",
            "revenue": 40502
        },
        "2018-09": {
            "month": "2018-09",
            "price": "51.96",
            "revenue": 68768
        },
        "2018-10": {
            "month": "2018-10",
            "price": "38.68",
            "revenue": 41143
        },
        "2018-11": {
            "month": "2018-11",
            "price": "34.15",
            "revenue": 39763
        },
        "2018-12": {
            "month": "2018-12",
            "price": "45.75",
            "revenue": 30638
        },
        "2019-01": {
            "month": "2019-01",
            "price": "49.27",
            "revenue": 4716
        },
        "2019-02": {
            "month": "2019-02",
            "price": "51.25",
            "revenue": 3070
        },
        "2019-03": {
            "month": "2019-03",
            "price": "51.38",
            "revenue": 42139
        },
        "2019-04": {
            "month": "2019-04",
            "price": "57.12",
            "revenue": 24172
        },
        "2019-05": {
            "month": "2019-05",
            "price": "57.25",
            "revenue": 32484
        },
        "2019-06": {
            "month": "2019-06",
            "price": "57.97",
            "revenue": 10397
        },
        "2019-07": {
            "month": "2019-07",
            "price": "56.37",
            "revenue": 41830
        },
        "2019-08": {
            "month": "2019-08",
            "price": "52.60",
            "revenue": 9948
        },
        "2019-09": {
            "month": "2019-09",
            "price": "51.15",
            "revenue": 18930
        },
        "2019-10": {
            "month": "2019-10",
            "price": "48.74",
            "revenue": 7963
        },
        "2019-11": {
            "month": "2019-11",
            "price": "39.48",
            "revenue": 34973
        },
        "2019-12": {
            "month": "2019-12",
            "price": "32.88",
            "revenue": 51761
        },
        "2020-01": {
            "month": "2020-01",
            "price": "32.15",
            "revenue": 5886
        },
        "2020-02": {
            "month": "2020-02",
            "price": "30.69",
            "revenue": 0
        },
        "2020-03": {
            "month": "2020-03",
            "price": "26.66",
            "revenue": 608
        },
        "2020-04": {
            "month": "2020-04",
            "price": "25.28",
            "revenue": 14565
        },
        "2020-05": {
            "month": "2020-05",
            "price": "27.60",
            "revenue": 2480
        },
        "2020-06": {
            "month": "2020-06",
            "price": "30.79",
            "revenue": 476
        },
        "2020-07": {
            "month": "2020-07",
            "price": "29.93",
            "revenue": 300
        },
        "2020-08": {
            "month": "2020-08",
            "price": "26.47",
            "revenue": 200
        },
        "2020-09": {
            "month": "2020-09",
            "price": "24.80",
            "revenue": 250
        },
        "2020-10": {
            "month": "2020-10",
            "price": "24.99",
            "revenue": 6392
        },
        "2020-11": {
            "month": "2020-11",
            "price": "24.50",
            "revenue": 22500
        },
        "2020-12": {
            "month": "2020-12",
            "price": "24.31",
            "revenue": 7172
        },
        "2021-01": {
            "month": "2021-01",
            "price": "24.34",
            "revenue": 10049
        },
        "2021-02": {
            "month": "2021-02",
            "price": "23.88",
            "revenue": 4000
        },
        "2021-03": {
            "month": "2021-03",
            "price": "22.72",
            "revenue": 143
        },
        "2021-04": {
            "month": "2021-04",
            "price": "22.15",
            "revenue": 200
        },
        "2021-05": {
            "month": "2021-05",
            "price": "19.60",
            "revenue": 50
        },
        "2021-06": {
            "month": "2021-06",
            "price": "18.70",
            "revenue": 106
        },
        "2021-07": {
            "month": "2021-07",
            "price": "19.18",
            "revenue": 158
        },
        "2021-08": {
            "month": "2021-08",
            "price": "19.03",
            "revenue": 159
        },
        "2021-09": {
            "month": "2021-09",
            "price": "19.61",
            "revenue": 59
        },
        "2021-10": {
            "month": "2021-10",
            "price": "19.99",
            "revenue": 2550
        },
        "2021-11": {
            "month": "2021-11",
            "price": "19.57",
            "revenue": 560
        },
        "2021-12": {
            "month": "2021-12",
            "price": "20.43",
            "revenue": 1250
        },
        "2022-01": {
            "month": "2022-01",
            "price": "22.08",
            "revenue": 500
        },
        "2022-02": {
            "month": "2022-02",
            "price": "21.98",
            "revenue": 40411
        },
        "2022-03": {
            "month": "2022-03",
            "price": "22.03",
            "revenue": 1258
        },
        "2022-04": {
            "month": "2022-04",
            "price": "22.43",
            "revenue": 1620
        },
        "2022-05": {
            "month": "2022-05",
            "price": "22.42",
            "revenue": 50
        },
        "2022-06": {
            "month": "2022-06",
            "price": "21.78",
            "revenue": 57
        },
        "2022-07": {
            "month": "2022-07",
            "price": "21.57",
            "revenue": 9
        },
        "2022-08": {
            "month": "2022-08",
            "price": "20.80",
            "revenue": 9988
        },
        "2022-09": {
            "month": "2022-09",
            "price": "20.64",
            "revenue": 96
        },
        "2022-10": {
            "month": "2022-10",
            "price": "24.64",
            "revenue": 30
        },
        "2022-11": {
            "month": "2022-11",
            "price": "20.23",
            "revenue": 15
        },
        "2022-12": {
            "month": "2022-12",
            "price": "24.76",
            "revenue": 1950
        },
        "2023-01": {
            "month": "2023-01",
            "price": "25.47",
            "revenue": 204828
        },
        "2023-02": {
            "month": "2023-02",
            "price": "31.19",
            "revenue": 26523
        },
        "2023-03": {
            "month": "2023-03",
            "price": "37.55",
            "revenue": 27071
        },
        "2023-04": {
            "month": "2023-04",
            "price": "48.37",
            "revenue": 6689
        }
    }
}
