{
    "summary": {
        "stock_name": "合邦",
        "stock_id": "6103",
        "category": "半導體",
        "main_business": "研究、開發、生產、製造、銷售以下產品<br>影音、光碟、顯示器、電源管理、通訊系統之半導體零組件<br>客戶委託開發之半導體零組件",
        "website_url": "http://www.avid.com.tw",
        "ceo": "林逸洲",
        "pe_ratio": -41,
        "report_year_from": 2001,
        "report_year_to": 2023,
        "age": 22,
        "eps_negative_percentage": 65,
        "eps_growth_avg": {
            "last_all": -9.65,
            "last_2y": -100,
            "last_4y": -60.57,
            "last_8y": 3.66,
            "last_12y": 3.66,
            "last_16y": 3.66,
            "last_20y": -9.65,
            "at_2006_last_3y": -31.82,
            "at_2007_last_3y": -60.94,
            "at_2008_last_3y": -100,
            "at_2009_last_3y": null,
            "at_2010_last_3y": null,
            "at_2011_last_3y": null,
            "at_2012_last_3y": null,
            "at_2013_last_3y": null,
            "at_2014_last_3y": null,
            "at_2015_last_3y": null,
            "at_2016_last_3y": 100,
            "at_2017_last_3y": 100,
            "at_2018_last_3y": 49.69,
            "at_2019_last_3y": 29.57,
            "at_2020_last_3y": -20.43,
            "at_2021_last_3y": -60.57,
            "at_2022_last_3y": -65.38,
            "at_2023_last_3y": -65.38,
            "at_2006_last_all": -31.82,
            "at_2007_last_all": -31.82,
            "at_2008_last_all": -31.82,
            "at_2009_last_all": -31.82,
            "at_2010_last_all": -31.82,
            "at_2011_last_all": -31.82,
            "at_2012_last_all": -31.82,
            "at_2013_last_all": -31.82,
            "at_2014_last_all": -31.82,
            "at_2015_last_all": -31.82,
            "at_2016_last_all": 1.13,
            "at_2017_last_all": 20.91,
            "at_2018_last_all": 8.93,
            "at_2019_last_all": 3.26,
            "at_2020_last_all": -9.65,
            "at_2021_last_all": -9.65,
            "at_2022_last_all": -9.65,
            "at_2023_last_all": -9.65
        },
        "latest_eps": -0.75,
        "latest_price": 30.5,
        "latest_roe": -7.95,
        "latest_gross_margin": 11.68,
        "latest_equity": 122513,
        "latest_revenue": 12300,
        "latest_gross_profit": 1437,
        "latest_net_income": -3539,
        "latest_debt_ratio": 22.65,
        "latest_current_ratio": 404.13,
        "latest_account_receivable_turnover_ratio": 0.44,
        "latest_inventory_turnover_ratio": 0.64,
        "latest_reinvestment_rate": null,
        "latest_research_to_sale_ratio": 6.15
    },
    "eps_dividends": {
        "2001": {
            "cash": 0,
            "stock": 0,
            "eps": -2.78
        },
        "2002": {
            "cash": 0,
            "stock": 0,
            "eps": 4.81
        },
        "2003": {
            "cash": 0,
            "stock": 2,
            "eps": 6.08
        },
        "2004": {
            "cash": 1,
            "stock": 2,
            "eps": 4.75
        },
        "2005": {
            "cash": 2,
            "stock": 2,
            "eps": -1.71
        },
        "2006": {
            "cash": 0,
            "stock": 0,
            "eps": -1.75
        },
        "2007": {
            "cash": 0,
            "stock": 0,
            "eps": -6.73
        },
        "2008": {
            "cash": 0,
            "stock": 0,
            "eps": -4.91
        },
        "2009": {
            "cash": 0,
            "stock": 0,
            "eps": -3.32
        },
        "2010": {
            "cash": 0,
            "stock": 0,
            "eps": -1.87
        },
        "2011": {
            "cash": 0,
            "stock": 0,
            "eps": -1.63
        },
        "2012": {
            "cash": 0,
            "stock": 0,
            "eps": -0.93
        },
        "2013": {
            "cash": 0,
            "stock": 0,
            "eps": -0.52
        },
        "2014": {
            "cash": 0,
            "stock": 0,
            "eps": -0.46
        },
        "2015": {
            "cash": 0,
            "stock": 0,
            "eps": 0.04
        },
        "2016": {
            "cash": 0,
            "stock": 0,
            "eps": 0.11
        },
        "2017": {
            "cash": 0,
            "stock": 0,
            "eps": 0.53
        },
        "2018": {
            "cash": 0,
            "stock": 0,
            "eps": 0.26
        },
        "2019": {
            "cash": 0,
            "stock": 0,
            "eps": 0.18
        },
        "2020": {
            "cash": 0,
            "stock": 0,
            "eps": -1.94
        },
        "2021": {
            "cash": 0,
            "stock": 0,
            "eps": -0.05
        },
        "2022": {
            "cash": 0,
            "stock": 0,
            "eps": -0.3
        },
        "2023": {
            "cash": 0,
            "stock": 0,
            "eps": -0.26
        }
    },
    "dividends": {
        "2003-05-13": {
            "cash": 0,
            "stock": 1.77
        },
        "2004-03-15": {
            "cash": 0.5,
            "stock": 2
        },
        "2005-03-18": {
            "cash": 1.5,
            "stock": 1.5
        }
    },
    "prices": {
        "200101": "無",
        "200102": "無",
        "200103": "無",
        "200104": "無",
        "200105": "23.62",
        "200106": "22.80",
        "200107": "15.44",
        "200108": "10.59",
        "200109": "7.64",
        "200110": "8.01",
        "200111": "12.03",
        "200112": "14.71",
        "200201": "17.10",
        "200202": "26.96",
        "200203": "65.23",
        "200204": "93.50",
        "200205": "84.05",
        "200206": "73.98",
        "200207": "76.15",
        "200208": "65.13",
        "200209": "43.94",
        "200210": "39.48",
        "200211": "51.47",
        "200212": "49.46",
        "200301": "47.87",
        "200302": "47.71",
        "200303": "52.33",
        "200304": "49.44",
        "200305": "57.20",
        "200306": "63.12",
        "200307": "59.48",
        "200308": "58.33",
        "200309": "61.69",
        "200310": "59.36",
        "200311": "56.52",
        "200312": "55.11",
        "200401": "58.30",
        "200402": "65.48",
        "200403": "62.07",
        "200404": "61.39",
        "200405": "55.02",
        "200406": "50.48",
        "200407": "43.14",
        "200408": "34.48",
        "200409": "31.23",
        "200410": "26.00",
        "200411": "30.67",
        "200412": "35.31",
        "200501": "29.83",
        "200502": "35.82",
        "200503": "37.07",
        "200504": "30.64",
        "200505": "26.87",
        "200506": "28.97",
        "200507": "27.04",
        "200508": "22.00",
        "200509": "17.38",
        "200510": "14.73",
        "200511": "15.43",
        "200512": "17.33",
        "200601": "17.11",
        "200602": "16.34",
        "200603": "17.42",
        "200604": "18.76",
        "200605": "17.63",
        "200606": "14.92",
        "200607": "17.39",
        "200608": "18.30",
        "200609": "20.80",
        "200610": "22.72",
        "200611": "20.36",
        "200612": "21.97",
        "200701": "26.81",
        "200702": "24.00",
        "200703": "27.16",
        "200704": "27.13",
        "200705": "26.00",
        "200706": "27.02",
        "200707": "27.59",
        "200708": "25.68",
        "200709": "15.99",
        "200710": "15.32",
        "200711": "11.10",
        "200712": "11.48",
        "200801": "11.13",
        "200802": "9.88",
        "200803": "9.47",
        "200804": "8.28",
        "200805": "3.15",
        "200806": "1.77",
        "200807": "1.62",
        "200808": "1.56",
        "200809": "1.01",
        "200810": "1.05",
        "200811": "1.09",
        "200812": "1.18",
        "200901": "1.54",
        "200902": "2.00",
        "200903": "2.80",
        "200904": "2.74",
        "200905": "2.61",
        "200906": "2.71",
        "200907": "2.47",
        "200908": "2.52",
        "200909": "2.36",
        "200910": "2.94",
        "200911": "6.36",
        "200912": "5.66",
        "201001": "5.56",
        "201002": "5.78",
        "201003": "6.32",
        "201004": "5.44",
        "201005": "4.61",
        "201006": "4.57",
        "201007": "5.26",
        "201008": "4.97",
        "201009": "6.06",
        "201010": "5.46",
        "201011": "4.08",
        "201012": "3.80",
        "201101": "3.92",
        "201102": "4.03",
        "201103": "4.19",
        "201104": "4.80",
        "201105": "4.34",
        "201106": "3.68",
        "201107": "3.70",
        "201108": "3.75",
        "201109": "3.75",
        "201110": "3.61",
        "201111": "3.67",
        "201112": "3.73",
        "201201": "3.71",
        "201202": "3.62",
        "201203": "3.05",
        "201204": "2.69",
        "201205": "2.19",
        "201206": "2.04",
        "201207": "1.98",
        "201208": "2.06",
        "201209": "2.07",
        "201210": "1.61",
        "201211": "1.47",
        "201212": "1.59",
        "201301": "1.96",
        "201302": "2.39",
        "201303": "2.53",
        "201304": "2.68",
        "201305": "2.75",
        "201306": "3.02",
        "201307": "3.12",
        "201308": "2.92",
        "201309": "2.11",
        "201310": "1.83",
        "201311": "1.64",
        "201312": "1.68",
        "201401": "2.36",
        "201402": "2.81",
        "201403": "3.30",
        "201404": "3.17",
        "201405": "2.92",
        "201406": "3.69",
        "201407": "4.44",
        "201408": "3.28",
        "201409": "2.54",
        "201410": "2.26",
        "201411": "2.58",
        "201412": "2.50",
        "201501": "3.06",
        "201502": "2.95",
        "201503": "9.37",
        "201504": "9.19",
        "201505": "9.70",
        "201506": "10.38",
        "201507": "10.07",
        "201508": "7.06",
        "201509": "7.27",
        "201510": "7.02",
        "201511": "7.47",
        "201512": "6.19",
        "201601": "6.00",
        "201602": "7.38",
        "201603": "8.71",
        "201604": "11.89",
        "201605": "16.16",
        "201606": "13.92",
        "201607": "12.77",
        "201608": "16.59",
        "201609": "15.34",
        "201610": "14.72",
        "201611": "12.68",
        "201612": "15.30",
        "201701": "14.18",
        "201702": "14.34",
        "201703": "14.00",
        "201704": "12.38",
        "201705": "11.07",
        "201706": "10.85",
        "201707": "10.34",
        "201708": "10.46",
        "201709": "10.74",
        "201710": "10.61",
        "201711": "9.38",
        "201712": "8.50",
        "201801": "9.30",
        "201802": "12.28",
        "201803": "13.46",
        "201804": "10.34",
        "201805": "10.38",
        "201806": "11.65",
        "201807": "11.21",
        "201808": "11.02",
        "201809": "14.78",
        "201810": "11.00",
        "201811": "10.60",
        "201812": "11.85",
        "201901": "11.92",
        "201902": "11.78",
        "201903": "11.15",
        "201904": "11.32",
        "201905": "11.36",
        "201906": "11.35",
        "201907": "11.71",
        "201908": "11.80",
        "201909": "10.58",
        "201910": "10.01",
        "201911": "10.27",
        "201912": "9.78",
        "202001": "9.77",
        "202002": "8.03",
        "202003": "8.24",
        "202004": "6.03",
        "202005": "5.50",
        "202006": "7.67",
        "202007": "8.07",
        "202008": "7.63",
        "202009": "7.51",
        "202010": "7.43",
        "202011": "6.28",
        "202012": "6.21",
        "202101": "8.62",
        "202102": "8.89",
        "202103": "7.71",
        "202104": "12.43",
        "202105": "9.48",
        "202106": "8.63",
        "202107": "8.46",
        "202108": "7.42",
        "202109": "7.34",
        "202110": "7.11",
        "202111": "7.50",
        "202112": "7.96",
        "202201": "8.56",
        "202202": "8.41",
        "202203": "7.91",
        "202204": "7.31",
        "202205": "5.61",
        "202206": "5.62",
        "202207": "5.56",
        "202208": "7.04",
        "202209": "7.70",
        "202210": "7.24",
        "202211": "7.01",
        "202212": "6.86",
        "202301": "6.39",
        "202302": "6.60",
        "202303": "37.44",
        "202304": "40.37",
        "202305": "33.95"
    },
    "quarters": {
        "20011": {
            "year_quarter": 20011,
            "year": 2001,
            "quarter": 1,
            "eps": -0.68,
            "eps_growth_year": null,
            "eps_4q": null,
            "eps_4q_growth_year": null,
            "roe": -7,
            "roe_4q": -7,
            "gross_profit": 6448,
            "gross_margin": 20.04,
            "gross_margin_4q_avg": 20.04,
            "net_income": -28200,
            "revenue": 32183,
            "common_shares": 413394,
            "book_valuer_per_share": 9.41,
            "book_valuer_per_share_4q_avg": 9.41,
            "equity": 389026,
            "current_ratio": 978.28,
            "debt_ratio": 9.93,
            "inventory_turnover_ratio": 0.3,
            "account_receivable_turnover_ratio": null,
            "reinvestment_rate": null,
            "research_to_sale_ratio": null,
            "price_fair": 0,
            "eps_avg_yearly": 0,
            "eps_latest_yearly": 0,
            "eps_growth_yearly": 0
        },
        "20012": {
            "year_quarter": 20012,
            "year": 2001,
            "quarter": 2,
            "eps": -0.5,
            "eps_growth_year": null,
            "eps_4q": -0.59,
            "eps_4q_growth_year": null,
            "roe": -5.51,
            "roe_4q": -12.51,
            "gross_profit": 18145,
            "gross_margin": 16.82,
            "gross_margin_4q_avg": 18.43,
            "net_income": -20851,
            "revenue": 107868,
            "common_shares": 413394,
            "book_valuer_per_share": 8.91,
            "book_valuer_per_share_4q_avg": 9.16,
            "equity": 368175,
            "current_ratio": 682.36,
            "debt_ratio": 13.31,
            "inventory_turnover_ratio": 1.7,
            "account_receivable_turnover_ratio": null,
            "reinvestment_rate": null,
            "research_to_sale_ratio": null,
            "price_fair": 0,
            "eps_avg_yearly": 0,
            "eps_latest_yearly": 0,
            "eps_growth_yearly": 0
        },
        "20013": {
            "year_quarter": 20013,
            "year": 2001,
            "quarter": 3,
            "eps": -0.88,
            "eps_growth_year": -728.57,
            "eps_4q": -1.61,
            "eps_4q_growth_year": null,
            "roe": -10.41,
            "roe_4q": -22.92,
            "gross_profit": 2720,
            "gross_margin": 7.25,
            "gross_margin_4q_avg": 14.7,
            "net_income": -36445,
            "revenue": 37512,
            "common_shares": 413394,
            "book_valuer_per_share": 8.02,
            "book_valuer_per_share_4q_avg": 8.78,
            "equity": 331730,
            "current_ratio": 620.56,
            "debt_ratio": 13.87,
            "inventory_turnover_ratio": 1.6,
            "account_receivable_turnover_ratio": null,
            "reinvestment_rate": null,
            "research_to_sale_ratio": null,
            "price_fair": 0,
            "eps_avg_yearly": 0,
            "eps_latest_yearly": 0,
            "eps_growth_yearly": 0
        },
        "20014": {
            "year_quarter": 20014,
            "year": 2001,
            "quarter": 4,
            "eps": -0.72,
            "eps_growth_year": -256.52,
            "eps_4q": -2.79,
            "eps_4q_growth_year": null,
            "roe": -9.41,
            "roe_4q": -32.33,
            "gross_profit": -11522,
            "gross_margin": -16.18,
            "gross_margin_4q_avg": 6.98,
            "net_income": -29823,
            "revenue": 71195,
            "common_shares": 413394,
            "book_valuer_per_share": 7.3,
            "book_valuer_per_share_4q_avg": 8.41,
            "equity": 301907,
            "current_ratio": 290.29,
            "debt_ratio": 26.45,
            "inventory_turnover_ratio": 2.78,
            "account_receivable_turnover_ratio": null,
            "reinvestment_rate": null,
            "research_to_sale_ratio": null,
            "price_fair": 0,
            "eps_avg_yearly": 0,
            "eps_latest_yearly": 0,
            "eps_growth_yearly": 0
        },
        "20021": {
            "year_quarter": 20021,
            "year": 2002,
            "quarter": 1,
            "eps": 0.73,
            "eps_growth_year": null,
            "eps_4q": -1.38,
            "eps_4q_growth_year": null,
            "roe": 9.5,
            "roe_4q": -15.83,
            "gross_profit": 59427,
            "gross_margin": 35.39,
            "gross_margin_4q_avg": 10.82,
            "net_income": 30111,
            "revenue": 167928,
            "common_shares": 413394,
            "book_valuer_per_share": 8.03,
            "book_valuer_per_share_4q_avg": 8.07,
            "equity": 332018,
            "current_ratio": 248.44,
            "debt_ratio": 32.84,
            "inventory_turnover_ratio": 2.14,
            "account_receivable_turnover_ratio": null,
            "reinvestment_rate": null,
            "research_to_sale_ratio": null,
            "price_fair": 0,
            "eps_avg_yearly": 0,
            "eps_latest_yearly": 0,
            "eps_growth_yearly": 0
        },
        "20022": {
            "year_quarter": 20022,
            "year": 2002,
            "quarter": 2,
            "eps": 2.41,
            "eps_growth_year": null,
            "eps_4q": 1.53,
            "eps_4q_growth_year": null,
            "roe": 26.08,
            "roe_4q": 15.759999999999998,
            "gross_profit": 153636,
            "gross_margin": 40.4,
            "gross_margin_4q_avg": 16.72,
            "net_income": 99559,
            "revenue": 380286,
            "common_shares": 413394,
            "book_valuer_per_share": 10.44,
            "book_valuer_per_share_4q_avg": 8.45,
            "equity": 431577,
            "current_ratio": 345.96,
            "debt_ratio": 25.88,
            "inventory_turnover_ratio": 3.14,
            "account_receivable_turnover_ratio": null,
            "reinvestment_rate": null,
            "research_to_sale_ratio": null,
            "price_fair": 337.4,
            "eps_avg_yearly": 9.64,
            "eps_latest_yearly": 9.64,
            "eps_growth_yearly": 920.55
        },
        "20023": {
            "year_quarter": 20023,
            "year": 2002,
            "quarter": 3,
            "eps": 0.58,
            "eps_growth_year": null,
            "eps_4q": 2.99,
            "eps_4q_growth_year": null,
            "roe": 4.72,
            "roe_4q": 30.889999999999997,
            "gross_profit": 96589,
            "gross_margin": 40.48,
            "gross_margin_4q_avg": 25.02,
            "net_income": 24033,
            "revenue": 238582,
            "common_shares": 514332,
            "book_valuer_per_share": 11.4,
            "book_valuer_per_share_4q_avg": 9.29,
            "equity": 586398,
            "current_ratio": 323.52,
            "debt_ratio": 23.91,
            "inventory_turnover_ratio": 1.23,
            "account_receivable_turnover_ratio": null,
            "reinvestment_rate": null,
            "research_to_sale_ratio": null,
            "price_fair": 209.3,
            "eps_avg_yearly": 5.98,
            "eps_latest_yearly": 2.32,
            "eps_growth_yearly": 308.41
        },
        "20024": {
            "year_quarter": 20024,
            "year": 2002,
            "quarter": 4,
            "eps": 1.09,
            "eps_growth_year": null,
            "eps_4q": 4.82,
            "eps_4q_growth_year": null,
            "roe": 7.06,
            "roe_4q": 47.36,
            "gross_profit": 70816,
            "gross_margin": 39.5,
            "gross_margin_4q_avg": 38.94,
            "net_income": 44939,
            "revenue": 179259,
            "common_shares": 543425,
            "book_valuer_per_share": 12.47,
            "book_valuer_per_share_4q_avg": 10.59,
            "equity": 686709,
            "current_ratio": 367.82,
            "debt_ratio": 24.14,
            "inventory_turnover_ratio": 0.75,
            "account_receivable_turnover_ratio": null,
            "reinvestment_rate": null,
            "research_to_sale_ratio": null,
            "price_fair": 190.4,
            "eps_avg_yearly": 5.44,
            "eps_latest_yearly": 4.36,
            "eps_growth_yearly": 322.85
        },
        "20031": {
            "year_quarter": 20031,
            "year": 2003,
            "quarter": 1,
            "eps": 0.99,
            "eps_growth_year": 35.62,
            "eps_4q": 5.08,
            "eps_4q_growth_year": null,
            "roe": 5.81,
            "roe_4q": 43.67,
            "gross_profit": 91010,
            "gross_margin": 39.97,
            "gross_margin_4q_avg": 40.09,
            "net_income": 40814,
            "revenue": 227691,
            "common_shares": 543425,
            "book_valuer_per_share": 13.23,
            "book_valuer_per_share_4q_avg": 11.89,
            "equity": 718701,
            "current_ratio": 501.66,
            "debt_ratio": 15.09,
            "inventory_turnover_ratio": 0.97,
            "account_receivable_turnover_ratio": null,
            "reinvestment_rate": null,
            "research_to_sale_ratio": null,
            "price_fair": 177.45,
            "eps_avg_yearly": 5.07,
            "eps_latest_yearly": 3.96,
            "eps_growth_yearly": 232.96
        },
        "20032": {
            "year_quarter": 20032,
            "year": 2003,
            "quarter": 2,
            "eps": 1.72,
            "eps_growth_year": -28.63,
            "eps_4q": 3.47,
            "eps_4q_growth_year": 126.14,
            "roe": 13.98,
            "roe_4q": 31.569999999999997,
            "gross_profit": 191769,
            "gross_margin": 42.53,
            "gross_margin_4q_avg": 40.62,
            "net_income": 107857,
            "revenue": 450872,
            "common_shares": 626926,
            "book_valuer_per_share": 13.14,
            "book_valuer_per_share_4q_avg": 12.56,
            "equity": 823975,
            "current_ratio": 349.52,
            "debt_ratio": 22.28,
            "inventory_turnover_ratio": 1.88,
            "account_receivable_turnover_ratio": null,
            "reinvestment_rate": null,
            "research_to_sale_ratio": null,
            "price_fair": 190.12,
            "eps_avg_yearly": 5.43,
            "eps_latest_yearly": 6.88,
            "eps_growth_yearly": 245.36
        },
        "20033": {
            "year_quarter": 20033,
            "year": 2003,
            "quarter": 3,
            "eps": 2.33,
            "eps_growth_year": 301.72,
            "eps_4q": 5.3,
            "eps_4q_growth_year": 77.22,
            "roe": 13.69,
            "roe_4q": 40.540000000000006,
            "gross_profit": 243900,
            "gross_margin": 40.58,
            "gross_margin_4q_avg": 40.65,
            "net_income": 151977,
            "revenue": 601086,
            "common_shares": 746926,
            "book_valuer_per_share": 18.69,
            "book_valuer_per_share_4q_avg": 14.38,
            "equity": 1395952,
            "current_ratio": 487.83,
            "debt_ratio": 17.56,
            "inventory_turnover_ratio": 2.94,
            "account_receivable_turnover_ratio": null,
            "reinvestment_rate": null,
            "research_to_sale_ratio": null,
            "price_fair": 212.8,
            "eps_avg_yearly": 6.08,
            "eps_latest_yearly": 9.32,
            "eps_growth_yearly": 228.11
        },
        "20034": {
            "year_quarter": 20034,
            "year": 2003,
            "quarter": 4,
            "eps": 1.04,
            "eps_growth_year": -4.59,
            "eps_4q": 5.47,
            "eps_4q_growth_year": 13.59,
            "roe": 4.91,
            "roe_4q": 38.39,
            "gross_profit": 142539,
            "gross_margin": 34.87,
            "gross_margin_4q_avg": 39.49,
            "net_income": 70538,
            "revenue": 408827,
            "common_shares": 746926,
            "book_valuer_per_share": 19.63,
            "book_valuer_per_share_4q_avg": 16.17,
            "equity": 1475659,
            "current_ratio": 614.51,
            "debt_ratio": 15.02,
            "inventory_turnover_ratio": 2.41,
            "account_receivable_turnover_ratio": null,
            "reinvestment_rate": null,
            "research_to_sale_ratio": null,
            "price_fair": 203.2,
            "eps_avg_yearly": 5.81,
            "eps_latest_yearly": 4.16,
            "eps_growth_yearly": 163.88
        },
        "20041": {
            "year_quarter": 20041,
            "year": 2004,
            "quarter": 1,
            "eps": 1.19,
            "eps_growth_year": 20.2,
            "eps_4q": 5.6,
            "eps_4q_growth_year": 10.25,
            "roe": 5.9,
            "roe_4q": 38.480000000000004,
            "gross_profit": 166862,
            "gross_margin": 36.82,
            "gross_margin_4q_avg": 38.7,
            "net_income": 89180,
            "revenue": 453144,
            "common_shares": 746926,
            "book_valuer_per_share": 20.69,
            "book_valuer_per_share_4q_avg": 18.04,
            "equity": 1545564,
            "current_ratio": 430.43,
            "debt_ratio": 18.79,
            "inventory_turnover_ratio": 1.56,
            "account_receivable_turnover_ratio": null,
            "reinvestment_rate": null,
            "research_to_sale_ratio": null,
            "price_fair": 198.63,
            "eps_avg_yearly": 5.68,
            "eps_latest_yearly": 4.76,
            "eps_growth_yearly": 150.61
        },
        "20042": {
            "year_quarter": 20042,
            "year": 2004,
            "quarter": 2,
            "eps": 1.35,
            "eps_growth_year": -21.51,
            "eps_4q": 5.58,
            "eps_4q_growth_year": 60.87,
            "roe": 6.67,
            "roe_4q": 31.17,
            "gross_profit": 194950,
            "gross_margin": 29.04,
            "gross_margin_4q_avg": 35.33,
            "net_income": 99398,
            "revenue": 671427,
            "common_shares": 746926,
            "book_valuer_per_share": 19.23,
            "book_valuer_per_share_4q_avg": 19.56,
            "equity": 1436160,
            "current_ratio": 375.7,
            "debt_ratio": 20.22,
            "inventory_turnover_ratio": 1.89,
            "account_receivable_turnover_ratio": null,
            "reinvestment_rate": 13.85,
            "research_to_sale_ratio": null,
            "price_fair": 197.56,
            "eps_avg_yearly": 5.64,
            "eps_latest_yearly": 5.4,
            "eps_growth_yearly": 139.85
        },
        "20043": {
            "year_quarter": 20043,
            "year": 2004,
            "quarter": 3,
            "eps": 0.81,
            "eps_growth_year": -65.24,
            "eps_4q": 3.68,
            "eps_4q_growth_year": -30.5,
            "roe": 4.96,
            "roe_4q": 22.44,
            "gross_profit": 168000,
            "gross_margin": 26.87,
            "gross_margin_4q_avg": 31.9,
            "net_income": 73077,
            "revenue": 625129,
            "common_shares": 917401,
            "book_valuer_per_share": 16.47,
            "book_valuer_per_share_4q_avg": 19.01,
            "equity": 1510512,
            "current_ratio": 368.79,
            "debt_ratio": 20.43,
            "inventory_turnover_ratio": 2.23,
            "account_receivable_turnover_ratio": null,
            "reinvestment_rate": 12.51,
            "research_to_sale_ratio": null,
            "price_fair": 189.14,
            "eps_avg_yearly": 5.4,
            "eps_latest_yearly": 3.24,
            "eps_growth_yearly": 109.87
        },
        "20044": {
            "year_quarter": 20044,
            "year": 2004,
            "quarter": 4,
            "eps": 1.4,
            "eps_growth_year": 34.62,
            "eps_4q": 4.31,
            "eps_4q_growth_year": -21.18,
            "roe": 7.88,
            "roe_4q": 25.409999999999997,
            "gross_profit": 228099,
            "gross_margin": 37.88,
            "gross_margin_4q_avg": 32.65,
            "net_income": 125737,
            "revenue": 602169,
            "common_shares": 922640,
            "book_valuer_per_share": 17.9,
            "book_valuer_per_share_4q_avg": 18.57,
            "equity": 1679894,
            "current_ratio": 561.25,
            "debt_ratio": 15.65,
            "inventory_turnover_ratio": 2.64,
            "account_receivable_turnover_ratio": null,
            "reinvestment_rate": 11.96,
            "research_to_sale_ratio": null,
            "price_fair": 189.76,
            "eps_avg_yearly": 5.42,
            "eps_latest_yearly": 5.6,
            "eps_growth_yearly": 126.37
        },
        "20051": {
            "year_quarter": 20051,
            "year": 2005,
            "quarter": 1,
            "eps": -0.55,
            "eps_growth_year": -146.22,
            "eps_4q": 2.78,
            "eps_4q_growth_year": -50.42,
            "roe": -3,
            "roe_4q": 16.509999999999998,
            "gross_profit": 51466,
            "gross_margin": 24.46,
            "gross_margin_4q_avg": 29.56,
            "net_income": -49321,
            "revenue": 210388,
            "common_shares": 924815,
            "book_valuer_per_share": 17.39,
            "book_valuer_per_share_4q_avg": 17.75,
            "equity": 1608115,
            "current_ratio": 580.63,
            "debt_ratio": 12.88,
            "inventory_turnover_ratio": 1.19,
            "account_receivable_turnover_ratio": null,
            "reinvestment_rate": 13.1,
            "research_to_sale_ratio": null,
            "price_fair": 189.76,
            "eps_avg_yearly": 5.42,
            "eps_latest_yearly": 5.6,
            "eps_growth_yearly": 126.37
        },
        "20052": {
            "year_quarter": 20052,
            "year": 2005,
            "quarter": 2,
            "eps": -0.4,
            "eps_growth_year": -129.63,
            "eps_4q": 1.23,
            "eps_4q_growth_year": -78,
            "roe": -2.38,
            "roe_4q": 7.46,
            "gross_profit": 71821,
            "gross_margin": 21.92,
            "gross_margin_4q_avg": 27.78,
            "net_income": -35873,
            "revenue": 327650,
            "common_shares": 924815,
            "book_valuer_per_share": 15.24,
            "book_valuer_per_share_4q_avg": 16.75,
            "equity": 1409604,
            "current_ratio": 299.12,
            "debt_ratio": 24.66,
            "inventory_turnover_ratio": 1.77,
            "account_receivable_turnover_ratio": null,
            "reinvestment_rate": 13,
            "research_to_sale_ratio": null,
            "price_fair": 189.76,
            "eps_avg_yearly": 5.42,
            "eps_latest_yearly": 5.6,
            "eps_growth_yearly": 126.37
        },
        "20053": {
            "year_quarter": 20053,
            "year": 2005,
            "quarter": 3,
            "eps": -0.07,
            "eps_growth_year": -108.64,
            "eps_4q": 0.31,
            "eps_4q_growth_year": -91.69,
            "roe": -0.54,
            "roe_4q": 1.96,
            "gross_profit": 60254,
            "gross_margin": 17.62,
            "gross_margin_4q_avg": 25.47,
            "net_income": -7548,
            "revenue": 341996,
            "common_shares": 1077986,
            "book_valuer_per_share": 12.97,
            "book_valuer_per_share_4q_avg": 15.88,
            "equity": 1398005,
            "current_ratio": 307.96,
            "debt_ratio": 23.75,
            "inventory_turnover_ratio": 2.03,
            "account_receivable_turnover_ratio": null,
            "reinvestment_rate": 11.99,
            "research_to_sale_ratio": null,
            "price_fair": 189.76,
            "eps_avg_yearly": 5.42,
            "eps_latest_yearly": 5.6,
            "eps_growth_yearly": 126.37
        },
        "20054": {
            "year_quarter": 20054,
            "year": 2005,
            "quarter": 4,
            "eps": -0.69,
            "eps_growth_year": -149.29,
            "eps_4q": -1.55,
            "eps_4q_growth_year": -135.95,
            "roe": -5.35,
            "roe_4q": -11.27,
            "gross_profit": 45999,
            "gross_margin": 14.43,
            "gross_margin_4q_avg": 19.61,
            "net_income": -71734,
            "revenue": 318701,
            "common_shares": 1077986,
            "book_valuer_per_share": 11.65,
            "book_valuer_per_share_4q_avg": 14.31,
            "equity": 1281668,
            "current_ratio": 699.66,
            "debt_ratio": 13.25,
            "inventory_turnover_ratio": 2.41,
            "account_receivable_turnover_ratio": null,
            "reinvestment_rate": 12.59,
            "research_to_sale_ratio": null,
            "price_fair": 189.76,
            "eps_avg_yearly": 5.42,
            "eps_latest_yearly": 5.6,
            "eps_growth_yearly": 126.37
        },
        "20061": {
            "year_quarter": 20061,
            "year": 2006,
            "quarter": 1,
            "eps": -0.4,
            "eps_growth_year": null,
            "eps_4q": -1.55,
            "eps_4q_growth_year": -155.97,
            "roe": -3.22,
            "roe_4q": -11.489999999999998,
            "gross_profit": 37717,
            "gross_margin": 17.16,
            "gross_margin_4q_avg": 17.78,
            "net_income": -39933,
            "revenue": 219789,
            "common_shares": 1084880,
            "book_valuer_per_share": 11.02,
            "book_valuer_per_share_4q_avg": 12.72,
            "equity": 1195275,
            "current_ratio": 593.89,
            "debt_ratio": 12.97,
            "inventory_turnover_ratio": 1.63,
            "account_receivable_turnover_ratio": null,
            "reinvestment_rate": 12.58,
            "research_to_sale_ratio": null,
            "price_fair": 189.76,
            "eps_avg_yearly": 5.42,
            "eps_latest_yearly": 5.6,
            "eps_growth_yearly": 126.37
        },
        "20062": {
            "year_quarter": 20062,
            "year": 2006,
            "quarter": 2,
            "eps": -0.14,
            "eps_growth_year": null,
            "eps_4q": -1.22,
            "eps_4q_growth_year": -199.52,
            "roe": -1.14,
            "roe_4q": -10.25,
            "gross_profit": 73829,
            "gross_margin": 19.43,
            "gross_margin_4q_avg": 17.16,
            "net_income": -13465,
            "revenue": 379995,
            "common_shares": 1085185,
            "book_valuer_per_share": 10.74,
            "book_valuer_per_share_4q_avg": 11.6,
            "equity": 1165409,
            "current_ratio": 419.38,
            "debt_ratio": 17.79,
            "inventory_turnover_ratio": 2.14,
            "account_receivable_turnover_ratio": null,
            "reinvestment_rate": 14.18,
            "research_to_sale_ratio": null,
            "price_fair": 175,
            "eps_avg_yearly": 5,
            "eps_latest_yearly": 5.6,
            "eps_growth_yearly": 46.95
        },
        "20063": {
            "year_quarter": 20063,
            "year": 2006,
            "quarter": 3,
            "eps": 0.42,
            "eps_growth_year": null,
            "eps_4q": -0.84,
            "eps_4q_growth_year": -375.41,
            "roe": 3.51,
            "roe_4q": -6.199999999999999,
            "gross_profit": 127184,
            "gross_margin": 22.6,
            "gross_margin_4q_avg": 18.41,
            "net_income": 41612,
            "revenue": 562835,
            "common_shares": 1085553,
            "book_valuer_per_share": 11.12,
            "book_valuer_per_share_4q_avg": 11.13,
            "equity": 1207470,
            "current_ratio": 367.72,
            "debt_ratio": 19.86,
            "inventory_turnover_ratio": 2.24,
            "account_receivable_turnover_ratio": null,
            "reinvestment_rate": 12.95,
            "research_to_sale_ratio": null,
            "price_fair": 185.42,
            "eps_avg_yearly": 5.3,
            "eps_latest_yearly": 5.6,
            "eps_growth_yearly": 85.91
        },
        "20064": {
            "year_quarter": 20064,
            "year": 2006,
            "quarter": 4,
            "eps": -1.63,
            "eps_growth_year": null,
            "eps_4q": -1.74,
            "eps_4q_growth_year": null,
            "roe": -13.85,
            "roe_4q": -14.700000000000001,
            "gross_profit": 39467,
            "gross_margin": 11.32,
            "gross_margin_4q_avg": 17.63,
            "net_income": -160387,
            "revenue": 348682,
            "common_shares": 1085553,
            "book_valuer_per_share": 10.06,
            "book_valuer_per_share_4q_avg": 10.74,
            "equity": 1108556,
            "current_ratio": 674.32,
            "debt_ratio": 11.51,
            "inventory_turnover_ratio": 1.42,
            "account_receivable_turnover_ratio": null,
            "reinvestment_rate": 14.27,
            "research_to_sale_ratio": null,
            "price_fair": 189.53,
            "eps_avg_yearly": 5.42,
            "eps_latest_yearly": 5.6,
            "eps_growth_yearly": 52.69
        },
        "20071": {
            "year_quarter": 20071,
            "year": 2007,
            "quarter": 1,
            "eps": -0.97,
            "eps_growth_year": null,
            "eps_4q": -2.27,
            "eps_4q_growth_year": null,
            "roe": -9.23,
            "roe_4q": -20.71,
            "gross_profit": 12368,
            "gross_margin": 5.96,
            "gross_margin_4q_avg": 14.83,
            "net_income": -98601,
            "revenue": 207517,
            "common_shares": 1087711,
            "book_valuer_per_share": 9.46,
            "book_valuer_per_share_4q_avg": 10.35,
            "equity": 1028470,
            "current_ratio": 842.23,
            "debt_ratio": 8.99,
            "inventory_turnover_ratio": 1.04,
            "account_receivable_turnover_ratio": null,
            "reinvestment_rate": 13.57,
            "research_to_sale_ratio": null,
            "price_fair": 196.8,
            "eps_avg_yearly": 5.62,
            "eps_latest_yearly": 5.6,
            "eps_growth_yearly": 65.45
        },
        "20072": {
            "year_quarter": 20072,
            "year": 2007,
            "quarter": 2,
            "eps": -1.24,
            "eps_growth_year": null,
            "eps_4q": -3.26,
            "eps_4q_growth_year": null,
            "roe": -13.16,
            "roe_4q": -32.730000000000004,
            "gross_profit": 13568,
            "gross_margin": 5.62,
            "gross_margin_4q_avg": 11.38,
            "net_income": -126965,
            "revenue": 241398,
            "common_shares": 1057877,
            "book_valuer_per_share": 8.52,
            "book_valuer_per_share_4q_avg": 9.79,
            "equity": 901565,
            "current_ratio": 554.46,
            "debt_ratio": 12.8,
            "inventory_turnover_ratio": 1.38,
            "account_receivable_turnover_ratio": null,
            "reinvestment_rate": 58.07,
            "research_to_sale_ratio": null,
            "price_fair": 189.47,
            "eps_avg_yearly": 5.41,
            "eps_latest_yearly": 5.6,
            "eps_growth_yearly": 27.21
        },
        "20073": {
            "year_quarter": 20073,
            "year": 2007,
            "quarter": 3,
            "eps": -0.76,
            "eps_growth_year": -280.95,
            "eps_4q": -4.37,
            "eps_4q_growth_year": null,
            "roe": -8.97,
            "roe_4q": -45.21,
            "gross_profit": -2376,
            "gross_margin": -1.41,
            "gross_margin_4q_avg": 5.37,
            "net_income": -77789,
            "revenue": 168321,
            "common_shares": 1061563,
            "book_valuer_per_share": 7.85,
            "book_valuer_per_share_4q_avg": 8.97,
            "equity": 832925,
            "current_ratio": 450.79,
            "debt_ratio": 16.31,
            "inventory_turnover_ratio": 1.18,
            "account_receivable_turnover_ratio": null,
            "reinvestment_rate": null,
            "research_to_sale_ratio": null,
            "price_fair": 66.12,
            "eps_avg_yearly": 4.63,
            "eps_latest_yearly": 5.6,
            "eps_growth_yearly": 4.27
        },
        "20074": {
            "year_quarter": 20074,
            "year": 2007,
            "quarter": 4,
            "eps": -3.76,
            "eps_growth_year": null,
            "eps_4q": -6.71,
            "eps_4q_growth_year": null,
            "roe": -60.38,
            "roe_4q": -91.74000000000001,
            "gross_profit": -54618,
            "gross_margin": -287.48,
            "gross_margin_4q_avg": -69.33,
            "net_income": -386313,
            "revenue": 18999,
            "common_shares": 1061563,
            "book_valuer_per_share": 4.21,
            "book_valuer_per_share_4q_avg": 7.51,
            "equity": 446590,
            "current_ratio": 318.36,
            "debt_ratio": 24.64,
            "inventory_turnover_ratio": 0.58,
            "account_receivable_turnover_ratio": null,
            "reinvestment_rate": null,
            "research_to_sale_ratio": null,
            "price_fair": 166.25,
            "eps_avg_yearly": 4.75,
            "eps_latest_yearly": 5.6,
            "eps_growth_yearly": 60.71
        },
        "20081": {
            "year_quarter": 20081,
            "year": 2008,
            "quarter": 1,
            "eps": -0.93,
            "eps_growth_year": null,
            "eps_4q": -6.62,
            "eps_4q_growth_year": null,
            "roe": -24.26,
            "roe_4q": -106.77,
            "gross_profit": -2387,
            "gross_margin": -5.98,
            "gross_margin_4q_avg": -72.31,
            "net_income": -96606,
            "revenue": 39930,
            "common_shares": 1061563,
            "book_valuer_per_share": 3.29,
            "book_valuer_per_share_4q_avg": 5.97,
            "equity": 349756,
            "current_ratio": 255.66,
            "debt_ratio": 28.18,
            "inventory_turnover_ratio": 0.35,
            "account_receivable_turnover_ratio": null,
            "reinvestment_rate": null,
            "research_to_sale_ratio": null,
            "price_fair": 166.13,
            "eps_avg_yearly": 4.75,
            "eps_latest_yearly": 5.6,
            "eps_growth_yearly": 61.71
        },
        "20082": {
            "year_quarter": 20082,
            "year": 2008,
            "quarter": 2,
            "eps": -1.16,
            "eps_growth_year": null,
            "eps_4q": -5.84,
            "eps_4q_growth_year": null,
            "roe": -18.15,
            "roe_4q": -111.75999999999999,
            "gross_profit": 1093,
            "gross_margin": 4.01,
            "gross_margin_4q_avg": -72.72,
            "net_income": -58965,
            "revenue": 27245,
            "common_shares": 1061563,
            "book_valuer_per_share": 2.83,
            "book_valuer_per_share_4q_avg": 4.55,
            "equity": 300123,
            "current_ratio": 269.58,
            "debt_ratio": 24.56,
            "inventory_turnover_ratio": 0.22,
            "account_receivable_turnover_ratio": null,
            "reinvestment_rate": null,
            "research_to_sale_ratio": null,
            "price_fair": 154.7,
            "eps_avg_yearly": 4.42,
            "eps_latest_yearly": 5.6,
            "eps_growth_yearly": 65.68
        },
        "20083": {
            "year_quarter": 20083,
            "year": 2008,
            "quarter": 3,
            "eps": -1.67,
            "eps_growth_year": null,
            "eps_4q": -12.04,
            "eps_4q_growth_year": null,
            "roe": -32.74,
            "roe_4q": -135.53,
            "gross_profit": -13916,
            "gross_margin": -36.15,
            "gross_margin_4q_avg": -81.4,
            "net_income": -84436,
            "revenue": 38498,
            "common_shares": 520077,
            "book_valuer_per_share": 4.15,
            "book_valuer_per_share_4q_avg": 3.62,
            "equity": 215735,
            "current_ratio": 184.48,
            "debt_ratio": 30.68,
            "inventory_turnover_ratio": 0.52,
            "account_receivable_turnover_ratio": null,
            "reinvestment_rate": null,
            "research_to_sale_ratio": null,
            "price_fair": 196,
            "eps_avg_yearly": 5.6,
            "eps_latest_yearly": 5.6,
            "eps_growth_yearly": 291.36
        },
        "20084": {
            "year_quarter": 20084,
            "year": 2008,
            "quarter": 4,
            "eps": -1.15,
            "eps_growth_year": null,
            "eps_4q": -5.89,
            "eps_4q_growth_year": null,
            "roe": -31.24,
            "roe_4q": -106.39,
            "gross_profit": -11550,
            "gross_margin": -26.31,
            "gross_margin_4q_avg": -16.11,
            "net_income": -58300,
            "revenue": 43905,
            "common_shares": 506850,
            "book_valuer_per_share": 3.11,
            "book_valuer_per_share_4q_avg": 3.35,
            "equity": 157445,
            "current_ratio": 258.72,
            "debt_ratio": 24.87,
            "inventory_turnover_ratio": 0.78,
            "account_receivable_turnover_ratio": 37.08,
            "reinvestment_rate": null,
            "research_to_sale_ratio": null,
            "price_fair": 0,
            "eps_avg_yearly": 0,
            "eps_latest_yearly": 0,
            "eps_growth_yearly": 0
        },
        "20091": {
            "year_quarter": 20091,
            "year": 2009,
            "quarter": 1,
            "eps": -0.75,
            "eps_growth_year": null,
            "eps_4q": -3.09,
            "eps_4q_growth_year": null,
            "roe": -27.78,
            "roe_4q": -109.91,
            "gross_profit": -14371,
            "gross_margin": -66.55,
            "gross_margin_4q_avg": -31.25,
            "net_income": -47930,
            "revenue": 21594,
            "common_shares": 806850,
            "book_valuer_per_share": 2.33,
            "book_valuer_per_share_4q_avg": 3.11,
            "equity": 187640,
            "current_ratio": 366.06,
            "debt_ratio": 20.33,
            "inventory_turnover_ratio": 0.74,
            "account_receivable_turnover_ratio": 10.84,
            "reinvestment_rate": null,
            "research_to_sale_ratio": null,
            "price_fair": 0,
            "eps_avg_yearly": 0,
            "eps_latest_yearly": 0,
            "eps_growth_yearly": 0
        },
        "20092": {
            "year_quarter": 20092,
            "year": 2009,
            "quarter": 2,
            "eps": -0.44,
            "eps_growth_year": null,
            "eps_4q": -2.76,
            "eps_4q_growth_year": null,
            "roe": -18.7,
            "roe_4q": -110.46000000000001,
            "gross_profit": 3423,
            "gross_margin": 9.42,
            "gross_margin_4q_avg": -29.9,
            "net_income": -32074,
            "revenue": 36322,
            "common_shares": 806850,
            "book_valuer_per_share": 1.93,
            "book_valuer_per_share_4q_avg": 2.88,
            "equity": 155442,
            "current_ratio": 264.34,
            "debt_ratio": 26.77,
            "inventory_turnover_ratio": 0.98,
            "account_receivable_turnover_ratio": 21.47,
            "reinvestment_rate": null,
            "research_to_sale_ratio": null,
            "price_fair": 0,
            "eps_avg_yearly": 0,
            "eps_latest_yearly": 0,
            "eps_growth_yearly": 0
        },
        "20093": {
            "year_quarter": 20093,
            "year": 2009,
            "quarter": 3,
            "eps": -1.29,
            "eps_growth_year": null,
            "eps_4q": -7.11,
            "eps_4q_growth_year": null,
            "roe": -19.58,
            "roe_4q": -97.3,
            "gross_profit": 9201,
            "gross_margin": 20.9,
            "gross_margin_4q_avg": -15.64,
            "net_income": -27899,
            "revenue": 44020,
            "common_shares": 233850,
            "book_valuer_per_share": 5.54,
            "book_valuer_per_share_4q_avg": 3.23,
            "equity": 129471,
            "current_ratio": 216.6,
            "debt_ratio": 31.7,
            "inventory_turnover_ratio": 1.19,
            "account_receivable_turnover_ratio": 26.39,
            "reinvestment_rate": null,
            "research_to_sale_ratio": null,
            "price_fair": 0,
            "eps_avg_yearly": 0,
            "eps_latest_yearly": 0,
            "eps_growth_yearly": 0
        },
        "20094": {
            "year_quarter": 20094,
            "year": 2009,
            "quarter": 4,
            "eps": -0.84,
            "eps_growth_year": null,
            "eps_4q": -5.41,
            "eps_4q_growth_year": null,
            "roe": -15.42,
            "roe_4q": -81.48,
            "gross_profit": 4793,
            "gross_margin": 27,
            "gross_margin_4q_avg": -2.31,
            "net_income": -18530,
            "revenue": 17749,
            "common_shares": 233850,
            "book_valuer_per_share": 4.74,
            "book_valuer_per_share_4q_avg": 3.64,
            "equity": 110921,
            "current_ratio": 269.06,
            "debt_ratio": 23.48,
            "inventory_turnover_ratio": 0.5,
            "account_receivable_turnover_ratio": 42.87,
            "reinvestment_rate": null,
            "research_to_sale_ratio": null,
            "price_fair": 0,
            "eps_avg_yearly": 0,
            "eps_latest_yearly": 0,
            "eps_growth_yearly": 0
        },
        "20101": {
            "year_quarter": 20101,
            "year": 2010,
            "quarter": 1,
            "eps": -1.1,
            "eps_growth_year": null,
            "eps_4q": -4.45,
            "eps_4q_growth_year": null,
            "roe": -26.16,
            "roe_4q": -79.86,
            "gross_profit": 5991,
            "gross_margin": 27.91,
            "gross_margin_4q_avg": 21.31,
            "net_income": -25657,
            "revenue": 21465,
            "common_shares": 233850,
            "book_valuer_per_share": 3.65,
            "book_valuer_per_share_4q_avg": 3.97,
            "equity": 85243,
            "current_ratio": 149.64,
            "debt_ratio": 36.29,
            "inventory_turnover_ratio": 0.78,
            "account_receivable_turnover_ratio": 20.46,
            "reinvestment_rate": null,
            "research_to_sale_ratio": 81.97,
            "price_fair": 0,
            "eps_avg_yearly": 0,
            "eps_latest_yearly": 0,
            "eps_growth_yearly": 0
        },
        "20102": {
            "year_quarter": 20102,
            "year": 2010,
            "quarter": 2,
            "eps": 0.64,
            "eps_growth_year": null,
            "eps_4q": -2.22,
            "eps_4q_growth_year": null,
            "roe": 16.85,
            "roe_4q": -44.309999999999995,
            "gross_profit": 17677,
            "gross_margin": 49.48,
            "gross_margin_4q_avg": 31.32,
            "net_income": 16126,
            "revenue": 35726,
            "common_shares": 251850,
            "book_valuer_per_share": 4.21,
            "book_valuer_per_share_4q_avg": 4.54,
            "equity": 106123,
            "current_ratio": 293.85,
            "debt_ratio": 24.36,
            "inventory_turnover_ratio": 1.11,
            "account_receivable_turnover_ratio": 23.43,
            "reinvestment_rate": null,
            "research_to_sale_ratio": 40.01,
            "price_fair": 0,
            "eps_avg_yearly": 0,
            "eps_latest_yearly": 0,
            "eps_growth_yearly": 0
        },
        "20103": {
            "year_quarter": 20103,
            "year": 2010,
            "quarter": 3,
            "eps": -0.79,
            "eps_growth_year": null,
            "eps_4q": -1.91,
            "eps_4q_growth_year": null,
            "roe": -20.76,
            "roe_4q": -45.49,
            "gross_profit": 9323,
            "gross_margin": 40.48,
            "gross_margin_4q_avg": 36.22,
            "net_income": -19954,
            "revenue": 23032,
            "common_shares": 251850,
            "book_valuer_per_share": 3.42,
            "book_valuer_per_share_4q_avg": 4.01,
            "equity": 86079,
            "current_ratio": 176.71,
            "debt_ratio": 37.03,
            "inventory_turnover_ratio": 0.52,
            "account_receivable_turnover_ratio": 9.19,
            "reinvestment_rate": null,
            "research_to_sale_ratio": 73.45,
            "price_fair": 0,
            "eps_avg_yearly": 0,
            "eps_latest_yearly": 0,
            "eps_growth_yearly": 0
        },
        "20104": {
            "year_quarter": 20104,
            "year": 2010,
            "quarter": 4,
            "eps": -0.62,
            "eps_growth_year": null,
            "eps_4q": -1.36,
            "eps_4q_growth_year": null,
            "roe": -25.87,
            "roe_4q": -55.94,
            "gross_profit": -2467,
            "gross_margin": -22.3,
            "gross_margin_4q_avg": 23.89,
            "net_income": -25069,
            "revenue": 11064,
            "common_shares": 401850,
            "book_valuer_per_share": 2.68,
            "book_valuer_per_share_4q_avg": 3.49,
            "equity": 107699,
            "current_ratio": 664.16,
            "debt_ratio": 16.65,
            "inventory_turnover_ratio": 0.41,
            "account_receivable_turnover_ratio": 5.24,
            "reinvestment_rate": null,
            "research_to_sale_ratio": 115.02,
            "price_fair": 0,
            "eps_avg_yearly": 0,
            "eps_latest_yearly": 0,
            "eps_growth_yearly": 0
        },
        "20111": {
            "year_quarter": 20111,
            "year": 2011,
            "quarter": 1,
            "eps": -0.72,
            "eps_growth_year": null,
            "eps_4q": -1.08,
            "eps_4q_growth_year": null,
            "roe": -26.33,
            "roe_4q": -56.11000000000001,
            "gross_profit": -5024,
            "gross_margin": -46.21,
            "gross_margin_4q_avg": 5.36,
            "net_income": -30623,
            "revenue": 10872,
            "common_shares": 551850,
            "book_valuer_per_share": 2.26,
            "book_valuer_per_share_4q_avg": 3.14,
            "equity": 124950,
            "current_ratio": 679.58,
            "debt_ratio": 16.73,
            "inventory_turnover_ratio": 0.64,
            "account_receivable_turnover_ratio": 13.12,
            "reinvestment_rate": null,
            "research_to_sale_ratio": 125.89,
            "price_fair": 0,
            "eps_avg_yearly": 0,
            "eps_latest_yearly": 0,
            "eps_growth_yearly": 0
        },
        "20112": {
            "year_quarter": 20112,
            "year": 2011,
            "quarter": 2,
            "eps": -0.35,
            "eps_growth_year": -154.1,
            "eps_4q": -1.72,
            "eps_4q_growth_year": null,
            "roe": -16.57,
            "roe_4q": -89.53,
            "gross_profit": 3941,
            "gross_margin": 26.92,
            "gross_margin_4q_avg": -0.28,
            "net_income": -19118,
            "revenue": 14638,
            "common_shares": 551850,
            "book_valuer_per_share": 1.92,
            "book_valuer_per_share_4q_avg": 2.57,
            "equity": 105798,
            "current_ratio": 369.43,
            "debt_ratio": 23.58,
            "inventory_turnover_ratio": 0.51,
            "account_receivable_turnover_ratio": 25,
            "reinvestment_rate": null,
            "research_to_sale_ratio": 69.79,
            "price_fair": 0,
            "eps_avg_yearly": 0,
            "eps_latest_yearly": 0,
            "eps_growth_yearly": 0
        },
        "20113": {
            "year_quarter": 20113,
            "year": 2011,
            "quarter": 3,
            "eps": -0.27,
            "eps_growth_year": null,
            "eps_4q": -1.63,
            "eps_4q_growth_year": null,
            "roe": -15.2,
            "roe_4q": -83.97,
            "gross_profit": 1187,
            "gross_margin": 6.97,
            "gross_margin_4q_avg": -8.66,
            "net_income": -14956,
            "revenue": 17021,
            "common_shares": 551850,
            "book_valuer_per_share": 1.65,
            "book_valuer_per_share_4q_avg": 2.13,
            "equity": 91044,
            "current_ratio": 421.2,
            "debt_ratio": 23.65,
            "inventory_turnover_ratio": 0.9,
            "account_receivable_turnover_ratio": 11.92,
            "reinvestment_rate": null,
            "research_to_sale_ratio": 41.45,
            "price_fair": 0,
            "eps_avg_yearly": 0,
            "eps_latest_yearly": 0,
            "eps_growth_yearly": 0
        },
        "20114": {
            "year_quarter": 20114,
            "year": 2011,
            "quarter": 4,
            "eps": -0.29,
            "eps_growth_year": null,
            "eps_4q": -1.46,
            "eps_4q_growth_year": null,
            "roe": -19.33,
            "roe_4q": -77.43,
            "gross_profit": 1877,
            "gross_margin": 12.25,
            "gross_margin_4q_avg": -0.02,
            "net_income": -16048,
            "revenue": 15326,
            "common_shares": 551850,
            "book_valuer_per_share": 1.36,
            "book_valuer_per_share_4q_avg": 1.8,
            "equity": 75006,
            "current_ratio": 347.39,
            "debt_ratio": 26.59,
            "inventory_turnover_ratio": 1.1,
            "account_receivable_turnover_ratio": 7.95,
            "reinvestment_rate": null,
            "research_to_sale_ratio": 50.02,
            "price_fair": 0,
            "eps_avg_yearly": 0,
            "eps_latest_yearly": 0,
            "eps_growth_yearly": 0
        },
        "20121": {
            "year_quarter": 20121,
            "year": 2012,
            "quarter": 1,
            "eps": -0.21,
            "eps_growth_year": null,
            "eps_4q": -1.12,
            "eps_4q_growth_year": null,
            "roe": -16.55,
            "roe_4q": -67.65,
            "gross_profit": 5390,
            "gross_margin": 27.26,
            "gross_margin_4q_avg": 18.35,
            "net_income": -11461,
            "revenue": 19773,
            "common_shares": 551850,
            "book_valuer_per_share": 1.15,
            "book_valuer_per_share_4q_avg": 1.52,
            "equity": 63459,
            "current_ratio": 236.85,
            "debt_ratio": 32.74,
            "inventory_turnover_ratio": 1.5,
            "account_receivable_turnover_ratio": 17.07,
            "reinvestment_rate": null,
            "research_to_sale_ratio": 32.27,
            "price_fair": 0,
            "eps_avg_yearly": 0,
            "eps_latest_yearly": 0,
            "eps_growth_yearly": 0
        },
        "20122": {
            "year_quarter": 20122,
            "year": 2012,
            "quarter": 2,
            "eps": -0.24,
            "eps_growth_year": null,
            "eps_4q": -1.01,
            "eps_4q_growth_year": null,
            "roe": -22.81,
            "roe_4q": -73.89,
            "gross_profit": 3918,
            "gross_margin": 34.06,
            "gross_margin_4q_avg": 20.14,
            "net_income": -12997,
            "revenue": 11502,
            "common_shares": 551850,
            "book_valuer_per_share": 0.91,
            "book_valuer_per_share_4q_avg": 1.27,
            "equity": 50490,
            "current_ratio": 221.35,
            "debt_ratio": 54.44,
            "inventory_turnover_ratio": 0.62,
            "account_receivable_turnover_ratio": 12.62,
            "reinvestment_rate": null,
            "research_to_sale_ratio": 58.76,
            "price_fair": 0,
            "eps_avg_yearly": 0,
            "eps_latest_yearly": 0,
            "eps_growth_yearly": 0
        },
        "20123": {
            "year_quarter": 20123,
            "year": 2012,
            "quarter": 3,
            "eps": -0.3,
            "eps_growth_year": null,
            "eps_4q": -1.03,
            "eps_4q_growth_year": null,
            "roe": -39.11,
            "roe_4q": -97.8,
            "gross_profit": 1417,
            "gross_margin": 14.65,
            "gross_margin_4q_avg": 22.06,
            "net_income": -16508,
            "revenue": 9671,
            "common_shares": 551850,
            "book_valuer_per_share": 0.61,
            "book_valuer_per_share_4q_avg": 1.01,
            "equity": 33932,
            "current_ratio": 178.32,
            "debt_ratio": 60.3,
            "inventory_turnover_ratio": 0.55,
            "account_receivable_turnover_ratio": 10.05,
            "reinvestment_rate": null,
            "research_to_sale_ratio": 83.14,
            "price_fair": 0,
            "eps_avg_yearly": 0,
            "eps_latest_yearly": 0,
            "eps_growth_yearly": 0
        },
        "20124": {
            "year_quarter": 20124,
            "year": 2012,
            "quarter": 4,
            "eps": -0.18,
            "eps_growth_year": null,
            "eps_4q": -0.66,
            "eps_4q_growth_year": null,
            "roe": -33.71,
            "roe_4q": -112.17999999999999,
            "gross_profit": -1209,
            "gross_margin": -13.73,
            "gross_margin_4q_avg": 15.56,
            "net_income": -15370,
            "revenue": 8803,
            "common_shares": 851850,
            "book_valuer_per_share": 0.67,
            "book_valuer_per_share_4q_avg": 0.84,
            "equity": 57268,
            "current_ratio": 314.31,
            "debt_ratio": 46.92,
            "inventory_turnover_ratio": 0.78,
            "account_receivable_turnover_ratio": 12.25,
            "reinvestment_rate": null,
            "research_to_sale_ratio": 65.05,
            "price_fair": 0,
            "eps_avg_yearly": 0,
            "eps_latest_yearly": 0,
            "eps_growth_yearly": 0
        },
        "20131": {
            "year_quarter": 20131,
            "year": 2013,
            "quarter": 1,
            "eps": -0.16,
            "eps_growth_year": null,
            "eps_4q": -0.68,
            "eps_4q_growth_year": null,
            "roe": -25.37,
            "roe_4q": -121,
            "gross_profit": 394,
            "gross_margin": 4.95,
            "gross_margin_4q_avg": 9.98,
            "net_income": -13399,
            "revenue": 7957,
            "common_shares": 851850,
            "book_valuer_per_share": 0.57,
            "book_valuer_per_share_4q_avg": 0.69,
            "equity": 48353,
            "current_ratio": 252.86,
            "debt_ratio": 47.11,
            "inventory_turnover_ratio": 0.73,
            "account_receivable_turnover_ratio": 12.3,
            "reinvestment_rate": null,
            "research_to_sale_ratio": 62.93,
            "price_fair": 0,
            "eps_avg_yearly": 0,
            "eps_latest_yearly": 0,
            "eps_growth_yearly": 0
        },
        "20132": {
            "year_quarter": 20132,
            "year": 2013,
            "quarter": 2,
            "eps": -0.13,
            "eps_growth_year": null,
            "eps_4q": -0.67,
            "eps_4q_growth_year": null,
            "roe": -26.65,
            "roe_4q": -124.83999999999999,
            "gross_profit": 2473,
            "gross_margin": 23.67,
            "gross_margin_4q_avg": 7.39,
            "net_income": -11375,
            "revenue": 10447,
            "common_shares": 851850,
            "book_valuer_per_share": 0.43,
            "book_valuer_per_share_4q_avg": 0.57,
            "equity": 37015,
            "current_ratio": 188.83,
            "debt_ratio": 52.28,
            "inventory_turnover_ratio": 1.05,
            "account_receivable_turnover_ratio": 26.02,
            "reinvestment_rate": null,
            "research_to_sale_ratio": 45.84,
            "price_fair": 0,
            "eps_avg_yearly": 0,
            "eps_latest_yearly": 0,
            "eps_growth_yearly": 0
        },
        "20133": {
            "year_quarter": 20133,
            "year": 2013,
            "quarter": 3,
            "eps": -0.11,
            "eps_growth_year": null,
            "eps_4q": -0.58,
            "eps_4q_growth_year": null,
            "roe": -29.42,
            "roe_4q": -115.15,
            "gross_profit": 4501,
            "gross_margin": 47.56,
            "gross_margin_4q_avg": 15.61,
            "net_income": -9490,
            "revenue": 9464,
            "common_shares": 851850,
            "book_valuer_per_share": 0.32,
            "book_valuer_per_share_4q_avg": 0.5,
            "equity": 27496,
            "current_ratio": 119.75,
            "debt_ratio": 60.13,
            "inventory_turnover_ratio": 0.58,
            "account_receivable_turnover_ratio": 320.81,
            "reinvestment_rate": null,
            "research_to_sale_ratio": 55.66,
            "price_fair": 0,
            "eps_avg_yearly": 0,
            "eps_latest_yearly": 0,
            "eps_growth_yearly": 0
        },
        "20134": {
            "year_quarter": 20134,
            "year": 2013,
            "quarter": 4,
            "eps": -0.12,
            "eps_growth_year": null,
            "eps_4q": -0.48,
            "eps_4q_growth_year": null,
            "roe": -39.19,
            "roe_4q": -120.63,
            "gross_profit": 1739,
            "gross_margin": 28.9,
            "gross_margin_4q_avg": 26.27,
            "net_income": -11618,
            "revenue": 6017,
            "common_shares": 951850,
            "book_valuer_per_share": 0.33,
            "book_valuer_per_share_4q_avg": 0.41,
            "equity": 31801,
            "current_ratio": 258.29,
            "debt_ratio": 59.75,
            "inventory_turnover_ratio": 0.4,
            "account_receivable_turnover_ratio": 300.85,
            "reinvestment_rate": null,
            "research_to_sale_ratio": 97.96,
            "price_fair": 0,
            "eps_avg_yearly": 0,
            "eps_latest_yearly": 0,
            "eps_growth_yearly": 0
        },
        "20141": {
            "year_quarter": 20141,
            "year": 2014,
            "quarter": 1,
            "eps": -0.13,
            "eps_growth_year": null,
            "eps_4q": -0.48,
            "eps_4q_growth_year": null,
            "roe": -50.45,
            "roe_4q": -145.71,
            "gross_profit": -1236,
            "gross_margin": -14.48,
            "gross_margin_4q_avg": 21.41,
            "net_income": -12814,
            "revenue": 8536,
            "common_shares": 951850,
            "book_valuer_per_share": 0.2,
            "book_valuer_per_share_4q_avg": 0.32,
            "equity": 18995,
            "current_ratio": 149.25,
            "debt_ratio": 71.09,
            "inventory_turnover_ratio": 1.28,
            "account_receivable_turnover_ratio": 1067,
            "reinvestment_rate": null,
            "research_to_sale_ratio": 64.12,
            "price_fair": 0,
            "eps_avg_yearly": 0,
            "eps_latest_yearly": 0,
            "eps_growth_yearly": 0
        },
        "20142": {
            "year_quarter": 20142,
            "year": 2014,
            "quarter": 2,
            "eps": -0.08,
            "eps_growth_year": null,
            "eps_4q": -0.44,
            "eps_4q_growth_year": null,
            "roe": -51.52,
            "roe_4q": -170.57999999999998,
            "gross_profit": 3634,
            "gross_margin": 31.93,
            "gross_margin_4q_avg": 23.48,
            "net_income": -7780,
            "revenue": 11382,
            "common_shares": 951850,
            "book_valuer_per_share": 0.12,
            "book_valuer_per_share_4q_avg": 0.24,
            "equity": 11205,
            "current_ratio": 208.42,
            "debt_ratio": 85.04,
            "inventory_turnover_ratio": 1.07,
            "account_receivable_turnover_ratio": 5.25,
            "reinvestment_rate": null,
            "research_to_sale_ratio": 43.68,
            "price_fair": 0,
            "eps_avg_yearly": 0,
            "eps_latest_yearly": 0,
            "eps_growth_yearly": 0
        },
        "20143": {
            "year_quarter": 20143,
            "year": 2014,
            "quarter": 3,
            "eps": -0.09,
            "eps_growth_year": null,
            "eps_4q": -0.39,
            "eps_4q_growth_year": null,
            "roe": -49.46,
            "roe_4q": -190.62,
            "gross_profit": 1180,
            "gross_margin": 8.7,
            "gross_margin_4q_avg": 13.76,
            "net_income": -8359,
            "revenue": 13556,
            "common_shares": 1042850,
            "book_valuer_per_share": 0.22,
            "book_valuer_per_share_4q_avg": 0.22,
            "equity": 22598,
            "current_ratio": 346.4,
            "debt_ratio": 76.37,
            "inventory_turnover_ratio": 1.5,
            "account_receivable_turnover_ratio": 2.75,
            "reinvestment_rate": null,
            "research_to_sale_ratio": 25.07,
            "price_fair": 0,
            "eps_avg_yearly": 0,
            "eps_latest_yearly": 0,
            "eps_growth_yearly": 0
        },
        "20144": {
            "year_quarter": 20144,
            "year": 2014,
            "quarter": 4,
            "eps": -0.16,
            "eps_growth_year": null,
            "eps_4q": -0.78,
            "eps_4q_growth_year": null,
            "roe": -40.03,
            "roe_4q": -191.46000000000004,
            "gross_profit": 83,
            "gross_margin": 0.86,
            "gross_margin_4q_avg": 6.75,
            "net_income": -7569,
            "revenue": 9646,
            "common_shares": 470850,
            "book_valuer_per_share": 0.32,
            "book_valuer_per_share_4q_avg": 0.22,
            "equity": 15223,
            "current_ratio": 78.61,
            "debt_ratio": 85.03,
            "inventory_turnover_ratio": 1.42,
            "account_receivable_turnover_ratio": 1.41,
            "reinvestment_rate": null,
            "research_to_sale_ratio": 30.2,
            "price_fair": 0,
            "eps_avg_yearly": 0,
            "eps_latest_yearly": 0,
            "eps_growth_yearly": 0
        },
        "20151": {
            "year_quarter": 20151,
            "year": 2015,
            "quarter": 1,
            "eps": 0.05,
            "eps_growth_year": null,
            "eps_4q": -0.37,
            "eps_4q_growth_year": null,
            "roe": 5.9,
            "roe_4q": -135.11,
            "gross_profit": 3412,
            "gross_margin": 6.28,
            "gross_margin_4q_avg": 11.94,
            "net_income": 2495,
            "revenue": 54316,
            "common_shares": 570850,
            "book_valuer_per_share": 1.21,
            "book_valuer_per_share_4q_avg": 0.47,
            "equity": 69318,
            "current_ratio": 149.45,
            "debt_ratio": 55.39,
            "inventory_turnover_ratio": 10.18,
            "account_receivable_turnover_ratio": 2.65,
            "reinvestment_rate": null,
            "research_to_sale_ratio": 3.26,
            "price_fair": 0,
            "eps_avg_yearly": 0,
            "eps_latest_yearly": 0,
            "eps_growth_yearly": 0
        },
        "20152": {
            "year_quarter": 20152,
            "year": 2015,
            "quarter": 2,
            "eps": -0.07,
            "eps_growth_year": null,
            "eps_4q": -0.3,
            "eps_4q_growth_year": null,
            "roe": -5.48,
            "roe_4q": -89.07,
            "gross_profit": 4628,
            "gross_margin": 4.76,
            "gross_margin_4q_avg": 5.15,
            "net_income": -3699,
            "revenue": 97199,
            "common_shares": 570850,
            "book_valuer_per_share": 1.15,
            "book_valuer_per_share_4q_avg": 0.73,
            "equity": 65623,
            "current_ratio": 131.37,
            "debt_ratio": 63.46,
            "inventory_turnover_ratio": 18.72,
            "account_receivable_turnover_ratio": 2.73,
            "reinvestment_rate": null,
            "research_to_sale_ratio": 0.81,
            "price_fair": 0,
            "eps_avg_yearly": 0,
            "eps_latest_yearly": 0,
            "eps_growth_yearly": 0
        },
        "20153": {
            "year_quarter": 20153,
            "year": 2015,
            "quarter": 3,
            "eps": 0.05,
            "eps_growth_year": null,
            "eps_4q": -0.11,
            "eps_4q_growth_year": null,
            "roe": 3.96,
            "roe_4q": -35.65,
            "gross_profit": 4701,
            "gross_margin": 3.44,
            "gross_margin_4q_avg": 3.84,
            "net_income": 2649,
            "revenue": 136609,
            "common_shares": 570850,
            "book_valuer_per_share": 1.2,
            "book_valuer_per_share_4q_avg": 0.97,
            "equity": 68244,
            "current_ratio": 123.89,
            "debt_ratio": 68.4,
            "inventory_turnover_ratio": 25.58,
            "account_receivable_turnover_ratio": 2.81,
            "reinvestment_rate": null,
            "research_to_sale_ratio": 0.57,
            "price_fair": 0,
            "eps_avg_yearly": 0,
            "eps_latest_yearly": 0,
            "eps_growth_yearly": 0
        },
        "20154": {
            "year_quarter": 20154,
            "year": 2015,
            "quarter": 4,
            "eps": 0.01,
            "eps_growth_year": null,
            "eps_4q": 0.03,
            "eps_4q_growth_year": null,
            "roe": 0.68,
            "roe_4q": 5.06,
            "gross_profit": 8111,
            "gross_margin": 3.99,
            "gross_margin_4q_avg": 4.62,
            "net_income": 467,
            "revenue": 203519,
            "common_shares": 570850,
            "book_valuer_per_share": 1.2,
            "book_valuer_per_share_4q_avg": 1.19,
            "equity": 68321,
            "current_ratio": 116.62,
            "debt_ratio": 72.99,
            "inventory_turnover_ratio": 44.83,
            "account_receivable_turnover_ratio": 5.28,
            "reinvestment_rate": null,
            "research_to_sale_ratio": 0.35,
            "price_fair": 0.12,
            "eps_avg_yearly": 0.04,
            "eps_latest_yearly": 0.04,
            "eps_growth_yearly": -320
        },
        "20161": {
            "year_quarter": 20161,
            "year": 2016,
            "quarter": 1,
            "eps": 0.05,
            "eps_growth_year": 0,
            "eps_4q": 0.04,
            "eps_4q_growth_year": null,
            "roe": 4.45,
            "roe_4q": 3.6099999999999994,
            "gross_profit": 8677,
            "gross_margin": 3.15,
            "gross_margin_4q_avg": 3.84,
            "net_income": 3108,
            "revenue": 275710,
            "common_shares": 570850,
            "book_valuer_per_share": 1.25,
            "book_valuer_per_share_4q_avg": 1.2,
            "equity": 71410,
            "current_ratio": 112.18,
            "debt_ratio": 77.3,
            "inventory_turnover_ratio": 64.71,
            "account_receivable_turnover_ratio": 6.54,
            "reinvestment_rate": null,
            "research_to_sale_ratio": 0.27,
            "price_fair": 4.2,
            "eps_avg_yearly": 0.12,
            "eps_latest_yearly": 0.2,
            "eps_growth_yearly": 640
        },
        "20162": {
            "year_quarter": 20162,
            "year": 2016,
            "quarter": 2,
            "eps": 0.03,
            "eps_growth_year": null,
            "eps_4q": 0.14,
            "eps_4q_growth_year": null,
            "roe": 2.17,
            "roe_4q": 11.26,
            "gross_profit": 11016,
            "gross_margin": 3.66,
            "gross_margin_4q_avg": 3.56,
            "net_income": 1570,
            "revenue": 300793,
            "common_shares": 570850,
            "book_valuer_per_share": 1.29,
            "book_valuer_per_share_4q_avg": 1.24,
            "equity": 73578,
            "current_ratio": 109.1,
            "debt_ratio": 81.76,
            "inventory_turnover_ratio": 96.92,
            "account_receivable_turnover_ratio": 4.62,
            "reinvestment_rate": null,
            "research_to_sale_ratio": 0.24,
            "price_fair": 4.2,
            "eps_avg_yearly": 0.12,
            "eps_latest_yearly": 0.12,
            "eps_growth_yearly": 373.33
        },
        "20163": {
            "year_quarter": 20163,
            "year": 2016,
            "quarter": 3,
            "eps": -0.01,
            "eps_growth_year": -120,
            "eps_4q": 0.07,
            "eps_4q_growth_year": null,
            "roe": -1.32,
            "roe_4q": 5.9799999999999995,
            "gross_profit": 14395,
            "gross_margin": 3.88,
            "gross_margin_4q_avg": 3.67,
            "net_income": -963,
            "revenue": 370526,
            "common_shares": 570850,
            "book_valuer_per_share": 1.27,
            "book_valuer_per_share_4q_avg": 1.25,
            "equity": 72617,
            "current_ratio": 107.66,
            "debt_ratio": 84.21,
            "inventory_turnover_ratio": 132.42,
            "account_receivable_turnover_ratio": 5.12,
            "reinvestment_rate": null,
            "research_to_sale_ratio": 0.18,
            "price_fair": 4.2,
            "eps_avg_yearly": 0.12,
            "eps_latest_yearly": 0.12,
            "eps_growth_yearly": 373.33
        },
        "20164": {
            "year_quarter": 20164,
            "year": 2016,
            "quarter": 4,
            "eps": 0.04,
            "eps_growth_year": 385,
            "eps_4q": 0.1,
            "eps_4q_growth_year": 212.76,
            "roe": 3.06,
            "roe_4q": 8.36,
            "gross_profit": 16134,
            "gross_margin": 3.92,
            "gross_margin_4q_avg": 3.65,
            "net_income": 2265,
            "revenue": 411872,
            "common_shares": 570850,
            "book_valuer_per_share": 1.32,
            "book_valuer_per_share_4q_avg": 1.28,
            "equity": 75339,
            "current_ratio": 108.11,
            "debt_ratio": 84.8,
            "inventory_turnover_ratio": 155.83,
            "account_receivable_turnover_ratio": 6.89,
            "reinvestment_rate": null,
            "research_to_sale_ratio": 0.17,
            "price_fair": 4.2,
            "eps_avg_yearly": 0.12,
            "eps_latest_yearly": 0.12,
            "eps_growth_yearly": 373.33
        },
        "20171": {
            "year_quarter": 20171,
            "year": 2017,
            "quarter": 1,
            "eps": 0.1,
            "eps_growth_year": 100,
            "eps_4q": 0.15,
            "eps_4q_growth_year": 250.3,
            "roe": 7.62,
            "roe_4q": 11.53,
            "gross_profit": 13684,
            "gross_margin": 3.42,
            "gross_margin_4q_avg": 3.72,
            "net_income": 5973,
            "revenue": 400069,
            "common_shares": 570850,
            "book_valuer_per_share": 1.43,
            "book_valuer_per_share_4q_avg": 1.33,
            "equity": 81494,
            "current_ratio": 109.46,
            "debt_ratio": 84.75,
            "inventory_turnover_ratio": 120.88,
            "account_receivable_turnover_ratio": 7.96,
            "reinvestment_rate": null,
            "research_to_sale_ratio": 0.18,
            "price_fair": 6.65,
            "eps_avg_yearly": 0.19,
            "eps_latest_yearly": 0.4,
            "eps_growth_yearly": 430
        },
        "20172": {
            "year_quarter": 20172,
            "year": 2017,
            "quarter": 2,
            "eps": 0.12,
            "eps_growth_year": 300,
            "eps_4q": 0.24,
            "eps_4q_growth_year": 75.34,
            "roe": 7.55,
            "roe_4q": 16.91,
            "gross_profit": 21550,
            "gross_margin": 4.36,
            "gross_margin_4q_avg": 3.9,
            "net_income": 6391,
            "revenue": 494125,
            "common_shares": 570850,
            "book_valuer_per_share": 1.54,
            "book_valuer_per_share_4q_avg": 1.39,
            "equity": 87819,
            "current_ratio": 114.15,
            "debt_ratio": 84.31,
            "inventory_turnover_ratio": 98.64,
            "account_receivable_turnover_ratio": 8.07,
            "reinvestment_rate": null,
            "research_to_sale_ratio": 0.13,
            "price_fair": 8.68,
            "eps_avg_yearly": 0.25,
            "eps_latest_yearly": 0.48,
            "eps_growth_yearly": 360
        },
        "20173": {
            "year_quarter": 20173,
            "year": 2017,
            "quarter": 3,
            "eps": 0.12,
            "eps_growth_year": null,
            "eps_4q": 0.38,
            "eps_4q_growth_year": 418.7,
            "roe": 7.73,
            "roe_4q": 25.96,
            "gross_profit": 19522,
            "gross_margin": 3.96,
            "gross_margin_4q_avg": 3.92,
            "net_income": 7063,
            "revenue": 492997,
            "common_shares": 570850,
            "book_valuer_per_share": 1.66,
            "book_valuer_per_share_4q_avg": 1.49,
            "equity": 94808,
            "current_ratio": 114.56,
            "debt_ratio": 84.41,
            "inventory_turnover_ratio": 82.26,
            "account_receivable_turnover_ratio": 8.15,
            "reinvestment_rate": null,
            "research_to_sale_ratio": 0.13,
            "price_fair": 10.03,
            "eps_avg_yearly": 0.29,
            "eps_latest_yearly": 0.48,
            "eps_growth_yearly": 300
        },
        "20174": {
            "year_quarter": 20174,
            "year": 2017,
            "quarter": 4,
            "eps": 0.19,
            "eps_growth_year": 370.86,
            "eps_4q": 0.53,
            "eps_4q_growth_year": 403.21,
            "roe": 10.65,
            "roe_4q": 33.550000000000004,
            "gross_profit": 19936,
            "gross_margin": 4.07,
            "gross_margin_4q_avg": 3.95,
            "net_income": 10665,
            "revenue": 490308,
            "common_shares": 570850,
            "book_valuer_per_share": 1.85,
            "book_valuer_per_share_4q_avg": 1.62,
            "equity": 105428,
            "current_ratio": 116.42,
            "debt_ratio": 83.23,
            "inventory_turnover_ratio": 70.43,
            "account_receivable_turnover_ratio": 10.01,
            "reinvestment_rate": -347.06,
            "research_to_sale_ratio": 0.11,
            "price_fair": 12.4,
            "eps_avg_yearly": 0.35,
            "eps_latest_yearly": 0.76,
            "eps_growth_yearly": 290.48
        },
        "20181": {
            "year_quarter": 20181,
            "year": 2018,
            "quarter": 1,
            "eps": -0.04,
            "eps_growth_year": -140,
            "eps_4q": 0.38,
            "eps_4q_growth_year": 145.95,
            "roe": -2.27,
            "roe_4q": 23.66,
            "gross_profit": 15042,
            "gross_margin": 3.2,
            "gross_margin_4q_avg": 3.9,
            "net_income": -2365,
            "revenue": 469524,
            "common_shares": 570850,
            "book_valuer_per_share": 1.8,
            "book_valuer_per_share_4q_avg": 1.71,
            "equity": 102984,
            "current_ratio": 115.2,
            "debt_ratio": 84.21,
            "inventory_turnover_ratio": 52.93,
            "account_receivable_turnover_ratio": 13.98,
            "reinvestment_rate": -39.98,
            "research_to_sale_ratio": 0.14,
            "price_fair": 12.4,
            "eps_avg_yearly": 0.35,
            "eps_latest_yearly": 0.76,
            "eps_growth_yearly": 290.48
        },
        "20182": {
            "year_quarter": 20182,
            "year": 2018,
            "quarter": 2,
            "eps": -0.07,
            "eps_growth_year": -158.33,
            "eps_4q": 0.2,
            "eps_4q_growth_year": -16.6,
            "roe": -3.93,
            "roe_4q": 12.18,
            "gross_profit": 19397,
            "gross_margin": 4.03,
            "gross_margin_4q_avg": 3.82,
            "net_income": -3966,
            "revenue": 481148,
            "common_shares": 570850,
            "book_valuer_per_share": 1.74,
            "book_valuer_per_share_4q_avg": 1.76,
            "equity": 99100,
            "current_ratio": 114.47,
            "debt_ratio": 84.33,
            "inventory_turnover_ratio": 46.09,
            "account_receivable_turnover_ratio": 16.15,
            "reinvestment_rate": -28.58,
            "research_to_sale_ratio": 0.13,
            "price_fair": 12.4,
            "eps_avg_yearly": 0.35,
            "eps_latest_yearly": 0.76,
            "eps_growth_yearly": 290.48
        },
        "20183": {
            "year_quarter": 20183,
            "year": 2018,
            "quarter": 3,
            "eps": 0.28,
            "eps_growth_year": 133.33,
            "eps_4q": 0.36,
            "eps_4q_growth_year": -4.93,
            "roe": 15.18,
            "roe_4q": 19.630000000000003,
            "gross_profit": 16613,
            "gross_margin": 3.44,
            "gross_margin_4q_avg": 3.69,
            "net_income": 16289,
            "revenue": 483128,
            "common_shares": 570850,
            "book_valuer_per_share": 2.02,
            "book_valuer_per_share_4q_avg": 1.85,
            "equity": 115569,
            "current_ratio": 115.56,
            "debt_ratio": 84.27,
            "inventory_turnover_ratio": 50.12,
            "account_receivable_turnover_ratio": 13.38,
            "reinvestment_rate": -10.39,
            "research_to_sale_ratio": 0.12,
            "price_fair": 12.4,
            "eps_avg_yearly": 0.35,
            "eps_latest_yearly": 0.76,
            "eps_growth_yearly": 290.48
        },
        "20184": {
            "year_quarter": 20184,
            "year": 2018,
            "quarter": 4,
            "eps": 0.09,
            "eps_growth_year": -50.9,
            "eps_4q": 0.27,
            "eps_4q_growth_year": -49.51,
            "roe": 4.43,
            "roe_4q": 13.41,
            "gross_profit": 19429,
            "gross_margin": 3.44,
            "gross_margin_4q_avg": 3.53,
            "net_income": 5236,
            "revenue": 564078,
            "common_shares": 570850,
            "book_valuer_per_share": 2.12,
            "book_valuer_per_share_4q_avg": 1.92,
            "equity": 120737,
            "current_ratio": 115.41,
            "debt_ratio": 84.48,
            "inventory_turnover_ratio": 8.01,
            "account_receivable_turnover_ratio": 15.58,
            "reinvestment_rate": -7.63,
            "research_to_sale_ratio": 0.1,
            "price_fair": 12.43,
            "eps_avg_yearly": 0.36,
            "eps_latest_yearly": 0.36,
            "eps_growth_yearly": 220.24
        },
        "20191": {
            "year_quarter": 20191,
            "year": 2019,
            "quarter": 1,
            "eps": 0.03,
            "eps_growth_year": null,
            "eps_4q": 0.34,
            "eps_4q_growth_year": -11.69,
            "roe": 1.36,
            "roe_4q": 17.04,
            "gross_profit": 18123,
            "gross_margin": 3.54,
            "gross_margin_4q_avg": 3.61,
            "net_income": 1653,
            "revenue": 511709,
            "common_shares": 570850,
            "book_valuer_per_share": 2.14,
            "book_valuer_per_share_4q_avg": 2.01,
            "equity": 122265,
            "current_ratio": 115.56,
            "debt_ratio": 84.36,
            "inventory_turnover_ratio": 5.53,
            "account_receivable_turnover_ratio": 13.36,
            "reinvestment_rate": -7.7,
            "research_to_sale_ratio": 0.12,
            "price_fair": 11.51,
            "eps_avg_yearly": 0.33,
            "eps_latest_yearly": 0.12,
            "eps_growth_yearly": 166.14
        },
        "20192": {
            "year_quarter": 20192,
            "year": 2019,
            "quarter": 2,
            "eps": 0.07,
            "eps_growth_year": null,
            "eps_4q": 0.47,
            "eps_4q_growth_year": 137.45,
            "roe": 3.13,
            "roe_4q": 24.1,
            "gross_profit": 17557,
            "gross_margin": 3.33,
            "gross_margin_4q_avg": 3.44,
            "net_income": 3884,
            "revenue": 526934,
            "common_shares": 570850,
            "book_valuer_per_share": 2.21,
            "book_valuer_per_share_4q_avg": 2.12,
            "equity": 126227,
            "current_ratio": 115.81,
            "debt_ratio": 84.27,
            "inventory_turnover_ratio": 5.33,
            "account_receivable_turnover_ratio": 11.58,
            "reinvestment_rate": -6.68,
            "research_to_sale_ratio": 0.12,
            "price_fair": 11.34,
            "eps_avg_yearly": 0.32,
            "eps_latest_yearly": 0.28,
            "eps_growth_yearly": 202.86
        },
        "20193": {
            "year_quarter": 20193,
            "year": 2019,
            "quarter": 3,
            "eps": 0.07,
            "eps_growth_year": -75,
            "eps_4q": 0.26,
            "eps_4q_growth_year": -26.79,
            "roe": 3.37,
            "roe_4q": 12.29,
            "gross_profit": 20472,
            "gross_margin": 3.48,
            "gross_margin_4q_avg": 3.45,
            "net_income": 4325,
            "revenue": 588180,
            "common_shares": 570850,
            "book_valuer_per_share": 2.29,
            "book_valuer_per_share_4q_avg": 2.19,
            "equity": 130709,
            "current_ratio": 116.77,
            "debt_ratio": 83.55,
            "inventory_turnover_ratio": 4.87,
            "account_receivable_turnover_ratio": 13.69,
            "reinvestment_rate": -6.46,
            "research_to_sale_ratio": 0.1,
            "price_fair": 11.2,
            "eps_avg_yearly": 0.32,
            "eps_latest_yearly": 0.28,
            "eps_growth_yearly": 184.42
        },
        "20194": {
            "year_quarter": 20194,
            "year": 2019,
            "quarter": 4,
            "eps": 0.01,
            "eps_growth_year": -94.48,
            "eps_4q": 0.18,
            "eps_4q_growth_year": -33.19,
            "roe": 0.22,
            "roe_4q": 8.08,
            "gross_profit": 9298,
            "gross_margin": 3.34,
            "gross_margin_4q_avg": 3.42,
            "net_income": 289,
            "revenue": 278313,
            "common_shares": 570850,
            "book_valuer_per_share": 2.3,
            "book_valuer_per_share_4q_avg": 2.24,
            "equity": 131082,
            "current_ratio": 122.94,
            "debt_ratio": 79.06,
            "inventory_turnover_ratio": 5.57,
            "account_receivable_turnover_ratio": 13.55,
            "reinvestment_rate": -6.36,
            "research_to_sale_ratio": 0.22,
            "price_fair": 11.2,
            "eps_avg_yearly": 0.32,
            "eps_latest_yearly": 0.04,
            "eps_growth_yearly": 182.34
        },
        "20201": {
            "year_quarter": 20201,
            "year": 2020,
            "quarter": 1,
            "eps": -0.25,
            "eps_growth_year": -933.33,
            "eps_4q": -0.1,
            "eps_4q_growth_year": -128.8,
            "roe": -11.31,
            "roe_4q": -4.59,
            "gross_profit": 1057,
            "gross_margin": 29.8,
            "gross_margin_4q_avg": 9.99,
            "net_income": -14032,
            "revenue": 3547,
            "common_shares": 570850,
            "book_valuer_per_share": 2.05,
            "book_valuer_per_share_4q_avg": 2.21,
            "equity": 117073,
            "current_ratio": 146.31,
            "debt_ratio": 64.52,
            "inventory_turnover_ratio": 0.89,
            "account_receivable_turnover_ratio": null,
            "reinvestment_rate": -8.79,
            "research_to_sale_ratio": 11.67,
            "price_fair": 11.62,
            "eps_avg_yearly": 0.33,
            "eps_latest_yearly": 0.04,
            "eps_growth_yearly": 40.57
        },
        "20202": {
            "year_quarter": 20202,
            "year": 2020,
            "quarter": 2,
            "eps": -0.11,
            "eps_growth_year": -257.14,
            "eps_4q": -0.28,
            "eps_4q_growth_year": -159.38,
            "roe": -5.85,
            "roe_4q": -13.57,
            "gross_profit": 729,
            "gross_margin": 23.31,
            "gross_margin_4q_avg": 14.98,
            "net_income": -6652,
            "revenue": 3128,
            "common_shares": 570850,
            "book_valuer_per_share": 1.94,
            "book_valuer_per_share_4q_avg": 2.15,
            "equity": 110480,
            "current_ratio": 143.48,
            "debt_ratio": 65.86,
            "inventory_turnover_ratio": 0.82,
            "account_receivable_turnover_ratio": null,
            "reinvestment_rate": -10.74,
            "research_to_sale_ratio": 24.39,
            "price_fair": 12.44,
            "eps_avg_yearly": 0.36,
            "eps_latest_yearly": 0.04,
            "eps_growth_yearly": 62.86
        },
        "20203": {
            "year_quarter": 20203,
            "year": 2020,
            "quarter": 3,
            "eps": -0.1,
            "eps_growth_year": -242.86,
            "eps_4q": -0.46,
            "eps_4q_growth_year": -272.91,
            "roe": -5.31,
            "roe_4q": -22.25,
            "gross_profit": 984,
            "gross_margin": 25.52,
            "gross_margin_4q_avg": 20.49,
            "net_income": -5711,
            "revenue": 3856,
            "common_shares": 570850,
            "book_valuer_per_share": 1.83,
            "book_valuer_per_share_4q_avg": 2.03,
            "equity": 104716,
            "current_ratio": 139.81,
            "debt_ratio": 67.63,
            "inventory_turnover_ratio": 0.7,
            "account_receivable_turnover_ratio": 36.9,
            "reinvestment_rate": -12.31,
            "research_to_sale_ratio": 11.88,
            "price_fair": 12.44,
            "eps_avg_yearly": 0.36,
            "eps_latest_yearly": 0.04,
            "eps_growth_yearly": 62.86
        },
        "20204": {
            "year_quarter": 20204,
            "year": 2020,
            "quarter": 4,
            "eps": -1.48,
            "eps_growth_year": -29272.39,
            "eps_4q": -1.77,
            "eps_4q_growth_year": -1096.57,
            "roe": -107.62,
            "roe_4q": -130.09,
            "gross_profit": 773,
            "gross_margin": 23.39,
            "gross_margin_4q_avg": 25.51,
            "net_income": -132091,
            "revenue": 3305,
            "common_shares": 894321,
            "book_valuer_per_share": 1.57,
            "book_valuer_per_share_4q_avg": 1.85,
            "equity": 140764,
            "current_ratio": 321.83,
            "debt_ratio": 35.69,
            "inventory_turnover_ratio": 0.43,
            "account_receivable_turnover_ratio": 1.65,
            "reinvestment_rate": null,
            "research_to_sale_ratio": 13.89,
            "price_fair": 12.44,
            "eps_avg_yearly": 0.36,
            "eps_latest_yearly": 0.04,
            "eps_growth_yearly": 62.86
        },
        "20211": {
            "year_quarter": 20211,
            "year": 2021,
            "quarter": 1,
            "eps": -0.05,
            "eps_growth_year": null,
            "eps_4q": -1.66,
            "eps_4q_growth_year": null,
            "roe": -3,
            "roe_4q": -121.78,
            "gross_profit": 931,
            "gross_margin": 23.82,
            "gross_margin_4q_avg": 24.01,
            "net_income": -4161,
            "revenue": 3908,
            "common_shares": 894321,
            "book_valuer_per_share": 1.53,
            "book_valuer_per_share_4q_avg": 1.72,
            "equity": 136615,
            "current_ratio": 309.12,
            "debt_ratio": 36.92,
            "inventory_turnover_ratio": 0.49,
            "account_receivable_turnover_ratio": 1.59,
            "reinvestment_rate": null,
            "research_to_sale_ratio": 11.62,
            "price_fair": 1.05,
            "eps_avg_yearly": 0.35,
            "eps_latest_yearly": 0.04,
            "eps_growth_yearly": -4.29
        },
        "20212": {
            "year_quarter": 20212,
            "year": 2021,
            "quarter": 2,
            "eps": -0.04,
            "eps_growth_year": null,
            "eps_4q": -1.63,
            "eps_4q_growth_year": null,
            "roe": -2.63,
            "roe_4q": -118.56,
            "gross_profit": 1194,
            "gross_margin": 19.27,
            "gross_margin_4q_avg": 23,
            "net_income": -3550,
            "revenue": 6195,
            "common_shares": 894321,
            "book_valuer_per_share": 1.49,
            "book_valuer_per_share_4q_avg": 1.61,
            "equity": 133080,
            "current_ratio": 293.98,
            "debt_ratio": 38.45,
            "inventory_turnover_ratio": 1.1,
            "account_receivable_turnover_ratio": 8,
            "reinvestment_rate": null,
            "research_to_sale_ratio": 7.36,
            "price_fair": 0.99,
            "eps_avg_yearly": 0.33,
            "eps_latest_yearly": 0.04,
            "eps_growth_yearly": -16.33
        },
        "20213": {
            "year_quarter": 20213,
            "year": 2021,
            "quarter": 3,
            "eps": 0.08,
            "eps_growth_year": null,
            "eps_4q": -1.48,
            "eps_4q_growth_year": null,
            "roe": 5.44,
            "roe_4q": -107.81,
            "gross_profit": 1378,
            "gross_margin": 32.11,
            "gross_margin_4q_avg": 24.65,
            "net_income": 7436,
            "revenue": 4292,
            "common_shares": 894321,
            "book_valuer_per_share": 1.57,
            "book_valuer_per_share_4q_avg": 1.54,
            "equity": 140514,
            "current_ratio": 270.2,
            "debt_ratio": 35.49,
            "inventory_turnover_ratio": 0.92,
            "account_receivable_turnover_ratio": 4.6,
            "reinvestment_rate": null,
            "research_to_sale_ratio": 10.58,
            "price_fair": 0.92,
            "eps_avg_yearly": 0.31,
            "eps_latest_yearly": 0.04,
            "eps_growth_yearly": -19.05
        },
        "20214": {
            "year_quarter": 20214,
            "year": 2021,
            "quarter": 4,
            "eps": -0.04,
            "eps_growth_year": null,
            "eps_4q": -0.04,
            "eps_4q_growth_year": null,
            "roe": -2.63,
            "roe_4q": -2.8199999999999994,
            "gross_profit": 1104,
            "gross_margin": 11.27,
            "gross_margin_4q_avg": 21.62,
            "net_income": -3653,
            "revenue": 9799,
            "common_shares": 894321,
            "book_valuer_per_share": 1.53,
            "book_valuer_per_share_4q_avg": 1.53,
            "equity": 136847,
            "current_ratio": 252.13,
            "debt_ratio": 37.64,
            "inventory_turnover_ratio": 1.59,
            "account_receivable_turnover_ratio": 2.26,
            "reinvestment_rate": null,
            "research_to_sale_ratio": 4.74,
            "price_fair": 0.65,
            "eps_avg_yearly": 0.22,
            "eps_latest_yearly": 0.04,
            "eps_growth_yearly": -69.52
        },
        "20221": {
            "year_quarter": 20221,
            "year": 2022,
            "quarter": 1,
            "eps": -0.05,
            "eps_growth_year": null,
            "eps_4q": -0.04,
            "eps_4q_growth_year": null,
            "roe": -3.09,
            "roe_4q": -2.9099999999999993,
            "gross_profit": 545,
            "gross_margin": 3.96,
            "gross_margin_4q_avg": 16.65,
            "net_income": -4169,
            "revenue": 13757,
            "common_shares": 894321,
            "book_valuer_per_share": 1.48,
            "book_valuer_per_share_4q_avg": 1.52,
            "equity": 132630,
            "current_ratio": 166.64,
            "debt_ratio": 35.79,
            "inventory_turnover_ratio": 1.2,
            "account_receivable_turnover_ratio": 1.45,
            "reinvestment_rate": null,
            "research_to_sale_ratio": 3.3,
            "price_fair": 0.65,
            "eps_avg_yearly": 0.22,
            "eps_latest_yearly": 0.04,
            "eps_growth_yearly": -69.52
        },
        "20222": {
            "year_quarter": 20222,
            "year": 2022,
            "quarter": 2,
            "eps": -0.02,
            "eps_growth_year": null,
            "eps_4q": -0.03,
            "eps_4q_growth_year": null,
            "roe": -1.91,
            "roe_4q": -2.1899999999999995,
            "gross_profit": 1397,
            "gross_margin": 8.28,
            "gross_margin_4q_avg": 13.91,
            "net_income": -2505,
            "revenue": 16882,
            "common_shares": 894321,
            "book_valuer_per_share": 1.46,
            "book_valuer_per_share_4q_avg": 1.51,
            "equity": 130140,
            "current_ratio": 197.8,
            "debt_ratio": 34.16,
            "inventory_turnover_ratio": 0.91,
            "account_receivable_turnover_ratio": 1.3,
            "reinvestment_rate": null,
            "research_to_sale_ratio": 2.64,
            "price_fair": 0.65,
            "eps_avg_yearly": 0.22,
            "eps_latest_yearly": 0.04,
            "eps_growth_yearly": -69.52
        },
        "20223": {
            "year_quarter": 20223,
            "year": 2022,
            "quarter": 3,
            "eps": -0.01,
            "eps_growth_year": -112.5,
            "eps_4q": -0.13,
            "eps_4q_growth_year": null,
            "roe": -0.84,
            "roe_4q": -8.469999999999999,
            "gross_profit": 1719,
            "gross_margin": 6.26,
            "gross_margin_4q_avg": 7.44,
            "net_income": -1093,
            "revenue": 27481,
            "common_shares": 894321,
            "book_valuer_per_share": 1.44,
            "book_valuer_per_share_4q_avg": 1.48,
            "equity": 129051,
            "current_ratio": 248.03,
            "debt_ratio": 37.43,
            "inventory_turnover_ratio": 1.33,
            "account_receivable_turnover_ratio": 1.36,
            "reinvestment_rate": null,
            "research_to_sale_ratio": 1.14,
            "price_fair": 0.65,
            "eps_avg_yearly": 0.22,
            "eps_latest_yearly": 0.04,
            "eps_growth_yearly": -69.52
        },
        "20224": {
            "year_quarter": 20224,
            "year": 2022,
            "quarter": 4,
            "eps": -0.22,
            "eps_growth_year": null,
            "eps_4q": -0.79,
            "eps_4q_growth_year": null,
            "roe": -2.35,
            "roe_4q": -8.19,
            "gross_profit": 2280,
            "gross_margin": 11.84,
            "gross_margin_4q_avg": 7.59,
            "net_income": -3003,
            "revenue": 19256,
            "common_shares": 136049,
            "book_valuer_per_share": 9.27,
            "book_valuer_per_share_4q_avg": 3.41,
            "equity": 126054,
            "current_ratio": 263.02,
            "debt_ratio": 35.18,
            "inventory_turnover_ratio": 1,
            "account_receivable_turnover_ratio": 0.63,
            "reinvestment_rate": null,
            "research_to_sale_ratio": 2.36,
            "price_fair": 0.54,
            "eps_avg_yearly": 0.18,
            "eps_latest_yearly": 0.04,
            "eps_growth_yearly": -19.05
        },
        "20231": {
            "year_quarter": 20231,
            "year": 2023,
            "quarter": 1,
            "eps": -0.26,
            "eps_growth_year": null,
            "eps_4q": -0.75,
            "eps_4q_growth_year": null,
            "roe": -2.85,
            "roe_4q": -7.95,
            "gross_profit": 1437,
            "gross_margin": 11.68,
            "gross_margin_4q_avg": 9.52,
            "net_income": -3539,
            "revenue": 12300,
            "common_shares": 136049,
            "book_valuer_per_share": 9.01,
            "book_valuer_per_share_4q_avg": 5.3,
            "equity": 122513,
            "current_ratio": 404.13,
            "debt_ratio": 22.65,
            "inventory_turnover_ratio": 0.64,
            "account_receivable_turnover_ratio": 0.44,
            "reinvestment_rate": null,
            "research_to_sale_ratio": 6.15,
            "price_fair": 7,
            "eps_avg_yearly": 0.2,
            "eps_latest_yearly": 0.04,
            "eps_growth_yearly": 63.49
        }
    },
    "months": {
        "2001-06": {
            "month": "2001-06",
            "price": "22.80",
            "revenue": 19660
        },
        "2001-07": {
            "month": "2001-07",
            "price": "15.44",
            "revenue": 4404
        },
        "2001-08": {
            "month": "2001-08",
            "price": "10.59",
            "revenue": 10391
        },
        "2001-09": {
            "month": "2001-09",
            "price": "7.64",
            "revenue": 22715
        },
        "2001-10": {
            "month": "2001-10",
            "price": "8.01",
            "revenue": 23132
        },
        "2001-11": {
            "month": "2001-11",
            "price": "12.03",
            "revenue": 30158
        },
        "2001-12": {
            "month": "2001-12",
            "price": "14.71",
            "revenue": 17905
        },
        "2002-01": {
            "month": "2002-01",
            "price": "17.10",
            "revenue": 41012
        },
        "2002-02": {
            "month": "2002-02",
            "price": "26.96",
            "revenue": 30029
        },
        "2002-03": {
            "month": "2002-03",
            "price": "65.23",
            "revenue": 96887
        },
        "2002-04": {
            "month": "2002-04",
            "price": "93.50",
            "revenue": 120848
        },
        "2002-05": {
            "month": "2002-05",
            "price": "84.05",
            "revenue": 124692
        },
        "2002-06": {
            "month": "2002-06",
            "price": "73.98",
            "revenue": 134746
        },
        "2002-07": {
            "month": "2002-07",
            "price": "76.15",
            "revenue": 125895
        },
        "2002-08": {
            "month": "2002-08",
            "price": "65.13",
            "revenue": 64246
        },
        "2002-09": {
            "month": "2002-09",
            "price": "43.94",
            "revenue": 48440
        },
        "2002-10": {
            "month": "2002-10",
            "price": "39.48",
            "revenue": 41049
        },
        "2002-11": {
            "month": "2002-11",
            "price": "51.47",
            "revenue": 60814
        },
        "2002-12": {
            "month": "2002-12",
            "price": "49.46",
            "revenue": 77397
        },
        "2003-01": {
            "month": "2003-01",
            "price": "47.87",
            "revenue": 54256
        },
        "2003-02": {
            "month": "2003-02",
            "price": "47.71",
            "revenue": 62870
        },
        "2003-03": {
            "month": "2003-03",
            "price": "52.33",
            "revenue": 110565
        },
        "2003-04": {
            "month": "2003-04",
            "price": "49.44",
            "revenue": 140987
        },
        "2003-05": {
            "month": "2003-05",
            "price": "57.20",
            "revenue": 152310
        },
        "2003-06": {
            "month": "2003-06",
            "price": "63.12",
            "revenue": 157575
        },
        "2003-07": {
            "month": "2003-07",
            "price": "59.48",
            "revenue": 167712
        },
        "2003-08": {
            "month": "2003-08",
            "price": "58.33",
            "revenue": 210679
        },
        "2003-09": {
            "month": "2003-09",
            "price": "61.69",
            "revenue": 222695
        },
        "2003-10": {
            "month": "2003-10",
            "price": "59.36",
            "revenue": 162661
        },
        "2003-11": {
            "month": "2003-11",
            "price": "56.52",
            "revenue": 131710
        },
        "2003-12": {
            "month": "2003-12",
            "price": "55.11",
            "revenue": 114457
        },
        "2004-01": {
            "month": "2004-01",
            "price": "58.30",
            "revenue": 129238
        },
        "2004-02": {
            "month": "2004-02",
            "price": "65.48",
            "revenue": 148194
        },
        "2004-03": {
            "month": "2004-03",
            "price": "62.07",
            "revenue": 175712
        },
        "2004-04": {
            "month": "2004-04",
            "price": "61.39",
            "revenue": 202845
        },
        "2004-05": {
            "month": "2004-05",
            "price": "55.02",
            "revenue": 231115
        },
        "2004-06": {
            "month": "2004-06",
            "price": "50.48",
            "revenue": 237467
        },
        "2004-07": {
            "month": "2004-07",
            "price": "43.14",
            "revenue": 242419
        },
        "2004-08": {
            "month": "2004-08",
            "price": "34.48",
            "revenue": 201962
        },
        "2004-09": {
            "month": "2004-09",
            "price": "31.23",
            "revenue": 180748
        },
        "2004-10": {
            "month": "2004-10",
            "price": "26.00",
            "revenue": 176058
        },
        "2004-11": {
            "month": "2004-11",
            "price": "30.67",
            "revenue": 172637
        },
        "2004-12": {
            "month": "2004-12",
            "price": "35.31",
            "revenue": 253474
        },
        "2005-01": {
            "month": "2005-01",
            "price": "29.83",
            "revenue": 80495
        },
        "2005-02": {
            "month": "2005-02",
            "price": "35.82",
            "revenue": 60936
        },
        "2005-03": {
            "month": "2005-03",
            "price": "37.07",
            "revenue": 68957
        },
        "2005-04": {
            "month": "2005-04",
            "price": "30.64",
            "revenue": 100523
        },
        "2005-05": {
            "month": "2005-05",
            "price": "26.87",
            "revenue": 111420
        },
        "2005-06": {
            "month": "2005-06",
            "price": "28.97",
            "revenue": 115707
        },
        "2005-07": {
            "month": "2005-07",
            "price": "27.04",
            "revenue": 103376
        },
        "2005-08": {
            "month": "2005-08",
            "price": "22.00",
            "revenue": 152362
        },
        "2005-09": {
            "month": "2005-09",
            "price": "17.38",
            "revenue": 92562
        },
        "2005-10": {
            "month": "2005-10",
            "price": "14.73",
            "revenue": 126910
        },
        "2005-11": {
            "month": "2005-11",
            "price": "15.43",
            "revenue": 99188
        },
        "2005-12": {
            "month": "2005-12",
            "price": "17.33",
            "revenue": 86299
        },
        "2006-01": {
            "month": "2006-01",
            "price": "17.11",
            "revenue": 67671
        },
        "2006-02": {
            "month": "2006-02",
            "price": "16.34",
            "revenue": 60615
        },
        "2006-03": {
            "month": "2006-03",
            "price": "17.42",
            "revenue": 91503
        },
        "2006-04": {
            "month": "2006-04",
            "price": "18.76",
            "revenue": 100636
        },
        "2006-05": {
            "month": "2006-05",
            "price": "17.63",
            "revenue": 124730
        },
        "2006-06": {
            "month": "2006-06",
            "price": "14.92",
            "revenue": 154629
        },
        "2006-07": {
            "month": "2006-07",
            "price": "17.39",
            "revenue": 170857
        },
        "2006-08": {
            "month": "2006-08",
            "price": "18.30",
            "revenue": 189556
        },
        "2006-09": {
            "month": "2006-09",
            "price": "20.80",
            "revenue": 202423
        },
        "2006-10": {
            "month": "2006-10",
            "price": "22.72",
            "revenue": 145046
        },
        "2006-11": {
            "month": "2006-11",
            "price": "20.36",
            "revenue": 102154
        },
        "2006-12": {
            "month": "2006-12",
            "price": "21.97",
            "revenue": 101481
        },
        "2007-01": {
            "month": "2007-01",
            "price": "26.81",
            "revenue": 70960
        },
        "2007-02": {
            "month": "2007-02",
            "price": "24.00",
            "revenue": 51594
        },
        "2007-03": {
            "month": "2007-03",
            "price": "27.16",
            "revenue": 84964
        },
        "2007-04": {
            "month": "2007-04",
            "price": "27.13",
            "revenue": 81086
        },
        "2007-05": {
            "month": "2007-05",
            "price": "26.00",
            "revenue": 83688
        },
        "2007-06": {
            "month": "2007-06",
            "price": "27.02",
            "revenue": 76623
        },
        "2007-07": {
            "month": "2007-07",
            "price": "27.59",
            "revenue": 83857
        },
        "2007-08": {
            "month": "2007-08",
            "price": "25.68",
            "revenue": 41595
        },
        "2007-09": {
            "month": "2007-09",
            "price": "15.99",
            "revenue": 42869
        },
        "2007-10": {
            "month": "2007-10",
            "price": "15.32",
            "revenue": 17778
        },
        "2007-11": {
            "month": "2007-11",
            "price": "11.10",
            "revenue": 705
        },
        "2008-01": {
            "month": "2008-01",
            "price": "11.13",
            "revenue": 15276
        },
        "2008-02": {
            "month": "2008-02",
            "price": "9.88",
            "revenue": 7395
        },
        "2008-03": {
            "month": "2008-03",
            "price": "9.47",
            "revenue": 17259
        },
        "2008-04": {
            "month": "2008-04",
            "price": "8.28",
            "revenue": 6900
        },
        "2008-05": {
            "month": "2008-05",
            "price": "3.15",
            "revenue": 17863
        },
        "2008-06": {
            "month": "2008-06",
            "price": "1.77",
            "revenue": 2482
        },
        "2008-07": {
            "month": "2008-07",
            "price": "1.62",
            "revenue": 10761
        },
        "2008-08": {
            "month": "2008-08",
            "price": "1.56",
            "revenue": 16123
        },
        "2008-09": {
            "month": "2008-09",
            "price": "1.01",
            "revenue": 11614
        },
        "2008-10": {
            "month": "2008-10",
            "price": "1.05",
            "revenue": 16335
        },
        "2008-11": {
            "month": "2008-11",
            "price": "1.09",
            "revenue": 18500
        },
        "2008-12": {
            "month": "2008-12",
            "price": "1.18",
            "revenue": 9070
        },
        "2009-01": {
            "month": "2009-01",
            "price": "1.54",
            "revenue": 2436
        },
        "2009-02": {
            "month": "2009-02",
            "price": "2.00",
            "revenue": 8769
        },
        "2009-03": {
            "month": "2009-03",
            "price": "2.80",
            "revenue": 10388
        },
        "2009-04": {
            "month": "2009-04",
            "price": "2.74",
            "revenue": 15244
        },
        "2009-05": {
            "month": "2009-05",
            "price": "2.61",
            "revenue": 9785
        },
        "2009-06": {
            "month": "2009-06",
            "price": "2.71",
            "revenue": 11294
        },
        "2009-07": {
            "month": "2009-07",
            "price": "2.47",
            "revenue": 19343
        },
        "2009-08": {
            "month": "2009-08",
            "price": "2.52",
            "revenue": 19317
        },
        "2009-09": {
            "month": "2009-09",
            "price": "2.36",
            "revenue": 5360
        },
        "2009-10": {
            "month": "2009-10",
            "price": "2.94",
            "revenue": 7644
        },
        "2009-11": {
            "month": "2009-11",
            "price": "6.36",
            "revenue": 3421
        },
        "2009-12": {
            "month": "2009-12",
            "price": "5.66",
            "revenue": 6683
        },
        "2010-01": {
            "month": "2010-01",
            "price": "5.56",
            "revenue": 5661
        },
        "2010-02": {
            "month": "2010-02",
            "price": "5.78",
            "revenue": 4418
        },
        "2010-03": {
            "month": "2010-03",
            "price": "6.32",
            "revenue": 11386
        },
        "2010-04": {
            "month": "2010-04",
            "price": "5.44",
            "revenue": 9154
        },
        "2010-05": {
            "month": "2010-05",
            "price": "4.61",
            "revenue": 10886
        },
        "2010-06": {
            "month": "2010-06",
            "price": "4.57",
            "revenue": 15685
        },
        "2010-07": {
            "month": "2010-07",
            "price": "5.26",
            "revenue": 10899
        },
        "2010-08": {
            "month": "2010-08",
            "price": "4.97",
            "revenue": 6615
        },
        "2010-09": {
            "month": "2010-09",
            "price": "6.06",
            "revenue": 5518
        },
        "2010-10": {
            "month": "2010-10",
            "price": "5.46",
            "revenue": 2734
        },
        "2010-11": {
            "month": "2010-11",
            "price": "4.08",
            "revenue": 4712
        },
        "2010-12": {
            "month": "2010-12",
            "price": "3.80",
            "revenue": 3619
        },
        "2011-01": {
            "month": "2011-01",
            "price": "3.92",
            "revenue": 2348
        },
        "2011-02": {
            "month": "2011-02",
            "price": "4.03",
            "revenue": 3303
        },
        "2011-03": {
            "month": "2011-03",
            "price": "4.19",
            "revenue": 5221
        },
        "2011-04": {
            "month": "2011-04",
            "price": "4.80",
            "revenue": 4979
        },
        "2011-05": {
            "month": "2011-05",
            "price": "4.34",
            "revenue": 5624
        },
        "2011-06": {
            "month": "2011-06",
            "price": "3.68",
            "revenue": 4035
        },
        "2011-07": {
            "month": "2011-07",
            "price": "3.70",
            "revenue": 4599
        },
        "2011-08": {
            "month": "2011-08",
            "price": "3.75",
            "revenue": 8009
        },
        "2011-09": {
            "month": "2011-09",
            "price": "3.75",
            "revenue": 4413
        },
        "2011-10": {
            "month": "2011-10",
            "price": "3.61",
            "revenue": 5402
        },
        "2011-11": {
            "month": "2011-11",
            "price": "3.67",
            "revenue": 5715
        },
        "2011-12": {
            "month": "2011-12",
            "price": "3.73",
            "revenue": 4209
        },
        "2012-01": {
            "month": "2012-01",
            "price": "3.71",
            "revenue": 3352
        },
        "2012-02": {
            "month": "2012-02",
            "price": "3.62",
            "revenue": 8393
        },
        "2012-03": {
            "month": "2012-03",
            "price": "3.05",
            "revenue": 8028
        },
        "2012-04": {
            "month": "2012-04",
            "price": "2.69",
            "revenue": 3610
        },
        "2012-05": {
            "month": "2012-05",
            "price": "2.19",
            "revenue": 3712
        },
        "2012-06": {
            "month": "2012-06",
            "price": "2.04",
            "revenue": 4180
        },
        "2012-07": {
            "month": "2012-07",
            "price": "1.98",
            "revenue": 3336
        },
        "2012-08": {
            "month": "2012-08",
            "price": "2.06",
            "revenue": 2072
        },
        "2012-09": {
            "month": "2012-09",
            "price": "2.07",
            "revenue": 4263
        },
        "2012-10": {
            "month": "2012-10",
            "price": "1.61",
            "revenue": 5302
        },
        "2012-11": {
            "month": "2012-11",
            "price": "1.47",
            "revenue": 1656
        },
        "2012-12": {
            "month": "2012-12",
            "price": "1.59",
            "revenue": 1846
        },
        "2013-01": {
            "month": "2013-01",
            "price": "1.96",
            "revenue": 979
        },
        "2013-02": {
            "month": "2013-02",
            "price": "2.39",
            "revenue": 2731
        },
        "2013-03": {
            "month": "2013-03",
            "price": "2.53",
            "revenue": 4248
        },
        "2013-04": {
            "month": "2013-04",
            "price": "2.68",
            "revenue": 1512
        },
        "2013-05": {
            "month": "2013-05",
            "price": "2.75",
            "revenue": 4008
        },
        "2013-06": {
            "month": "2013-06",
            "price": "3.02",
            "revenue": 4926
        },
        "2013-07": {
            "month": "2013-07",
            "price": "3.12",
            "revenue": 3740
        },
        "2013-08": {
            "month": "2013-08",
            "price": "2.92",
            "revenue": 2949
        },
        "2013-09": {
            "month": "2013-09",
            "price": "2.11",
            "revenue": 2775
        },
        "2013-10": {
            "month": "2013-10",
            "price": "1.83",
            "revenue": 1835
        },
        "2013-11": {
            "month": "2013-11",
            "price": "1.64",
            "revenue": 3888
        },
        "2013-12": {
            "month": "2013-12",
            "price": "1.68",
            "revenue": 293
        },
        "2014-01": {
            "month": "2014-01",
            "price": "2.36",
            "revenue": 1246
        },
        "2014-02": {
            "month": "2014-02",
            "price": "2.81",
            "revenue": 3865
        },
        "2014-03": {
            "month": "2014-03",
            "price": "3.30",
            "revenue": 3425
        },
        "2014-04": {
            "month": "2014-04",
            "price": "3.17",
            "revenue": 1583
        },
        "2014-05": {
            "month": "2014-05",
            "price": "2.92",
            "revenue": 4213
        },
        "2014-06": {
            "month": "2014-06",
            "price": "3.69",
            "revenue": 5586
        },
        "2014-07": {
            "month": "2014-07",
            "price": "4.44",
            "revenue": 3765
        },
        "2014-08": {
            "month": "2014-08",
            "price": "3.28",
            "revenue": 7133
        },
        "2014-09": {
            "month": "2014-09",
            "price": "2.54",
            "revenue": 2658
        },
        "2014-10": {
            "month": "2014-10",
            "price": "2.26",
            "revenue": 2903
        },
        "2014-11": {
            "month": "2014-11",
            "price": "2.58",
            "revenue": 3174
        },
        "2014-12": {
            "month": "2014-12",
            "price": "2.50",
            "revenue": 3659
        },
        "2015-01": {
            "month": "2015-01",
            "price": "3.06",
            "revenue": 16780
        },
        "2015-02": {
            "month": "2015-02",
            "price": "2.95",
            "revenue": 18356
        },
        "2015-03": {
            "month": "2015-03",
            "price": "9.37",
            "revenue": 19202
        },
        "2015-04": {
            "month": "2015-04",
            "price": "9.19",
            "revenue": 32931
        },
        "2015-05": {
            "month": "2015-05",
            "price": "9.70",
            "revenue": 31601
        },
        "2015-06": {
            "month": "2015-06",
            "price": "10.38",
            "revenue": 32682
        },
        "2015-07": {
            "month": "2015-07",
            "price": "10.07",
            "revenue": 31532
        },
        "2015-08": {
            "month": "2015-08",
            "price": "7.06",
            "revenue": 52624
        },
        "2015-09": {
            "month": "2015-09",
            "price": "7.27",
            "revenue": 52576
        },
        "2015-10": {
            "month": "2015-10",
            "price": "7.02",
            "revenue": 66036
        },
        "2015-11": {
            "month": "2015-11",
            "price": "7.47",
            "revenue": 69057
        },
        "2015-12": {
            "month": "2015-12",
            "price": "6.19",
            "revenue": 68519
        },
        "2016-01": {
            "month": "2016-01",
            "price": "6.00",
            "revenue": 70752
        },
        "2016-02": {
            "month": "2016-02",
            "price": "7.38",
            "revenue": 101027
        },
        "2016-03": {
            "month": "2016-03",
            "price": "8.71",
            "revenue": 101882
        },
        "2016-04": {
            "month": "2016-04",
            "price": "11.89",
            "revenue": 101743
        },
        "2016-05": {
            "month": "2016-05",
            "price": "16.16",
            "revenue": 97819
        },
        "2016-06": {
            "month": "2016-06",
            "price": "13.92",
            "revenue": 103281
        },
        "2016-07": {
            "month": "2016-07",
            "price": "12.77",
            "revenue": 96977
        },
        "2016-08": {
            "month": "2016-08",
            "price": "16.59",
            "revenue": 128295
        },
        "2016-09": {
            "month": "2016-09",
            "price": "15.34",
            "revenue": 145254
        },
        "2016-10": {
            "month": "2016-10",
            "price": "14.72",
            "revenue": 97550
        },
        "2016-11": {
            "month": "2016-11",
            "price": "12.68",
            "revenue": 161740
        },
        "2016-12": {
            "month": "2016-12",
            "price": "15.30",
            "revenue": 152893
        },
        "2017-01": {
            "month": "2017-01",
            "price": "14.18",
            "revenue": 128851
        },
        "2017-02": {
            "month": "2017-02",
            "price": "14.34",
            "revenue": 126342
        },
        "2017-03": {
            "month": "2017-03",
            "price": "14.00",
            "revenue": 144876
        },
        "2017-04": {
            "month": "2017-04",
            "price": "12.38",
            "revenue": 110008
        },
        "2017-05": {
            "month": "2017-05",
            "price": "11.07",
            "revenue": 198985
        },
        "2017-06": {
            "month": "2017-06",
            "price": "10.85",
            "revenue": 185132
        },
        "2017-07": {
            "month": "2017-07",
            "price": "10.34",
            "revenue": 156592
        },
        "2017-08": {
            "month": "2017-08",
            "price": "10.46",
            "revenue": 152579
        },
        "2017-09": {
            "month": "2017-09",
            "price": "10.74",
            "revenue": 183527
        },
        "2017-10": {
            "month": "2017-10",
            "price": "10.61",
            "revenue": 154408
        },
        "2017-11": {
            "month": "2017-11",
            "price": "9.38",
            "revenue": 152131
        },
        "2017-12": {
            "month": "2017-12",
            "price": "8.50",
            "revenue": 183768
        },
        "2018-01": {
            "month": "2018-01",
            "price": "9.30",
            "revenue": 145929
        },
        "2018-02": {
            "month": "2018-02",
            "price": "12.28",
            "revenue": 87185
        },
        "2018-03": {
            "month": "2018-03",
            "price": "13.46",
            "revenue": 236409
        },
        "2018-04": {
            "month": "2018-04",
            "price": "10.34",
            "revenue": 148362
        },
        "2018-05": {
            "month": "2018-05",
            "price": "10.38",
            "revenue": 149182
        },
        "2018-06": {
            "month": "2018-06",
            "price": "11.65",
            "revenue": 183605
        },
        "2018-07": {
            "month": "2018-07",
            "price": "11.21",
            "revenue": 151634
        },
        "2018-08": {
            "month": "2018-08",
            "price": "11.02",
            "revenue": 153320
        },
        "2018-09": {
            "month": "2018-09",
            "price": "14.78",
            "revenue": 178174
        },
        "2018-10": {
            "month": "2018-10",
            "price": "11.00",
            "revenue": 179366
        },
        "2018-11": {
            "month": "2018-11",
            "price": "10.60",
            "revenue": 154815
        },
        "2018-12": {
            "month": "2018-12",
            "price": "11.85",
            "revenue": 229897
        },
        "2019-01": {
            "month": "2019-01",
            "price": "11.92",
            "revenue": 153776
        },
        "2019-02": {
            "month": "2019-02",
            "price": "11.78",
            "revenue": 138071
        },
        "2019-03": {
            "month": "2019-03",
            "price": "11.15",
            "revenue": 219862
        },
        "2019-04": {
            "month": "2019-04",
            "price": "11.32",
            "revenue": 168819
        },
        "2019-05": {
            "month": "2019-05",
            "price": "11.36",
            "revenue": 157505
        },
        "2019-06": {
            "month": "2019-06",
            "price": "11.35",
            "revenue": 200611
        },
        "2019-07": {
            "month": "2019-07",
            "price": "11.71",
            "revenue": 202566
        },
        "2019-08": {
            "month": "2019-08",
            "price": "11.80",
            "revenue": 205207
        },
        "2019-09": {
            "month": "2019-09",
            "price": "10.58",
            "revenue": 180405
        },
        "2019-10": {
            "month": "2019-10",
            "price": "10.01",
            "revenue": 154740
        },
        "2019-11": {
            "month": "2019-11",
            "price": "10.27",
            "revenue": 122833
        },
        "2019-12": {
            "month": "2019-12",
            "price": "9.78",
            "revenue": 740
        },
        "2020-01": {
            "month": "2020-01",
            "price": "9.77",
            "revenue": 1968
        },
        "2020-02": {
            "month": "2020-02",
            "price": "8.03",
            "revenue": 768
        },
        "2020-03": {
            "month": "2020-03",
            "price": "8.24",
            "revenue": 810
        },
        "2020-04": {
            "month": "2020-04",
            "price": "6.03",
            "revenue": 1120
        },
        "2020-05": {
            "month": "2020-05",
            "price": "5.50",
            "revenue": 605
        },
        "2020-06": {
            "month": "2020-06",
            "price": "7.67",
            "revenue": 1404
        },
        "2020-07": {
            "month": "2020-07",
            "price": "8.07",
            "revenue": 2263
        },
        "2020-08": {
            "month": "2020-08",
            "price": "7.63",
            "revenue": 722
        },
        "2020-09": {
            "month": "2020-09",
            "price": "7.51",
            "revenue": 871
        },
        "2020-10": {
            "month": "2020-10",
            "price": "7.43",
            "revenue": 813
        },
        "2020-11": {
            "month": "2020-11",
            "price": "6.28",
            "revenue": 581
        },
        "2020-12": {
            "month": "2020-12",
            "price": "6.21",
            "revenue": 1790
        },
        "2021-01": {
            "month": "2021-01",
            "price": "8.62",
            "revenue": 669
        },
        "2021-02": {
            "month": "2021-02",
            "price": "8.89",
            "revenue": 35
        },
        "2021-03": {
            "month": "2021-03",
            "price": "7.71",
            "revenue": 3202
        },
        "2021-04": {
            "month": "2021-04",
            "price": "12.43",
            "revenue": 1764
        },
        "2021-05": {
            "month": "2021-05",
            "price": "9.48",
            "revenue": 2829
        },
        "2021-06": {
            "month": "2021-06",
            "price": "8.63",
            "revenue": 1604
        },
        "2021-07": {
            "month": "2021-07",
            "price": "8.46",
            "revenue": 2799
        },
        "2021-08": {
            "month": "2021-08",
            "price": "7.42",
            "revenue": 910
        },
        "2021-09": {
            "month": "2021-09",
            "price": "7.34",
            "revenue": 584
        },
        "2021-10": {
            "month": "2021-10",
            "price": "7.11",
            "revenue": 3336
        },
        "2021-11": {
            "month": "2021-11",
            "price": "7.50",
            "revenue": 2772
        },
        "2021-12": {
            "month": "2021-12",
            "price": "7.96",
            "revenue": 3690
        },
        "2022-01": {
            "month": "2022-01",
            "price": "8.56",
            "revenue": 9142
        },
        "2022-02": {
            "month": "2022-02",
            "price": "8.41",
            "revenue": 1157
        },
        "2022-03": {
            "month": "2022-03",
            "price": "7.91",
            "revenue": 3458
        },
        "2022-04": {
            "month": "2022-04",
            "price": "7.31",
            "revenue": 4089
        },
        "2022-05": {
            "month": "2022-05",
            "price": "5.61",
            "revenue": 6009
        },
        "2022-06": {
            "month": "2022-06",
            "price": "5.62",
            "revenue": 6784
        },
        "2022-07": {
            "month": "2022-07",
            "price": "5.56",
            "revenue": 10146
        },
        "2022-08": {
            "month": "2022-08",
            "price": "7.04",
            "revenue": 11073
        },
        "2022-09": {
            "month": "2022-09",
            "price": "7.70",
            "revenue": 11163
        },
        "2022-10": {
            "month": "2022-10",
            "price": "7.24",
            "revenue": 6882
        },
        "2022-11": {
            "month": "2022-11",
            "price": "7.01",
            "revenue": 6065
        },
        "2022-12": {
            "month": "2022-12",
            "price": "6.86",
            "revenue": 6309
        },
        "2023-01": {
            "month": "2023-01",
            "price": "6.39",
            "revenue": 6204
        },
        "2023-02": {
            "month": "2023-02",
            "price": "6.60",
            "revenue": 4993
        },
        "2023-03": {
            "month": "2023-03",
            "price": "37.44",
            "revenue": 1369
        },
        "2023-04": {
            "month": "2023-04",
            "price": "40.37",
            "revenue": 4232
        }
    }
}
