{
    "summary": {
        "stock_name": "創惟",
        "stock_id": "6104",
        "category": "半導體",
        "main_business": "設計,製造,測試,銷售積體電路及半導體零組件等<br>電腦軟體程式設計,研發,銷售,測試及電腦資料處理<br>前各項產品之代理及進出口貿易業務",
        "website_url": "http://www.genesyslogic.com",
        "ceo": "王國肇",
        "pe_ratio": -171,
        "report_year_from": 2001,
        "report_year_to": 2023,
        "age": 22,
        "eps_negative_percentage": 22,
        "eps_growth_avg": {
            "last_all": 1.37,
            "last_2y": 37.14,
            "last_4y": 36.02,
            "last_8y": 10.49,
            "last_12y": -1.79,
            "last_16y": -3.76,
            "last_20y": 1.37,
            "at_2006_last_3y": -7.66,
            "at_2007_last_3y": 20.3,
            "at_2008_last_3y": 17.74,
            "at_2009_last_3y": -9.68,
            "at_2010_last_3y": -15.67,
            "at_2011_last_3y": -100,
            "at_2012_last_3y": -100,
            "at_2013_last_3y": -100,
            "at_2014_last_3y": -100,
            "at_2015_last_3y": -37.94,
            "at_2016_last_3y": -26.94,
            "at_2017_last_3y": -32.06,
            "at_2018_last_3y": -2.13,
            "at_2019_last_3y": 2.61,
            "at_2020_last_3y": 22.93,
            "at_2021_last_3y": 52.03,
            "at_2022_last_3y": 23.11,
            "at_2023_last_3y": 23.11,
            "at_2006_last_all": 13.87,
            "at_2007_last_all": 23,
            "at_2008_last_all": 5.43,
            "at_2009_last_all": 5.43,
            "at_2010_last_all": 5.43,
            "at_2011_last_all": -7.75,
            "at_2012_last_all": -7.75,
            "at_2013_last_all": -7.75,
            "at_2014_last_all": -7.75,
            "at_2015_last_all": -11.1,
            "at_2016_last_all": -11.59,
            "at_2017_last_all": -14.38,
            "at_2018_last_all": -5.87,
            "at_2019_last_all": -6.88,
            "at_2020_last_all": -1.72,
            "at_2021_last_all": 3.33,
            "at_2022_last_all": 1.37,
            "at_2023_last_all": 1.37
        },
        "latest_eps": -0.67,
        "latest_price": 114.5,
        "latest_roe": -3.29,
        "latest_gross_margin": 42.09,
        "latest_equity": 1723437,
        "latest_revenue": 625576,
        "latest_gross_profit": 263278,
        "latest_net_income": 38278,
        "latest_debt_ratio": 45.4,
        "latest_current_ratio": 218.96,
        "latest_account_receivable_turnover_ratio": 2.89,
        "latest_inventory_turnover_ratio": 0.34,
        "latest_reinvestment_rate": 4.59,
        "latest_research_to_sale_ratio": 27.44
    },
    "eps_dividends": {
        "2000": {
            "cash": 0,
            "stock": 6.95,
            "eps": 0
        },
        "2001": {
            "cash": 0.82,
            "stock": 4.31,
            "eps": 1.75
        },
        "2002": {
            "cash": 0,
            "stock": 1.2,
            "eps": 7.2
        },
        "2003": {
            "cash": 1.52,
            "stock": 3,
            "eps": 4.09
        },
        "2004": {
            "cash": 0.65,
            "stock": 1.78,
            "eps": 0.42
        },
        "2005": {
            "cash": 0.13,
            "stock": 0.13,
            "eps": 1.31
        },
        "2006": {
            "cash": 0.49,
            "stock": 0.49,
            "eps": 1.34
        },
        "2007": {
            "cash": 0.57,
            "stock": 0.38,
            "eps": 2.26
        },
        "2008": {
            "cash": 1.15,
            "stock": 0.49,
            "eps": -0.19
        },
        "2009": {
            "cash": 0,
            "stock": 0,
            "eps": -0.8
        },
        "2010": {
            "cash": 0,
            "stock": 0,
            "eps": 0.21
        },
        "2011": {
            "cash": 0,
            "stock": 0,
            "eps": -1.95
        },
        "2012": {
            "cash": 0,
            "stock": 0,
            "eps": -0.94
        },
        "2013": {
            "cash": 0,
            "stock": 0,
            "eps": -2.29
        },
        "2014": {
            "cash": 0,
            "stock": 0,
            "eps": 4.85
        },
        "2015": {
            "cash": 4,
            "stock": 0,
            "eps": 3.01
        },
        "2016": {
            "cash": 3,
            "stock": 0,
            "eps": 2.53
        },
        "2017": {
            "cash": 3,
            "stock": 0,
            "eps": 1.46
        },
        "2018": {
            "cash": 1.3,
            "stock": 0,
            "eps": 2.74
        },
        "2019": {
            "cash": 2.36,
            "stock": 0,
            "eps": 2.22
        },
        "2020": {
            "cash": 2,
            "stock": 0,
            "eps": 3.67
        },
        "2021": {
            "cash": 3,
            "stock": 0,
            "eps": 6.39
        },
        "2022": {
            "cash": 4.5,
            "stock": 0,
            "eps": 4.6
        },
        "2023": {
            "cash": 2.5,
            "stock": 0,
            "eps": 0.1
        }
    },
    "dividends": {
        "2000-04-11": {
            "cash": 0,
            "stock": 6.95
        },
        "2001-04-25": {
            "cash": 0.82,
            "stock": 4.31
        },
        "2002-05-09": {
            "cash": 0,
            "stock": 1.2
        },
        "2003-06-05": {
            "cash": 1.52,
            "stock": 3
        },
        "2004-04-29": {
            "cash": 0.65,
            "stock": 1.78
        },
        "2005-04-26": {
            "cash": 0.13,
            "stock": 0.13
        },
        "2006-04-27": {
            "cash": 0.49,
            "stock": 0.49
        },
        "2007-04-27": {
            "cash": 0.57,
            "stock": 0.38
        },
        "2008-04-25": {
            "cash": 1.15,
            "stock": 0.49
        },
        "2015-08-26": {
            "cash": 4,
            "stock": 0
        },
        "2016-09-07": {
            "cash": 3,
            "stock": 0
        },
        "2017-08-25": {
            "cash": 3,
            "stock": 0
        },
        "2018-08-08": {
            "cash": 1.3,
            "stock": 0
        },
        "2019-08-09": {
            "cash": 2.36,
            "stock": 0
        },
        "2020-04-24": {
            "cash": 2,
            "stock": 0
        },
        "2021-04-28": {
            "cash": 3,
            "stock": 0
        },
        "2022-04-27": {
            "cash": 4.5,
            "stock": 0
        },
        "2023-05-12": {
            "cash": 2.5,
            "stock": 0
        }
    },
    "prices": {
        "200101": "無",
        "200102": "無",
        "200103": "無",
        "200104": "無",
        "200105": "90.69",
        "200106": "80.90",
        "200107": "47.09",
        "200108": "36.73",
        "200109": "30.29",
        "200110": "30.60",
        "200111": "41.04",
        "200112": "59.62",
        "200201": "79.16",
        "200202": "91.46",
        "200203": "90.74",
        "200204": "112.60",
        "200205": "134.77",
        "200206": "143.22",
        "200207": "114.89",
        "200208": "102.52",
        "200209": "104.82",
        "200210": "106.82",
        "200211": "113.45",
        "200212": "110.86",
        "200301": "91.29",
        "200302": "81.97",
        "200303": "86.60",
        "200304": "81.39",
        "200305": "70.55",
        "200306": "79.60",
        "200307": "76.76",
        "200308": "64.76",
        "200309": "60.02",
        "200310": "64.70",
        "200311": "61.52",
        "200312": "50.78",
        "200401": "47.96",
        "200402": "48.34",
        "200403": "42.94",
        "200404": "37.57",
        "200405": "25.56",
        "200406": "25.28",
        "200407": "22.15",
        "200408": "20.99",
        "200409": "17.94",
        "200410": "15.29",
        "200411": "14.43",
        "200412": "16.32",
        "200501": "15.75",
        "200502": "17.75",
        "200503": "21.08",
        "200504": "23.32",
        "200505": "21.98",
        "200506": "25.17",
        "200507": "25.52",
        "200508": "22.70",
        "200509": "20.44",
        "200510": "22.50",
        "200511": "24.85",
        "200512": "33.32",
        "200601": "37.06",
        "200602": "37.87",
        "200603": "44.96",
        "200604": "60.16",
        "200605": "63.52",
        "200606": "53.81",
        "200607": "59.53",
        "200608": "58.80",
        "200609": "60.32",
        "200610": "67.49",
        "200611": "71.97",
        "200612": "75.21",
        "200701": "89.89",
        "200702": "94.49",
        "200703": "107.27",
        "200704": "94.50",
        "200705": "86.24",
        "200706": "96.10",
        "200707": "96.69",
        "200708": "79.50",
        "200709": "72.48",
        "200710": "68.34",
        "200711": "51.82",
        "200712": "45.47",
        "200801": "35.92",
        "200802": "29.88",
        "200803": "36.20",
        "200804": "41.06",
        "200805": "43.14",
        "200806": "33.48",
        "200807": "28.80",
        "200808": "29.38",
        "200809": "22.41",
        "200810": "17.07",
        "200811": "12.28",
        "200812": "12.88",
        "200901": "12.90",
        "200902": "13.72",
        "200903": "17.35",
        "200904": "18.75",
        "200905": "24.53",
        "200906": "29.79",
        "200907": "32.18",
        "200908": "34.96",
        "200909": "38.32",
        "200910": "41.35",
        "200911": "38.17",
        "200912": "43.41",
        "201001": "46.87",
        "201002": "40.39",
        "201003": "41.67",
        "201004": "41.59",
        "201005": "35.20",
        "201006": "38.85",
        "201007": "39.17",
        "201008": "46.33",
        "201009": "60.82",
        "201010": "56.57",
        "201011": "53.18",
        "201012": "59.11",
        "201101": "58.76",
        "201102": "47.34",
        "201103": "37.03",
        "201104": "36.09",
        "201105": "38.50",
        "201106": "36.96",
        "201107": "31.80",
        "201108": "23.67",
        "201109": "23.78",
        "201110": "25.04",
        "201111": "21.34",
        "201112": "17.71",
        "201201": "22.49",
        "201202": "26.67",
        "201203": "25.97",
        "201204": "21.75",
        "201205": "21.35",
        "201206": "20.28",
        "201207": "22.41",
        "201208": "22.68",
        "201209": "23.87",
        "201210": "20.83",
        "201211": "19.34",
        "201212": "19.42",
        "201301": "18.89",
        "201302": "18.68",
        "201303": "18.76",
        "201304": "18.46",
        "201305": "19.04",
        "201306": "18.62",
        "201307": "16.72",
        "201308": "15.17",
        "201309": "16.85",
        "201310": "20.07",
        "201311": "22.88",
        "201312": "23.29",
        "201401": "24.26",
        "201402": "23.47",
        "201403": "25.51",
        "201404": "31.53",
        "201405": "34.09",
        "201406": "45.84",
        "201407": "56.00",
        "201408": "59.49",
        "201409": "60.38",
        "201410": "50.99",
        "201411": "51.59",
        "201412": "58.67",
        "201501": "55.68",
        "201502": "57.14",
        "201503": "64.97",
        "201504": "70.00",
        "201505": "63.94",
        "201506": "52.11",
        "201507": "46.14",
        "201508": "33.80",
        "201509": "35.50",
        "201510": "39.07",
        "201511": "38.22",
        "201512": "45.29",
        "201601": "43.44",
        "201602": "42.47",
        "201603": "42.34",
        "201604": "39.19",
        "201605": "33.25",
        "201606": "34.52",
        "201607": "37.63",
        "201608": "42.25",
        "201609": "42.44",
        "201610": "39.72",
        "201611": "37.74",
        "201612": "39.67",
        "201701": "40.07",
        "201702": "41.34",
        "201703": "42.63",
        "201704": "40.94",
        "201705": "38.73",
        "201706": "39.07",
        "201707": "39.26",
        "201708": "34.24",
        "201709": "34.90",
        "201710": "39.58",
        "201711": "39.90",
        "201712": "36.45",
        "201801": "37.46",
        "201802": "34.97",
        "201803": "34.27",
        "201804": "31.34",
        "201805": "30.72",
        "201806": "32.92",
        "201807": "34.74",
        "201808": "36.00",
        "201809": "31.40",
        "201810": "27.06",
        "201811": "28.45",
        "201812": "30.84",
        "201901": "32.95",
        "201902": "35.66",
        "201903": "35.20",
        "201904": "36.04",
        "201905": "34.82",
        "201906": "32.78",
        "201907": "33.38",
        "201908": "31.02",
        "201909": "32.94",
        "201910": "34.40",
        "201911": "34.11",
        "201912": "35.04",
        "202001": "35.25",
        "202002": "32.34",
        "202003": "28.88",
        "202004": "30.96",
        "202005": "40.62",
        "202006": "51.69",
        "202007": "73.57",
        "202008": "70.49",
        "202009": "72.53",
        "202010": "70.74",
        "202011": "72.03",
        "202012": "73.23",
        "202101": "70.74",
        "202102": "68.29",
        "202103": "69.46",
        "202104": "73.92",
        "202105": "60.00",
        "202106": "62.50",
        "202107": "97.48",
        "202108": "117.78",
        "202109": "145.60",
        "202110": "130.35",
        "202111": "168.36",
        "202112": "194.14",
        "202201": "196.31",
        "202202": "240.53",
        "202203": "286.43",
        "202204": "236.16",
        "202205": "200.60",
        "202206": "182.83",
        "202207": "131.90",
        "202208": "122.33",
        "202209": "100.74",
        "202210": "85.22",
        "202211": "92.53",
        "202212": "96.61",
        "202301": "97.45",
        "202302": "118.39",
        "202303": "123.59",
        "202304": "117.41",
        "202305": "109.11",
        "202306": "114.50",
        "202307": "111.90",
        "202308": "102.69",
        "202309": "116.46"
    },
    "quarters": {
        "20011": {
            "year_quarter": 20011,
            "year": 2001,
            "quarter": 1,
            "eps": 0.22,
            "eps_growth_year": -89,
            "eps_4q": 5.64,
            "eps_4q_growth_year": null,
            "roe": 1.23,
            "roe_4q": 1.23,
            "gross_profit": 47536,
            "gross_margin": 48.74,
            "gross_margin_4q_avg": 48.74,
            "net_income": 4935,
            "revenue": 97529,
            "common_shares": 220000,
            "book_valuer_per_share": 18.3,
            "book_valuer_per_share_4q_avg": 18.3,
            "equity": 402523,
            "current_ratio": 434.05,
            "debt_ratio": 14.94,
            "inventory_turnover_ratio": 1.03,
            "account_receivable_turnover_ratio": null,
            "reinvestment_rate": null,
            "research_to_sale_ratio": null,
            "price_fair": 0,
            "eps_avg_yearly": 0,
            "eps_latest_yearly": 0,
            "eps_growth_yearly": 0
        },
        "20012": {
            "year_quarter": 20012,
            "year": 2001,
            "quarter": 2,
            "eps": 0.47,
            "eps_growth_year": -80.17,
            "eps_4q": 4.04,
            "eps_4q_growth_year": null,
            "roe": 2.59,
            "roe_4q": 3.82,
            "gross_profit": 54078,
            "gross_margin": 38.55,
            "gross_margin_4q_avg": 43.65,
            "net_income": 10265,
            "revenue": 140272,
            "common_shares": 220000,
            "book_valuer_per_share": 17.74,
            "book_valuer_per_share_4q_avg": 18.02,
            "equity": 390285,
            "current_ratio": 235.19,
            "debt_ratio": 27.96,
            "inventory_turnover_ratio": 1.87,
            "account_receivable_turnover_ratio": null,
            "reinvestment_rate": null,
            "research_to_sale_ratio": null,
            "price_fair": 0,
            "eps_avg_yearly": 0,
            "eps_latest_yearly": 0,
            "eps_growth_yearly": 0
        },
        "20013": {
            "year_quarter": 20013,
            "year": 2001,
            "quarter": 3,
            "eps": 0.66,
            "eps_growth_year": -52.17,
            "eps_4q": 2.43,
            "eps_4q_growth_year": null,
            "roe": 5.45,
            "roe_4q": 9.27,
            "gross_profit": 68709,
            "gross_margin": 43.57,
            "gross_margin_4q_avg": 43.62,
            "net_income": 21851,
            "revenue": 157698,
            "common_shares": 330000,
            "book_valuer_per_share": 12.49,
            "book_valuer_per_share_4q_avg": 16.18,
            "equity": 412136,
            "current_ratio": 309.36,
            "debt_ratio": 20.53,
            "inventory_turnover_ratio": 2.17,
            "account_receivable_turnover_ratio": null,
            "reinvestment_rate": null,
            "research_to_sale_ratio": null,
            "price_fair": 0,
            "eps_avg_yearly": 0,
            "eps_latest_yearly": 0,
            "eps_growth_yearly": 0
        },
        "20014": {
            "year_quarter": 20014,
            "year": 2001,
            "quarter": 4,
            "eps": 0.4,
            "eps_growth_year": -80.39,
            "eps_4q": 1.53,
            "eps_4q_growth_year": -77.37,
            "roe": 3.14,
            "roe_4q": 12.41,
            "gross_profit": 51218,
            "gross_margin": 44.39,
            "gross_margin_4q_avg": 43.81,
            "net_income": 13153,
            "revenue": 115373,
            "common_shares": 330000,
            "book_valuer_per_share": 12.89,
            "book_valuer_per_share_4q_avg": 15.36,
            "equity": 425289,
            "current_ratio": 344.41,
            "debt_ratio": 18.66,
            "inventory_turnover_ratio": 1.98,
            "account_receivable_turnover_ratio": null,
            "reinvestment_rate": null,
            "research_to_sale_ratio": null,
            "price_fair": 0,
            "eps_avg_yearly": 0,
            "eps_latest_yearly": 0,
            "eps_growth_yearly": 0
        },
        "20021": {
            "year_quarter": 20021,
            "year": 2002,
            "quarter": 1,
            "eps": 1.14,
            "eps_growth_year": 418.18,
            "eps_4q": 2.51,
            "eps_4q_growth_year": -55.51,
            "roe": 8.48,
            "roe_4q": 19.66,
            "gross_profit": 86037,
            "gross_margin": 48.76,
            "gross_margin_4q_avg": 43.82,
            "net_income": 37644,
            "revenue": 176448,
            "common_shares": 330000,
            "book_valuer_per_share": 14.03,
            "book_valuer_per_share_4q_avg": 14.29,
            "equity": 462932,
            "current_ratio": 305.97,
            "debt_ratio": 21.74,
            "inventory_turnover_ratio": 2.76,
            "account_receivable_turnover_ratio": null,
            "reinvestment_rate": null,
            "research_to_sale_ratio": null,
            "price_fair": 159.6,
            "eps_avg_yearly": 4.56,
            "eps_latest_yearly": 4.56,
            "eps_growth_yearly": 740
        },
        "20022": {
            "year_quarter": 20022,
            "year": 2002,
            "quarter": 2,
            "eps": 1.52,
            "eps_growth_year": 223.4,
            "eps_4q": 3.72,
            "eps_4q_growth_year": -7.87,
            "roe": 10.29,
            "roe_4q": 27.36,
            "gross_profit": 134055,
            "gross_margin": 49.31,
            "gross_margin_4q_avg": 46.51,
            "net_income": 50195,
            "revenue": 271857,
            "common_shares": 330000,
            "book_valuer_per_share": 15.54,
            "book_valuer_per_share_4q_avg": 13.74,
            "equity": 512836,
            "current_ratio": 185.44,
            "debt_ratio": 31.42,
            "inventory_turnover_ratio": 2.18,
            "account_receivable_turnover_ratio": null,
            "reinvestment_rate": null,
            "research_to_sale_ratio": null,
            "price_fair": 186.2,
            "eps_avg_yearly": 5.32,
            "eps_latest_yearly": 6.08,
            "eps_growth_yearly": 436.67
        },
        "20023": {
            "year_quarter": 20023,
            "year": 2002,
            "quarter": 3,
            "eps": 2.3,
            "eps_growth_year": 248.48,
            "eps_4q": 4.94,
            "eps_4q_growth_year": 103.2,
            "roe": 10.09,
            "roe_4q": 32,
            "gross_profit": 169572,
            "gross_margin": 49.79,
            "gross_margin_4q_avg": 48.06,
            "net_income": 87927,
            "revenue": 340599,
            "common_shares": 449406,
            "book_valuer_per_share": 27.38,
            "book_valuer_per_share_4q_avg": 17.46,
            "equity": 1230433,
            "current_ratio": 348.99,
            "debt_ratio": 16.6,
            "inventory_turnover_ratio": 1.88,
            "account_receivable_turnover_ratio": null,
            "reinvestment_rate": null,
            "research_to_sale_ratio": null,
            "price_fair": 231.47,
            "eps_avg_yearly": 6.61,
            "eps_latest_yearly": 9.2,
            "eps_growth_yearly": 359.53
        },
        "20024": {
            "year_quarter": 20024,
            "year": 2002,
            "quarter": 4,
            "eps": 2.24,
            "eps_growth_year": 460,
            "eps_4q": 6.65,
            "eps_4q_growth_year": 335.35,
            "roe": 7.01,
            "roe_4q": 35.870000000000005,
            "gross_profit": 164701,
            "gross_margin": 52.71,
            "gross_margin_4q_avg": 50.14,
            "net_income": 89342,
            "revenue": 312450,
            "common_shares": 449406,
            "book_valuer_per_share": 29.37,
            "book_valuer_per_share_4q_avg": 21.58,
            "equity": 1319775,
            "current_ratio": 372.43,
            "debt_ratio": 15.16,
            "inventory_turnover_ratio": 1.99,
            "account_receivable_turnover_ratio": null,
            "reinvestment_rate": null,
            "research_to_sale_ratio": null,
            "price_fair": 252,
            "eps_avg_yearly": 7.2,
            "eps_latest_yearly": 8.96,
            "eps_growth_yearly": 267.04
        },
        "20031": {
            "year_quarter": 20031,
            "year": 2003,
            "quarter": 1,
            "eps": 1.23,
            "eps_growth_year": 7.89,
            "eps_4q": 6.29,
            "eps_4q_growth_year": 150.51,
            "roe": 4.1,
            "roe_4q": 31.49,
            "gross_profit": 150336,
            "gross_margin": 52.34,
            "gross_margin_4q_avg": 51.04,
            "net_income": 55293,
            "revenue": 287252,
            "common_shares": 449406,
            "book_valuer_per_share": 30.6,
            "book_valuer_per_share_4q_avg": 25.72,
            "equity": 1375069,
            "current_ratio": 363.9,
            "debt_ratio": 15.86,
            "inventory_turnover_ratio": 2.07,
            "account_receivable_turnover_ratio": null,
            "reinvestment_rate": null,
            "research_to_sale_ratio": null,
            "price_fair": 236.04,
            "eps_avg_yearly": 6.74,
            "eps_latest_yearly": 4.92,
            "eps_growth_yearly": 177.56
        },
        "20032": {
            "year_quarter": 20032,
            "year": 2003,
            "quarter": 2,
            "eps": 2.55,
            "eps_growth_year": 67.76,
            "eps_4q": 7.73,
            "eps_4q_growth_year": 107.73,
            "roe": 8.24,
            "roe_4q": 29.44,
            "gross_profit": 156559,
            "gross_margin": 47.21,
            "gross_margin_4q_avg": 50.51,
            "net_income": 114539,
            "revenue": 331597,
            "common_shares": 449406,
            "book_valuer_per_share": 31.29,
            "book_valuer_per_share_4q_avg": 29.66,
            "equity": 1406134,
            "current_ratio": 312.07,
            "debt_ratio": 18.3,
            "inventory_turnover_ratio": 2.15,
            "account_receivable_turnover_ratio": null,
            "reinvestment_rate": null,
            "research_to_sale_ratio": null,
            "price_fair": 256.2,
            "eps_avg_yearly": 7.32,
            "eps_latest_yearly": 10.2,
            "eps_growth_yearly": 219.51
        },
        "20033": {
            "year_quarter": 20033,
            "year": 2003,
            "quarter": 3,
            "eps": 0.72,
            "eps_growth_year": -68.7,
            "eps_4q": 4.97,
            "eps_4q_growth_year": 0.66,
            "roe": 3.07,
            "roe_4q": 22.42,
            "gross_profit": 133542,
            "gross_margin": 39.2,
            "gross_margin_4q_avg": 47.87,
            "net_income": 43862,
            "revenue": 340635,
            "common_shares": 605895,
            "book_valuer_per_share": 23.93,
            "book_valuer_per_share_4q_avg": 28.8,
            "equity": 1449995,
            "current_ratio": 385.01,
            "debt_ratio": 14.98,
            "inventory_turnover_ratio": 2.54,
            "account_receivable_turnover_ratio": null,
            "reinvestment_rate": null,
            "research_to_sale_ratio": null,
            "price_fair": 234,
            "eps_avg_yearly": 6.69,
            "eps_latest_yearly": 2.88,
            "eps_growth_yearly": 147.14
        },
        "20034": {
            "year_quarter": 20034,
            "year": 2003,
            "quarter": 4,
            "eps": -0.41,
            "eps_growth_year": -118.3,
            "eps_4q": 3.11,
            "eps_4q_growth_year": -53.21,
            "roe": -1.73,
            "roe_4q": 13.68,
            "gross_profit": 140953,
            "gross_margin": 36.02,
            "gross_margin_4q_avg": 43.69,
            "net_income": -24962,
            "revenue": 391285,
            "common_shares": 605896,
            "book_valuer_per_share": 23.81,
            "book_valuer_per_share_4q_avg": 27.41,
            "equity": 1442829,
            "current_ratio": 428.72,
            "debt_ratio": 43.41,
            "inventory_turnover_ratio": 2.42,
            "account_receivable_turnover_ratio": null,
            "reinvestment_rate": 91.19,
            "research_to_sale_ratio": null,
            "price_fair": 234,
            "eps_avg_yearly": 6.69,
            "eps_latest_yearly": 2.88,
            "eps_growth_yearly": 147.14
        },
        "20041": {
            "year_quarter": 20041,
            "year": 2004,
            "quarter": 1,
            "eps": 0.55,
            "eps_growth_year": -55.28,
            "eps_4q": 2.72,
            "eps_4q_growth_year": -56.69,
            "roe": 2.31,
            "roe_4q": 11.89,
            "gross_profit": 137962,
            "gross_margin": 37.98,
            "gross_margin_4q_avg": 40.1,
            "net_income": 33760,
            "revenue": 363248,
            "common_shares": 611485,
            "book_valuer_per_share": 24.15,
            "book_valuer_per_share_4q_avg": 25.8,
            "equity": 1476805,
            "current_ratio": 530.07,
            "debt_ratio": 40.49,
            "inventory_turnover_ratio": 1.68,
            "account_receivable_turnover_ratio": null,
            "reinvestment_rate": 90.35,
            "research_to_sale_ratio": null,
            "price_fair": 234,
            "eps_avg_yearly": 6.69,
            "eps_latest_yearly": 2.88,
            "eps_growth_yearly": 147.14
        },
        "20042": {
            "year_quarter": 20042,
            "year": 2004,
            "quarter": 2,
            "eps": -0.04,
            "eps_growth_year": -101.57,
            "eps_4q": 0.82,
            "eps_4q_growth_year": -89.4,
            "roe": -0.18,
            "roe_4q": 3.4699999999999998,
            "gross_profit": 128637,
            "gross_margin": 38.55,
            "gross_margin_4q_avg": 37.94,
            "net_income": -2575,
            "revenue": 333704,
            "common_shares": 611545,
            "book_valuer_per_share": 23.13,
            "book_valuer_per_share_4q_avg": 23.76,
            "equity": 1414415,
            "current_ratio": 473.76,
            "debt_ratio": 42.84,
            "inventory_turnover_ratio": 1.42,
            "account_receivable_turnover_ratio": null,
            "reinvestment_rate": 96.73,
            "research_to_sale_ratio": null,
            "price_fair": 234,
            "eps_avg_yearly": 6.69,
            "eps_latest_yearly": 2.88,
            "eps_growth_yearly": 147.14
        },
        "20043": {
            "year_quarter": 20043,
            "year": 2004,
            "quarter": 3,
            "eps": 0.22,
            "eps_growth_year": -69.44,
            "eps_4q": 0.31,
            "eps_4q_growth_year": -93.82,
            "roe": 1.12,
            "roe_4q": 1.52,
            "gross_profit": 142006,
            "gross_margin": 36.15,
            "gross_margin_4q_avg": 37.18,
            "net_income": 15654,
            "revenue": 392789,
            "common_shares": 733475,
            "book_valuer_per_share": 18.77,
            "book_valuer_per_share_4q_avg": 22.47,
            "equity": 1377033,
            "current_ratio": 486.58,
            "debt_ratio": 43.34,
            "inventory_turnover_ratio": 1.61,
            "account_receivable_turnover_ratio": null,
            "reinvestment_rate": 97.24,
            "research_to_sale_ratio": null,
            "price_fair": 234,
            "eps_avg_yearly": 6.69,
            "eps_latest_yearly": 2.88,
            "eps_growth_yearly": 147.14
        },
        "20044": {
            "year_quarter": 20044,
            "year": 2004,
            "quarter": 4,
            "eps": -0.31,
            "eps_growth_year": null,
            "eps_4q": 0.35,
            "eps_4q_growth_year": -88.75,
            "roe": -1.63,
            "roe_4q": 1.6200000000000003,
            "gross_profit": 84805,
            "gross_margin": 27.92,
            "gross_margin_4q_avg": 35.15,
            "net_income": -21868,
            "revenue": 303711,
            "common_shares": 703476,
            "book_valuer_per_share": 18.64,
            "book_valuer_per_share_4q_avg": 21.17,
            "equity": 1311310,
            "current_ratio": 293.45,
            "debt_ratio": 19.7,
            "inventory_turnover_ratio": 1.43,
            "account_receivable_turnover_ratio": null,
            "reinvestment_rate": 100.21,
            "research_to_sale_ratio": null,
            "price_fair": 234,
            "eps_avg_yearly": 6.69,
            "eps_latest_yearly": 2.88,
            "eps_growth_yearly": 147.14
        },
        "20051": {
            "year_quarter": 20051,
            "year": 2005,
            "quarter": 1,
            "eps": -0.24,
            "eps_growth_year": -143.64,
            "eps_4q": -0.37,
            "eps_4q_growth_year": -113.69,
            "roe": -1.25,
            "roe_4q": -1.9399999999999997,
            "gross_profit": 102212,
            "gross_margin": 35.59,
            "gross_margin_4q_avg": 34.55,
            "net_income": -15870,
            "revenue": 287154,
            "common_shares": 703476,
            "book_valuer_per_share": 17.6,
            "book_valuer_per_share_4q_avg": 19.54,
            "equity": 1237791,
            "current_ratio": 325.18,
            "debt_ratio": 16.97,
            "inventory_turnover_ratio": 1.52,
            "account_receivable_turnover_ratio": null,
            "reinvestment_rate": 92.04,
            "research_to_sale_ratio": null,
            "price_fair": 234,
            "eps_avg_yearly": 6.69,
            "eps_latest_yearly": 2.88,
            "eps_growth_yearly": 147.14
        },
        "20052": {
            "year_quarter": 20052,
            "year": 2005,
            "quarter": 2,
            "eps": 0.28,
            "eps_growth_year": null,
            "eps_4q": -0.06,
            "eps_4q_growth_year": -106.85,
            "roe": 1.48,
            "roe_4q": -0.2799999999999998,
            "gross_profit": 128830,
            "gross_margin": 34.51,
            "gross_margin_4q_avg": 33.54,
            "net_income": 18399,
            "revenue": 373304,
            "common_shares": 703476,
            "book_valuer_per_share": 17.72,
            "book_valuer_per_share_4q_avg": 18.18,
            "equity": 1246908,
            "current_ratio": 241.94,
            "debt_ratio": 23.5,
            "inventory_turnover_ratio": 2.13,
            "account_receivable_turnover_ratio": null,
            "reinvestment_rate": 87.25,
            "research_to_sale_ratio": null,
            "price_fair": 234,
            "eps_avg_yearly": 6.69,
            "eps_latest_yearly": 2.88,
            "eps_growth_yearly": 147.14
        },
        "20053": {
            "year_quarter": 20053,
            "year": 2005,
            "quarter": 3,
            "eps": 0.59,
            "eps_growth_year": 168.18,
            "eps_4q": 0.3,
            "eps_4q_growth_year": -3.4,
            "roe": 3.09,
            "roe_4q": 1.6900000000000004,
            "gross_profit": 137590,
            "gross_margin": 36.48,
            "gross_margin_4q_avg": 33.63,
            "net_income": 38942,
            "revenue": 377153,
            "common_shares": 712643,
            "book_valuer_per_share": 17.87,
            "book_valuer_per_share_4q_avg": 17.96,
            "equity": 1273549,
            "current_ratio": 257.51,
            "debt_ratio": 23.35,
            "inventory_turnover_ratio": 1.67,
            "account_receivable_turnover_ratio": null,
            "reinvestment_rate": 81.72,
            "research_to_sale_ratio": null,
            "price_fair": 215.08,
            "eps_avg_yearly": 6.15,
            "eps_latest_yearly": 2.36,
            "eps_growth_yearly": 184.11
        },
        "20054": {
            "year_quarter": 20054,
            "year": 2005,
            "quarter": 4,
            "eps": 0.68,
            "eps_growth_year": null,
            "eps_4q": 1.31,
            "eps_4q_growth_year": 274.77,
            "roe": 3.43,
            "roe_4q": 6.75,
            "gross_profit": 164647,
            "gross_margin": 37.39,
            "gross_margin_4q_avg": 35.99,
            "net_income": 44643,
            "revenue": 440321,
            "common_shares": 712643,
            "book_valuer_per_share": 18.68,
            "book_valuer_per_share_4q_avg": 17.97,
            "equity": 1331489,
            "current_ratio": 313.11,
            "debt_ratio": 21.01,
            "inventory_turnover_ratio": 1.84,
            "account_receivable_turnover_ratio": null,
            "reinvestment_rate": 74.16,
            "research_to_sale_ratio": null,
            "price_fair": 201.76,
            "eps_avg_yearly": 5.76,
            "eps_latest_yearly": 2.72,
            "eps_growth_yearly": 170.43
        },
        "20061": {
            "year_quarter": 20061,
            "year": 2006,
            "quarter": 1,
            "eps": 0.18,
            "eps_growth_year": null,
            "eps_4q": 1.76,
            "eps_4q_growth_year": null,
            "roe": 0.87,
            "roe_4q": 8.87,
            "gross_profit": 131387,
            "gross_margin": 38.52,
            "gross_margin_4q_avg": 36.73,
            "net_income": 11643,
            "revenue": 341049,
            "common_shares": 712953,
            "book_valuer_per_share": 18.93,
            "book_valuer_per_share_4q_avg": 18.3,
            "equity": 1349702,
            "current_ratio": 355.68,
            "debt_ratio": 17.9,
            "inventory_turnover_ratio": 1.61,
            "account_receivable_turnover_ratio": null,
            "reinvestment_rate": 77.55,
            "research_to_sale_ratio": null,
            "price_fair": 186.82,
            "eps_avg_yearly": 5.34,
            "eps_latest_yearly": 0.72,
            "eps_growth_yearly": 55.53
        },
        "20062": {
            "year_quarter": 20062,
            "year": 2006,
            "quarter": 2,
            "eps": 0.34,
            "eps_growth_year": 21.43,
            "eps_4q": 1.76,
            "eps_4q_growth_year": null,
            "roe": 1.67,
            "roe_4q": 9.06,
            "gross_profit": 120573,
            "gross_margin": 36.23,
            "gross_margin_4q_avg": 37.16,
            "net_income": 22759,
            "revenue": 332842,
            "common_shares": 715403,
            "book_valuer_per_share": 19.2,
            "book_valuer_per_share_4q_avg": 18.67,
            "equity": 1373223,
            "current_ratio": 297.94,
            "debt_ratio": 21.85,
            "inventory_turnover_ratio": 1.56,
            "account_receivable_turnover_ratio": null,
            "reinvestment_rate": 78.9,
            "research_to_sale_ratio": null,
            "price_fair": 168.47,
            "eps_avg_yearly": 4.81,
            "eps_latest_yearly": 1.36,
            "eps_growth_yearly": 80.22
        },
        "20063": {
            "year_quarter": 20063,
            "year": 2006,
            "quarter": 3,
            "eps": 0.17,
            "eps_growth_year": -71.19,
            "eps_4q": 1.27,
            "eps_4q_growth_year": 328.22,
            "roe": 0.88,
            "roe_4q": 6.85,
            "gross_profit": 116820,
            "gross_margin": 32.12,
            "gross_margin_4q_avg": 36.07,
            "net_income": 12196,
            "revenue": 363671,
            "common_shares": 756327,
            "book_valuer_per_share": 18.49,
            "book_valuer_per_share_4q_avg": 18.83,
            "equity": 1398230,
            "current_ratio": 271.62,
            "debt_ratio": 24.03,
            "inventory_turnover_ratio": 1.44,
            "account_receivable_turnover_ratio": null,
            "reinvestment_rate": 13.46,
            "research_to_sale_ratio": null,
            "price_fair": 135.33,
            "eps_avg_yearly": 3.87,
            "eps_latest_yearly": 0.68,
            "eps_growth_yearly": 35.19
        },
        "20064": {
            "year_quarter": 20064,
            "year": 2006,
            "quarter": 4,
            "eps": 0.65,
            "eps_growth_year": -4.41,
            "eps_4q": 1.3,
            "eps_4q_growth_year": -0.82,
            "roe": 3.26,
            "roe_4q": 6.68,
            "gross_profit": 152331,
            "gross_margin": 33.37,
            "gross_margin_4q_avg": 35.06,
            "net_income": 46531,
            "revenue": 456427,
            "common_shares": 759137,
            "book_valuer_per_share": 19.19,
            "book_valuer_per_share_4q_avg": 18.95,
            "equity": 1456842,
            "current_ratio": 376.8,
            "debt_ratio": 18.97,
            "inventory_turnover_ratio": 1.86,
            "account_receivable_turnover_ratio": null,
            "reinvestment_rate": 3.24,
            "research_to_sale_ratio": null,
            "price_fair": 110.6,
            "eps_avg_yearly": 3.16,
            "eps_latest_yearly": 2.6,
            "eps_growth_yearly": 161.84
        },
        "20071": {
            "year_quarter": 20071,
            "year": 2007,
            "quarter": 1,
            "eps": 0.78,
            "eps_growth_year": 333.33,
            "eps_4q": 1.89,
            "eps_4q_growth_year": 7.41,
            "roe": 3.85,
            "roe_4q": 9.66,
            "gross_profit": 163706,
            "gross_margin": 35.63,
            "gross_margin_4q_avg": 34.34,
            "net_income": 57421,
            "revenue": 459444,
            "common_shares": 761367,
            "book_valuer_per_share": 20.09,
            "book_valuer_per_share_4q_avg": 19.24,
            "equity": 1529612,
            "current_ratio": 326.82,
            "debt_ratio": 20.61,
            "inventory_turnover_ratio": 1.86,
            "account_receivable_turnover_ratio": null,
            "reinvestment_rate": -4.36,
            "research_to_sale_ratio": null,
            "price_fair": 103.6,
            "eps_avg_yearly": 2.96,
            "eps_latest_yearly": 3.12,
            "eps_growth_yearly": 190.77
        },
        "20072": {
            "year_quarter": 20072,
            "year": 2007,
            "quarter": 2,
            "eps": 0.41,
            "eps_growth_year": 20.59,
            "eps_4q": 1.93,
            "eps_4q_growth_year": 9.26,
            "roe": 2.06,
            "roe_4q": 10.05,
            "gross_profit": 144011,
            "gross_margin": 34.36,
            "gross_margin_4q_avg": 33.87,
            "net_income": 31417,
            "revenue": 419165,
            "common_shares": 764757,
            "book_valuer_per_share": 19.92,
            "book_valuer_per_share_4q_avg": 19.42,
            "equity": 1523118,
            "current_ratio": 290.78,
            "debt_ratio": 22.65,
            "inventory_turnover_ratio": 1.45,
            "account_receivable_turnover_ratio": null,
            "reinvestment_rate": -9.25,
            "research_to_sale_ratio": null,
            "price_fair": 70.31,
            "eps_avg_yearly": 2.01,
            "eps_latest_yearly": 1.64,
            "eps_growth_yearly": 121.99
        },
        "20073": {
            "year_quarter": 20073,
            "year": 2007,
            "quarter": 3,
            "eps": 0.56,
            "eps_growth_year": 229.41,
            "eps_4q": 2.32,
            "eps_4q_growth_year": 82.41,
            "roe": 2.85,
            "roe_4q": 12.02,
            "gross_profit": 163097,
            "gross_margin": 34.64,
            "gross_margin_4q_avg": 34.5,
            "net_income": 43075,
            "revenue": 470774,
            "common_shares": 797539,
            "book_valuer_per_share": 18.78,
            "book_valuer_per_share_4q_avg": 19.5,
            "equity": 1497626,
            "current_ratio": 309.35,
            "debt_ratio": 20.97,
            "inventory_turnover_ratio": 1.62,
            "account_receivable_turnover_ratio": null,
            "reinvestment_rate": -11.91,
            "research_to_sale_ratio": null,
            "price_fair": 67.82,
            "eps_avg_yearly": 1.94,
            "eps_latest_yearly": 2.24,
            "eps_growth_yearly": 170.15
        },
        "20074": {
            "year_quarter": 20074,
            "year": 2007,
            "quarter": 4,
            "eps": 0.51,
            "eps_growth_year": -21.54,
            "eps_4q": 2.22,
            "eps_4q_growth_year": 70.82,
            "roe": 2.55,
            "roe_4q": 11.31,
            "gross_profit": 176102,
            "gross_margin": 35.68,
            "gross_margin_4q_avg": 35.08,
            "net_income": 39292,
            "revenue": 493564,
            "common_shares": 797689,
            "book_valuer_per_share": 19.68,
            "book_valuer_per_share_4q_avg": 19.62,
            "equity": 1589038,
            "current_ratio": 317.91,
            "debt_ratio": 20.94,
            "inventory_turnover_ratio": 1.74,
            "account_receivable_turnover_ratio": null,
            "reinvestment_rate": -10.37,
            "research_to_sale_ratio": null,
            "price_fair": 68.18,
            "eps_avg_yearly": 1.95,
            "eps_latest_yearly": 2.04,
            "eps_growth_yearly": 149.56
        },
        "20081": {
            "year_quarter": 20081,
            "year": 2008,
            "quarter": 1,
            "eps": -0.68,
            "eps_growth_year": -187.18,
            "eps_4q": 0.71,
            "eps_4q_growth_year": -62.19,
            "roe": -3.68,
            "roe_4q": 3.78,
            "gross_profit": 113024,
            "gross_margin": 35.59,
            "gross_margin_4q_avg": 35.07,
            "net_income": -57323,
            "revenue": 317537,
            "common_shares": 797689,
            "book_valuer_per_share": 18.98,
            "book_valuer_per_share_4q_avg": 19.34,
            "equity": 1528772,
            "current_ratio": 446.84,
            "debt_ratio": 14.55,
            "inventory_turnover_ratio": 1.25,
            "account_receivable_turnover_ratio": null,
            "reinvestment_rate": -17.18,
            "research_to_sale_ratio": null,
            "price_fair": 68.18,
            "eps_avg_yearly": 1.95,
            "eps_latest_yearly": 2.04,
            "eps_growth_yearly": 149.56
        },
        "20082": {
            "year_quarter": 20082,
            "year": 2008,
            "quarter": 2,
            "eps": 0.14,
            "eps_growth_year": -65.85,
            "eps_4q": 0.58,
            "eps_4q_growth_year": -70.11,
            "roe": 0.67,
            "roe_4q": 2.3899999999999997,
            "gross_profit": 138555,
            "gross_margin": 34.46,
            "gross_margin_4q_avg": 35.09,
            "net_income": 9915,
            "revenue": 402038,
            "common_shares": 797689,
            "book_valuer_per_share": 17.78,
            "book_valuer_per_share_4q_avg": 18.81,
            "equity": 1431964,
            "current_ratio": 233.59,
            "debt_ratio": 26.58,
            "inventory_turnover_ratio": 1.6,
            "account_receivable_turnover_ratio": null,
            "reinvestment_rate": -15.95,
            "research_to_sale_ratio": null,
            "price_fair": 68.18,
            "eps_avg_yearly": 1.95,
            "eps_latest_yearly": 2.04,
            "eps_growth_yearly": 149.56
        },
        "20083": {
            "year_quarter": 20083,
            "year": 2008,
            "quarter": 3,
            "eps": 0.28,
            "eps_growth_year": -50,
            "eps_4q": 0.25,
            "eps_4q_growth_year": -89.37,
            "roe": 1.63,
            "roe_4q": 1.1699999999999995,
            "gross_profit": 158012,
            "gross_margin": 31.89,
            "gross_margin_4q_avg": 34.41,
            "net_income": 23579,
            "revenue": 495480,
            "common_shares": 843952,
            "book_valuer_per_share": 17.11,
            "book_valuer_per_share_4q_avg": 18.39,
            "equity": 1458643,
            "current_ratio": 244.21,
            "debt_ratio": 25.75,
            "inventory_turnover_ratio": 1.54,
            "account_receivable_turnover_ratio": null,
            "reinvestment_rate": -15.22,
            "research_to_sale_ratio": null,
            "price_fair": 65.55,
            "eps_avg_yearly": 1.87,
            "eps_latest_yearly": 1.12,
            "eps_growth_yearly": 172.33
        },
        "20084": {
            "year_quarter": 20084,
            "year": 2008,
            "quarter": 4,
            "eps": 0.07,
            "eps_growth_year": -86.27,
            "eps_4q": -0.12,
            "eps_4q_growth_year": -105.47,
            "roe": 0.5,
            "roe_4q": -0.8800000000000003,
            "gross_profit": 144155,
            "gross_margin": 38.94,
            "gross_margin_4q_avg": 35.22,
            "net_income": 7300,
            "revenue": 370239,
            "common_shares": 844182,
            "book_valuer_per_share": 17.19,
            "book_valuer_per_share_4q_avg": 17.77,
            "equity": 1467661,
            "current_ratio": 447.87,
            "debt_ratio": 14.15,
            "inventory_turnover_ratio": 1.05,
            "account_receivable_turnover_ratio": 3.68,
            "reinvestment_rate": -14.32,
            "research_to_sale_ratio": null,
            "price_fair": 60.9,
            "eps_avg_yearly": 1.74,
            "eps_latest_yearly": 0.28,
            "eps_growth_yearly": 132.97
        },
        "20091": {
            "year_quarter": 20091,
            "year": 2009,
            "quarter": 1,
            "eps": -0.23,
            "eps_growth_year": null,
            "eps_4q": 0.26,
            "eps_4q_growth_year": -63.27,
            "roe": -1.34,
            "roe_4q": 1.46,
            "gross_profit": 78394,
            "gross_margin": 37.55,
            "gross_margin_4q_avg": 35.71,
            "net_income": -19509,
            "revenue": 208776,
            "common_shares": 844182,
            "book_valuer_per_share": 16.98,
            "book_valuer_per_share_4q_avg": 17.27,
            "equity": 1451167,
            "current_ratio": 513.37,
            "debt_ratio": 12.57,
            "inventory_turnover_ratio": 0.76,
            "account_receivable_turnover_ratio": 1.39,
            "reinvestment_rate": -14.96,
            "research_to_sale_ratio": null,
            "price_fair": 60.9,
            "eps_avg_yearly": 1.74,
            "eps_latest_yearly": 0.28,
            "eps_growth_yearly": 132.97
        },
        "20092": {
            "year_quarter": 20092,
            "year": 2009,
            "quarter": 2,
            "eps": -0.08,
            "eps_growth_year": -157.14,
            "eps_4q": 0.04,
            "eps_4q_growth_year": -92.72,
            "roe": -0.53,
            "roe_4q": 0.2599999999999998,
            "gross_profit": 122550,
            "gross_margin": 37.62,
            "gross_margin_4q_avg": 36.5,
            "net_income": -7707,
            "revenue": 325772,
            "common_shares": 844182,
            "book_valuer_per_share": 16.85,
            "book_valuer_per_share_4q_avg": 17.03,
            "equity": 1439160,
            "current_ratio": 376.77,
            "debt_ratio": 17.03,
            "inventory_turnover_ratio": 1.18,
            "account_receivable_turnover_ratio": 2.56,
            "reinvestment_rate": -16.07,
            "research_to_sale_ratio": null,
            "price_fair": 60.9,
            "eps_avg_yearly": 1.74,
            "eps_latest_yearly": 0.28,
            "eps_growth_yearly": 132.97
        },
        "20093": {
            "year_quarter": 20093,
            "year": 2009,
            "quarter": 3,
            "eps": 0.05,
            "eps_growth_year": -82.14,
            "eps_4q": -0.21,
            "eps_4q_growth_year": -184.53,
            "roe": 0.25,
            "roe_4q": -1.12,
            "gross_profit": 124384,
            "gross_margin": 36.89,
            "gross_margin_4q_avg": 37.75,
            "net_income": 3677,
            "revenue": 337186,
            "common_shares": 844182,
            "book_valuer_per_share": 17.02,
            "book_valuer_per_share_4q_avg": 17.01,
            "equity": 1452643,
            "current_ratio": 390.64,
            "debt_ratio": 16.35,
            "inventory_turnover_ratio": 1.25,
            "account_receivable_turnover_ratio": 2.17,
            "reinvestment_rate": -18.27,
            "research_to_sale_ratio": null,
            "price_fair": 58.93,
            "eps_avg_yearly": 1.68,
            "eps_latest_yearly": 0.28,
            "eps_growth_yearly": 104.8
        },
        "20094": {
            "year_quarter": 20094,
            "year": 2009,
            "quarter": 4,
            "eps": -0.54,
            "eps_growth_year": -871.43,
            "eps_4q": -0.79,
            "eps_4q_growth_year": null,
            "roe": -3.25,
            "roe_4q": -4.87,
            "gross_profit": 122550,
            "gross_margin": 36,
            "gross_margin_4q_avg": 37.02,
            "net_income": -46420,
            "revenue": 340395,
            "common_shares": 846322,
            "book_valuer_per_share": 16.68,
            "book_valuer_per_share_4q_avg": 16.88,
            "equity": 1399745,
            "current_ratio": 357.91,
            "debt_ratio": 17.89,
            "inventory_turnover_ratio": 1.58,
            "account_receivable_turnover_ratio": 4.83,
            "reinvestment_rate": 80.71,
            "research_to_sale_ratio": null,
            "price_fair": 55.3,
            "eps_avg_yearly": 1.58,
            "eps_latest_yearly": 0.28,
            "eps_growth_yearly": 109.17
        },
        "20101": {
            "year_quarter": 20101,
            "year": 2010,
            "quarter": 1,
            "eps": -0.16,
            "eps_growth_year": null,
            "eps_4q": -0.72,
            "eps_4q_growth_year": -374.43,
            "roe": -1.05,
            "roe_4q": -4.58,
            "gross_profit": 119208,
            "gross_margin": 41.58,
            "gross_margin_4q_avg": 38.02,
            "net_income": -14580,
            "revenue": 286702,
            "common_shares": 847552,
            "book_valuer_per_share": 16.54,
            "book_valuer_per_share_4q_avg": 16.77,
            "equity": 1389519,
            "current_ratio": 374.82,
            "debt_ratio": 16.9,
            "inventory_turnover_ratio": 1.4,
            "account_receivable_turnover_ratio": 2.02,
            "reinvestment_rate": 83.24,
            "research_to_sale_ratio": 30.5,
            "price_fair": 58.64,
            "eps_avg_yearly": 1.68,
            "eps_latest_yearly": 0.28,
            "eps_growth_yearly": 153.98
        },
        "20102": {
            "year_quarter": 20102,
            "year": 2010,
            "quarter": 2,
            "eps": 0.3,
            "eps_growth_year": null,
            "eps_4q": -0.35,
            "eps_4q_growth_year": -928.94,
            "roe": 1.68,
            "roe_4q": -2.37,
            "gross_profit": 152611,
            "gross_margin": 41.7,
            "gross_margin_4q_avg": 39.04,
            "net_income": 23525,
            "revenue": 365983,
            "common_shares": 849552,
            "book_valuer_per_share": 16.84,
            "book_valuer_per_share_4q_avg": 16.77,
            "equity": 1414101,
            "current_ratio": 327.98,
            "debt_ratio": 19.55,
            "inventory_turnover_ratio": 1.69,
            "account_receivable_turnover_ratio": 2.43,
            "reinvestment_rate": 73.89,
            "research_to_sale_ratio": 22.51,
            "price_fair": 60.03,
            "eps_avg_yearly": 1.72,
            "eps_latest_yearly": 0.28,
            "eps_growth_yearly": 128.79
        },
        "20103": {
            "year_quarter": 20103,
            "year": 2010,
            "quarter": 3,
            "eps": 0.25,
            "eps_growth_year": 394.44,
            "eps_4q": -0.13,
            "eps_4q_growth_year": null,
            "roe": 1.43,
            "roe_4q": -1.1900000000000004,
            "gross_profit": 168674,
            "gross_margin": 42.6,
            "gross_margin_4q_avg": 40.47,
            "net_income": 21078,
            "revenue": 395963,
            "common_shares": 846832,
            "book_valuer_per_share": 17.83,
            "book_valuer_per_share_4q_avg": 16.97,
            "equity": 1531550,
            "current_ratio": 320.86,
            "debt_ratio": 21.19,
            "inventory_turnover_ratio": 1.43,
            "account_receivable_turnover_ratio": 2.29,
            "reinvestment_rate": 67.42,
            "research_to_sale_ratio": 23.2,
            "price_fair": 61.43,
            "eps_avg_yearly": 1.76,
            "eps_latest_yearly": 1,
            "eps_growth_yearly": 145.45
        },
        "20104": {
            "year_quarter": 20104,
            "year": 2010,
            "quarter": 4,
            "eps": -0.18,
            "eps_growth_year": null,
            "eps_4q": 0.2,
            "eps_4q_growth_year": null,
            "roe": -1.09,
            "roe_4q": 0.9699999999999995,
            "gross_profit": 142299,
            "gross_margin": 34.92,
            "gross_margin_4q_avg": 40.2,
            "net_income": -16666,
            "revenue": 407463,
            "common_shares": 857412,
            "book_valuer_per_share": 17.7,
            "book_valuer_per_share_4q_avg": 17.23,
            "equity": 1527569,
            "current_ratio": 327.88,
            "debt_ratio": 21.08,
            "inventory_turnover_ratio": 1.38,
            "account_receivable_turnover_ratio": 2.11,
            "reinvestment_rate": 79.24,
            "research_to_sale_ratio": 19.72,
            "price_fair": 24.33,
            "eps_avg_yearly": 1.63,
            "eps_latest_yearly": 1,
            "eps_growth_yearly": 4.89
        },
        "20111": {
            "year_quarter": 20111,
            "year": 2011,
            "quarter": 1,
            "eps": -0.44,
            "eps_growth_year": null,
            "eps_4q": -0.09,
            "eps_4q_growth_year": null,
            "roe": -2.6,
            "roe_4q": -0.5800000000000007,
            "gross_profit": 89444,
            "gross_margin": 35.28,
            "gross_margin_4q_avg": 38.63,
            "net_income": -39237,
            "revenue": 253555,
            "common_shares": 862172,
            "book_valuer_per_share": 17.28,
            "book_valuer_per_share_4q_avg": 17.41,
            "equity": 1495921,
            "current_ratio": 419.58,
            "debt_ratio": 16.44,
            "inventory_turnover_ratio": 0.82,
            "account_receivable_turnover_ratio": 1.53,
            "reinvestment_rate": 844.52,
            "research_to_sale_ratio": 32.51,
            "price_fair": 4.16,
            "eps_avg_yearly": 1.39,
            "eps_latest_yearly": 1,
            "eps_growth_yearly": -7.63
        },
        "20112": {
            "year_quarter": 20112,
            "year": 2011,
            "quarter": 2,
            "eps": -0.41,
            "eps_growth_year": -239.94,
            "eps_4q": -0.79,
            "eps_4q_growth_year": null,
            "roe": -2.41,
            "roe_4q": -4.67,
            "gross_profit": 112970,
            "gross_margin": 35.74,
            "gross_margin_4q_avg": 37.14,
            "net_income": -35566,
            "revenue": 316048,
            "common_shares": 865242,
            "book_valuer_per_share": 16.86,
            "book_valuer_per_share_4q_avg": 17.42,
            "equity": 1459913,
            "current_ratio": 371.45,
            "debt_ratio": 18.62,
            "inventory_turnover_ratio": 1.01,
            "account_receivable_turnover_ratio": 2.19,
            "reinvestment_rate": null,
            "research_to_sale_ratio": 26.25,
            "price_fair": 46.76,
            "eps_avg_yearly": 1.34,
            "eps_latest_yearly": 1,
            "eps_growth_yearly": 28.79
        },
        "20113": {
            "year_quarter": 20113,
            "year": 2011,
            "quarter": 3,
            "eps": -0.2,
            "eps_growth_year": -182.1,
            "eps_4q": -1.24,
            "eps_4q_growth_year": null,
            "roe": -1.19,
            "roe_4q": -7.29,
            "gross_profit": 116626,
            "gross_margin": 36.32,
            "gross_margin_4q_avg": 35.57,
            "net_income": -17282,
            "revenue": 321147,
            "common_shares": 865242,
            "book_valuer_per_share": 16.68,
            "book_valuer_per_share_4q_avg": 17.13,
            "equity": 1444430,
            "current_ratio": 358.93,
            "debt_ratio": 19.15,
            "inventory_turnover_ratio": 1.09,
            "account_receivable_turnover_ratio": 1.93,
            "reinvestment_rate": null,
            "research_to_sale_ratio": 26.54,
            "price_fair": 3.33,
            "eps_avg_yearly": 1.11,
            "eps_latest_yearly": 1,
            "eps_growth_yearly": -0.6
        },
        "20114": {
            "year_quarter": 20114,
            "year": 2011,
            "quarter": 4,
            "eps": -0.9,
            "eps_growth_year": null,
            "eps_4q": -1.97,
            "eps_4q_growth_year": -1078.69,
            "roe": -5.56,
            "roe_4q": -11.76,
            "gross_profit": 129923,
            "gross_margin": 37.8,
            "gross_margin_4q_avg": 36.29,
            "net_income": -78077,
            "revenue": 343720,
            "common_shares": 865242,
            "book_valuer_per_share": 15.77,
            "book_valuer_per_share_4q_avg": 16.65,
            "equity": 1366163,
            "current_ratio": 348.53,
            "debt_ratio": 20.23,
            "inventory_turnover_ratio": 1.34,
            "account_receivable_turnover_ratio": 2,
            "reinvestment_rate": null,
            "research_to_sale_ratio": 28.65,
            "price_fair": 16.89,
            "eps_avg_yearly": 0.8,
            "eps_latest_yearly": 1,
            "eps_growth_yearly": 11.11
        },
        "20121": {
            "year_quarter": 20121,
            "year": 2012,
            "quarter": 1,
            "eps": -0.45,
            "eps_growth_year": null,
            "eps_4q": -1.97,
            "eps_4q_growth_year": null,
            "roe": -2.92,
            "roe_4q": -12.08,
            "gross_profit": 109378,
            "gross_margin": 40.72,
            "gross_margin_4q_avg": 37.65,
            "net_income": -39328,
            "revenue": 268599,
            "common_shares": 865242,
            "book_valuer_per_share": 15.29,
            "book_valuer_per_share_4q_avg": 16.15,
            "equity": 1324019,
            "current_ratio": 338.67,
            "debt_ratio": 20.62,
            "inventory_turnover_ratio": 1.09,
            "account_receivable_turnover_ratio": 1.65,
            "reinvestment_rate": null,
            "research_to_sale_ratio": 34.78,
            "price_fair": 16.89,
            "eps_avg_yearly": 0.8,
            "eps_latest_yearly": 1,
            "eps_growth_yearly": 11.11
        },
        "20122": {
            "year_quarter": 20122,
            "year": 2012,
            "quarter": 2,
            "eps": -0.03,
            "eps_growth_year": null,
            "eps_4q": -1.59,
            "eps_4q_growth_year": null,
            "roe": -0.2,
            "roe_4q": -9.87,
            "gross_profit": 150759,
            "gross_margin": 39.97,
            "gross_margin_4q_avg": 38.7,
            "net_income": -2684,
            "revenue": 377220,
            "common_shares": 865242,
            "book_valuer_per_share": 15.28,
            "book_valuer_per_share_4q_avg": 15.76,
            "equity": 1323327,
            "current_ratio": 303.22,
            "debt_ratio": 23.26,
            "inventory_turnover_ratio": 1.45,
            "account_receivable_turnover_ratio": 2.25,
            "reinvestment_rate": null,
            "research_to_sale_ratio": 23.64,
            "price_fair": 16.89,
            "eps_avg_yearly": 0.8,
            "eps_latest_yearly": 1,
            "eps_growth_yearly": 11.11
        },
        "20123": {
            "year_quarter": 20123,
            "year": 2012,
            "quarter": 3,
            "eps": 0.15,
            "eps_growth_year": null,
            "eps_4q": -1.24,
            "eps_4q_growth_year": null,
            "roe": 1.02,
            "roe_4q": -7.659999999999999,
            "gross_profit": 169925,
            "gross_margin": 43.71,
            "gross_margin_4q_avg": 40.55,
            "net_income": 13638,
            "revenue": 388757,
            "common_shares": 865242,
            "book_valuer_per_share": 15.44,
            "book_valuer_per_share_4q_avg": 15.45,
            "equity": 1337879,
            "current_ratio": 281.4,
            "debt_ratio": 25.31,
            "inventory_turnover_ratio": 1.2,
            "account_receivable_turnover_ratio": 2.03,
            "reinvestment_rate": null,
            "research_to_sale_ratio": 27.71,
            "price_fair": 1.92,
            "eps_avg_yearly": 0.64,
            "eps_latest_yearly": 1,
            "eps_growth_yearly": -183.33
        },
        "20124": {
            "year_quarter": 20124,
            "year": 2012,
            "quarter": 4,
            "eps": -0.61,
            "eps_growth_year": null,
            "eps_4q": -0.94,
            "eps_4q_growth_year": null,
            "roe": -4,
            "roe_4q": -6.1,
            "gross_profit": 131947,
            "gross_margin": 41.65,
            "gross_margin_4q_avg": 41.51,
            "net_income": -52516,
            "revenue": 316833,
            "common_shares": 865242,
            "book_valuer_per_share": 14.85,
            "book_valuer_per_share_4q_avg": 15.22,
            "equity": 1286792,
            "current_ratio": 336.76,
            "debt_ratio": 21.36,
            "inventory_turnover_ratio": 1.02,
            "account_receivable_turnover_ratio": 1.79,
            "reinvestment_rate": null,
            "research_to_sale_ratio": 35.23,
            "price_fair": 3,
            "eps_avg_yearly": 1,
            "eps_latest_yearly": 1,
            "eps_growth_yearly": -66.67
        },
        "20131": {
            "year_quarter": 20131,
            "year": 2013,
            "quarter": 1,
            "eps": -0.44,
            "eps_growth_year": null,
            "eps_4q": -0.93,
            "eps_4q_growth_year": null,
            "roe": -3.13,
            "roe_4q": -6.31,
            "gross_profit": 112087,
            "gross_margin": 42.8,
            "gross_margin_4q_avg": 42.03,
            "net_income": -39640,
            "revenue": 261883,
            "common_shares": 865242,
            "book_valuer_per_share": 14.48,
            "book_valuer_per_share_4q_avg": 15.01,
            "equity": 1249873,
            "current_ratio": 285.74,
            "debt_ratio": 24.01,
            "inventory_turnover_ratio": 0.88,
            "account_receivable_turnover_ratio": 1.8,
            "reinvestment_rate": null,
            "research_to_sale_ratio": 42.19,
            "price_fair": 3,
            "eps_avg_yearly": 1,
            "eps_latest_yearly": 1,
            "eps_growth_yearly": -66.67
        },
        "20132": {
            "year_quarter": 20132,
            "year": 2013,
            "quarter": 2,
            "eps": -0.26,
            "eps_growth_year": null,
            "eps_4q": -1.15,
            "eps_4q_growth_year": null,
            "roe": -1.97,
            "roe_4q": -8.08,
            "gross_profit": 135408,
            "gross_margin": 43.39,
            "gross_margin_4q_avg": 42.89,
            "net_income": -24432,
            "revenue": 312050,
            "common_shares": 865242,
            "book_valuer_per_share": 14.25,
            "book_valuer_per_share_4q_avg": 14.76,
            "equity": 1227257,
            "current_ratio": 272.36,
            "debt_ratio": 24.76,
            "inventory_turnover_ratio": 0.93,
            "account_receivable_turnover_ratio": 2,
            "reinvestment_rate": null,
            "research_to_sale_ratio": 35.61,
            "price_fair": 3,
            "eps_avg_yearly": 1,
            "eps_latest_yearly": 1,
            "eps_growth_yearly": -66.67
        },
        "20133": {
            "year_quarter": 20133,
            "year": 2013,
            "quarter": 3,
            "eps": -0.04,
            "eps_growth_year": -125.83,
            "eps_4q": -1.35,
            "eps_4q_growth_year": null,
            "roe": -0.45,
            "roe_4q": -9.55,
            "gross_profit": 154309,
            "gross_margin": 41.64,
            "gross_margin_4q_avg": 42.37,
            "net_income": -5572,
            "revenue": 370609,
            "common_shares": 865242,
            "book_valuer_per_share": 14.21,
            "book_valuer_per_share_4q_avg": 14.45,
            "equity": 1222866,
            "current_ratio": 228.88,
            "debt_ratio": 29.86,
            "inventory_turnover_ratio": 0.91,
            "account_receivable_turnover_ratio": 2.05,
            "reinvestment_rate": null,
            "research_to_sale_ratio": 32.61,
            "price_fair": 3,
            "eps_avg_yearly": 1,
            "eps_latest_yearly": 1,
            "eps_growth_yearly": -66.67
        },
        "20134": {
            "year_quarter": 20134,
            "year": 2013,
            "quarter": 4,
            "eps": -1.55,
            "eps_growth_year": null,
            "eps_4q": -2.29,
            "eps_4q_growth_year": null,
            "roe": -11.77,
            "roe_4q": -17.32,
            "gross_profit": 94535,
            "gross_margin": 19.14,
            "gross_margin_4q_avg": 36.74,
            "net_income": -136090,
            "revenue": 493838,
            "common_shares": 865242,
            "book_valuer_per_share": 12.68,
            "book_valuer_per_share_4q_avg": 13.91,
            "equity": 1089730,
            "current_ratio": 198.19,
            "debt_ratio": 35.04,
            "inventory_turnover_ratio": 1.6,
            "account_receivable_turnover_ratio": 2.25,
            "reinvestment_rate": null,
            "research_to_sale_ratio": 28.17,
            "price_fair": 3,
            "eps_avg_yearly": 1,
            "eps_latest_yearly": 1,
            "eps_growth_yearly": -66.67
        },
        "20141": {
            "year_quarter": 20141,
            "year": 2014,
            "quarter": 1,
            "eps": 0.45,
            "eps_growth_year": null,
            "eps_4q": -1.4,
            "eps_4q_growth_year": null,
            "roe": 3.48,
            "roe_4q": -10.709999999999999,
            "gross_profit": 183154,
            "gross_margin": 41.22,
            "gross_margin_4q_avg": 36.35,
            "net_income": 38592,
            "revenue": 444293,
            "common_shares": 865242,
            "book_valuer_per_share": 13.01,
            "book_valuer_per_share_4q_avg": 13.54,
            "equity": 1126716,
            "current_ratio": 220.63,
            "debt_ratio": 30.74,
            "inventory_turnover_ratio": 1.18,
            "account_receivable_turnover_ratio": 1.85,
            "reinvestment_rate": null,
            "research_to_sale_ratio": 25.16,
            "price_fair": 3,
            "eps_avg_yearly": 1,
            "eps_latest_yearly": 1,
            "eps_growth_yearly": -66.67
        },
        "20142": {
            "year_quarter": 20142,
            "year": 2014,
            "quarter": 2,
            "eps": 1.04,
            "eps_growth_year": null,
            "eps_4q": -0.09,
            "eps_4q_growth_year": null,
            "roe": 7.69,
            "roe_4q": -1.0499999999999996,
            "gross_profit": 230148,
            "gross_margin": 42.8,
            "gross_margin_4q_avg": 36.2,
            "net_income": 91540,
            "revenue": 537672,
            "common_shares": 883162,
            "book_valuer_per_share": 14.2,
            "book_valuer_per_share_4q_avg": 13.53,
            "equity": 1255403,
            "current_ratio": 232.45,
            "debt_ratio": 30.97,
            "inventory_turnover_ratio": 1.21,
            "account_receivable_turnover_ratio": 2.12,
            "reinvestment_rate": null,
            "research_to_sale_ratio": 16.84,
            "price_fair": 90.3,
            "eps_avg_yearly": 2.58,
            "eps_latest_yearly": 4.16,
            "eps_growth_yearly": 228.89
        },
        "20143": {
            "year_quarter": 20143,
            "year": 2014,
            "quarter": 3,
            "eps": 1.95,
            "eps_growth_year": null,
            "eps_4q": 1.9,
            "eps_4q_growth_year": null,
            "roe": 12.83,
            "roe_4q": 12.23,
            "gross_profit": 314104,
            "gross_margin": 45.41,
            "gross_margin_4q_avg": 37.14,
            "net_income": 173528,
            "revenue": 691632,
            "common_shares": 893042,
            "book_valuer_per_share": 16.23,
            "book_valuer_per_share_4q_avg": 14.03,
            "equity": 1450619,
            "current_ratio": 246.87,
            "debt_ratio": 29.52,
            "inventory_turnover_ratio": 1.24,
            "account_receivable_turnover_ratio": 2.27,
            "reinvestment_rate": null,
            "research_to_sale_ratio": 14.53,
            "price_fair": 209.3,
            "eps_avg_yearly": 5.98,
            "eps_latest_yearly": 7.8,
            "eps_growth_yearly": 437.22
        },
        "20144": {
            "year_quarter": 20144,
            "year": 2014,
            "quarter": 4,
            "eps": 1.41,
            "eps_growth_year": null,
            "eps_4q": 4.8,
            "eps_4q_growth_year": null,
            "roe": 8.31,
            "roe_4q": 32.31,
            "gross_profit": 261950,
            "gross_margin": 49.69,
            "gross_margin_4q_avg": 44.78,
            "net_income": 125966,
            "revenue": 527134,
            "common_shares": 895392,
            "book_valuer_per_share": 17.66,
            "book_valuer_per_share_4q_avg": 15.28,
            "equity": 1582479,
            "current_ratio": 290.13,
            "debt_ratio": 25.45,
            "inventory_turnover_ratio": 0.81,
            "account_receivable_turnover_ratio": 1.98,
            "reinvestment_rate": null,
            "research_to_sale_ratio": 17.62,
            "price_fair": 205.33,
            "eps_avg_yearly": 5.87,
            "eps_latest_yearly": 5.64,
            "eps_growth_yearly": 254.56
        },
        "20151": {
            "year_quarter": 20151,
            "year": 2015,
            "quarter": 1,
            "eps": 0.93,
            "eps_growth_year": 106.67,
            "eps_4q": 5.29,
            "eps_4q_growth_year": null,
            "roe": 5.11,
            "roe_4q": 33.94,
            "gross_profit": 248698,
            "gross_margin": 47.47,
            "gross_margin_4q_avg": 46.34,
            "net_income": 83009,
            "revenue": 523884,
            "common_shares": 896542,
            "book_valuer_per_share": 18.56,
            "book_valuer_per_share_4q_avg": 16.66,
            "equity": 1665327,
            "current_ratio": 306.89,
            "debt_ratio": 24.53,
            "inventory_turnover_ratio": 0.78,
            "account_receivable_turnover_ratio": 2.32,
            "reinvestment_rate": -138.82,
            "research_to_sale_ratio": 18.12,
            "price_fair": 186.55,
            "eps_avg_yearly": 5.33,
            "eps_latest_yearly": 3.72,
            "eps_growth_yearly": 156.88
        },
        "20152": {
            "year_quarter": 20152,
            "year": 2015,
            "quarter": 2,
            "eps": 0.58,
            "eps_growth_year": -44.23,
            "eps_4q": 4.85,
            "eps_4q_growth_year": null,
            "roe": 3.43,
            "roe_4q": 29.68,
            "gross_profit": 214444,
            "gross_margin": 45.65,
            "gross_margin_4q_avg": 47.06,
            "net_income": 51836,
            "revenue": 469731,
            "common_shares": 896542,
            "book_valuer_per_share": 15.14,
            "book_valuer_per_share_4q_avg": 16.9,
            "equity": 1358106,
            "current_ratio": 199.73,
            "debt_ratio": 35.34,
            "inventory_turnover_ratio": 0.74,
            "account_receivable_turnover_ratio": 2.14,
            "reinvestment_rate": -68.07,
            "research_to_sale_ratio": 17.19,
            "price_fair": 165.48,
            "eps_avg_yearly": 4.73,
            "eps_latest_yearly": 2.32,
            "eps_growth_yearly": 95.39
        },
        "20153": {
            "year_quarter": 20153,
            "year": 2015,
            "quarter": 3,
            "eps": 0.72,
            "eps_growth_year": -63.08,
            "eps_4q": 3.68,
            "eps_4q_growth_year": 93.43,
            "roe": 4.71,
            "roe_4q": 21.560000000000002,
            "gross_profit": 207677,
            "gross_margin": 49.43,
            "gross_margin_4q_avg": 48.06,
            "net_income": 64370,
            "revenue": 420133,
            "common_shares": 896692,
            "book_valuer_per_share": 15.58,
            "book_valuer_per_share_4q_avg": 16.74,
            "equity": 1377285,
            "current_ratio": 310.51,
            "debt_ratio": 21.38,
            "inventory_turnover_ratio": 0.69,
            "account_receivable_turnover_ratio": 2.24,
            "reinvestment_rate": -53.59,
            "research_to_sale_ratio": 23.41,
            "price_fair": 154.7,
            "eps_avg_yearly": 4.42,
            "eps_latest_yearly": 2.88,
            "eps_growth_yearly": 95.59
        },
        "20154": {
            "year_quarter": 20154,
            "year": 2015,
            "quarter": 4,
            "eps": 0.78,
            "eps_growth_year": -44.53,
            "eps_4q": 3,
            "eps_4q_growth_year": -37.44,
            "roe": 4.86,
            "roe_4q": 18.11,
            "gross_profit": 224729,
            "gross_margin": 47.7,
            "gross_margin_4q_avg": 47.56,
            "net_income": 69980,
            "revenue": 471131,
            "common_shares": 896692,
            "book_valuer_per_share": 16.72,
            "book_valuer_per_share_4q_avg": 16.5,
            "equity": 1499943,
            "current_ratio": 302.94,
            "debt_ratio": 31.36,
            "inventory_turnover_ratio": 0.92,
            "account_receivable_turnover_ratio": 2.66,
            "reinvestment_rate": 72.12,
            "research_to_sale_ratio": 26.18,
            "price_fair": 148.2,
            "eps_avg_yearly": 4.23,
            "eps_latest_yearly": 3.12,
            "eps_growth_yearly": 86.69
        },
        "20161": {
            "year_quarter": 20161,
            "year": 2016,
            "quarter": 1,
            "eps": 0.48,
            "eps_growth_year": -48.39,
            "eps_4q": 2.56,
            "eps_4q_growth_year": -51.66,
            "roe": 2.83,
            "roe_4q": 15.83,
            "gross_profit": 204165,
            "gross_margin": 49.93,
            "gross_margin_4q_avg": 48.18,
            "net_income": 43000,
            "revenue": 408940,
            "common_shares": 896692,
            "book_valuer_per_share": 17.19,
            "book_valuer_per_share_4q_avg": 16.16,
            "equity": 1542331,
            "current_ratio": 324.16,
            "debt_ratio": 29.86,
            "inventory_turnover_ratio": 0.83,
            "account_receivable_turnover_ratio": 2.51,
            "reinvestment_rate": 65.82,
            "research_to_sale_ratio": 23.53,
            "price_fair": 138.08,
            "eps_avg_yearly": 3.95,
            "eps_latest_yearly": 1.92,
            "eps_growth_yearly": 56.63
        },
        "20162": {
            "year_quarter": 20162,
            "year": 2016,
            "quarter": 2,
            "eps": 0.63,
            "eps_growth_year": 8.62,
            "eps_4q": 2.61,
            "eps_4q_growth_year": -46.23,
            "roe": 3.92,
            "roe_4q": 16.32,
            "gross_profit": 221603,
            "gross_margin": 51.39,
            "gross_margin_4q_avg": 49.61,
            "net_income": 56241,
            "revenue": 431233,
            "common_shares": 896692,
            "book_valuer_per_share": 14.82,
            "book_valuer_per_share_4q_avg": 16.08,
            "equity": 1329772,
            "current_ratio": 200.23,
            "debt_ratio": 40.58,
            "inventory_turnover_ratio": 0.85,
            "account_receivable_turnover_ratio": 2.56,
            "reinvestment_rate": 60.92,
            "research_to_sale_ratio": 24.51,
            "price_fair": 132.53,
            "eps_avg_yearly": 3.79,
            "eps_latest_yearly": 2.52,
            "eps_growth_yearly": 64.22
        },
        "20163": {
            "year_quarter": 20163,
            "year": 2016,
            "quarter": 3,
            "eps": 0.77,
            "eps_growth_year": 6.94,
            "eps_4q": 2.62,
            "eps_4q_growth_year": -28.77,
            "roe": 5.03,
            "roe_4q": 16.64,
            "gross_profit": 250687,
            "gross_margin": 50.11,
            "gross_margin_4q_avg": 49.78,
            "net_income": 68601,
            "revenue": 500291,
            "common_shares": 906692,
            "book_valuer_per_share": 15.43,
            "book_valuer_per_share_4q_avg": 16.04,
            "equity": 1399728,
            "current_ratio": 211.93,
            "debt_ratio": 38.79,
            "inventory_turnover_ratio": 1.1,
            "account_receivable_turnover_ratio": 2.66,
            "reinvestment_rate": 56.92,
            "research_to_sale_ratio": 20.9,
            "price_fair": 130.06,
            "eps_avg_yearly": 3.72,
            "eps_latest_yearly": 3.08,
            "eps_growth_yearly": 66.69
        },
        "20164": {
            "year_quarter": 20164,
            "year": 2016,
            "quarter": 4,
            "eps": 0.65,
            "eps_growth_year": -16.72,
            "eps_4q": 2.5,
            "eps_4q_growth_year": -16.71,
            "roe": 4.13,
            "roe_4q": 15.91,
            "gross_profit": 211251,
            "gross_margin": 50.55,
            "gross_margin_4q_avg": 50.5,
            "net_income": 58924,
            "revenue": 417894,
            "common_shares": 906972,
            "book_valuer_per_share": 16.02,
            "book_valuer_per_share_4q_avg": 15.87,
            "equity": 1454369,
            "current_ratio": 220.52,
            "debt_ratio": 38.3,
            "inventory_turnover_ratio": 0.99,
            "account_receivable_turnover_ratio": 2.27,
            "reinvestment_rate": 49.53,
            "research_to_sale_ratio": 27.66,
            "price_fair": 126.51,
            "eps_avg_yearly": 3.61,
            "eps_latest_yearly": 2.6,
            "eps_growth_yearly": 54.96
        },
        "20171": {
            "year_quarter": 20171,
            "year": 2017,
            "quarter": 1,
            "eps": -0.21,
            "eps_growth_year": -143.75,
            "eps_4q": 1.82,
            "eps_4q_growth_year": -28.92,
            "roe": -1.32,
            "roe_4q": 11.76,
            "gross_profit": 194694,
            "gross_margin": 50.18,
            "gross_margin_4q_avg": 50.56,
            "net_income": -19046,
            "revenue": 387992,
            "common_shares": 906992,
            "book_valuer_per_share": 15.83,
            "book_valuer_per_share_4q_avg": 15.53,
            "equity": 1436895,
            "current_ratio": 199.88,
            "debt_ratio": 41.14,
            "inventory_turnover_ratio": 0.85,
            "account_receivable_turnover_ratio": 2.29,
            "reinvestment_rate": 48.5,
            "research_to_sale_ratio": 29.27,
            "price_fair": 126.51,
            "eps_avg_yearly": 3.61,
            "eps_latest_yearly": 2.6,
            "eps_growth_yearly": 54.96
        },
        "20172": {
            "year_quarter": 20172,
            "year": 2017,
            "quarter": 2,
            "eps": 0.63,
            "eps_growth_year": 0,
            "eps_4q": 1.82,
            "eps_4q_growth_year": -30.26,
            "roe": 4.22,
            "roe_4q": 12.059999999999999,
            "gross_profit": 218127,
            "gross_margin": 49.63,
            "gross_margin_4q_avg": 50.12,
            "net_income": 56208,
            "revenue": 439512,
            "common_shares": 906792,
            "book_valuer_per_share": 13.52,
            "book_valuer_per_share_4q_avg": 15.2,
            "equity": 1226582,
            "current_ratio": 149.42,
            "debt_ratio": 51.97,
            "inventory_turnover_ratio": 0.77,
            "account_receivable_turnover_ratio": 2.49,
            "reinvestment_rate": 43.1,
            "research_to_sale_ratio": 24.75,
            "price_fair": 126.51,
            "eps_avg_yearly": 3.61,
            "eps_latest_yearly": 2.6,
            "eps_growth_yearly": 54.96
        },
        "20173": {
            "year_quarter": 20173,
            "year": 2017,
            "quarter": 3,
            "eps": 0.61,
            "eps_growth_year": -20.78,
            "eps_4q": 1.67,
            "eps_4q_growth_year": -36.48,
            "roe": 4.38,
            "roe_4q": 11.41,
            "gross_profit": 238862,
            "gross_margin": 48.66,
            "gross_margin_4q_avg": 49.76,
            "net_income": 55009,
            "revenue": 490852,
            "common_shares": 907092,
            "book_valuer_per_share": 14.16,
            "book_valuer_per_share_4q_avg": 14.88,
            "equity": 1284955,
            "current_ratio": 153.95,
            "debt_ratio": 50.04,
            "inventory_turnover_ratio": 0.83,
            "account_receivable_turnover_ratio": 2.38,
            "reinvestment_rate": 41.95,
            "research_to_sale_ratio": 23.74,
            "price_fair": 123.08,
            "eps_avg_yearly": 3.52,
            "eps_latest_yearly": 2.44,
            "eps_growth_yearly": 49.32
        },
        "20174": {
            "year_quarter": 20174,
            "year": 2017,
            "quarter": 4,
            "eps": 0.43,
            "eps_growth_year": -33.85,
            "eps_4q": 1.45,
            "eps_4q_growth_year": -42.16,
            "roe": 2.98,
            "roe_4q": 10.259999999999998,
            "gross_profit": 223683,
            "gross_margin": 47.72,
            "gross_margin_4q_avg": 49.05,
            "net_income": 38976,
            "revenue": 468790,
            "common_shares": 907092,
            "book_valuer_per_share": 14.63,
            "book_valuer_per_share_4q_avg": 14.54,
            "equity": 1327668,
            "current_ratio": 155.49,
            "debt_ratio": 49.57,
            "inventory_turnover_ratio": 0.94,
            "account_receivable_turnover_ratio": 2.06,
            "reinvestment_rate": 35.3,
            "research_to_sale_ratio": 25.24,
            "price_fair": 118.25,
            "eps_avg_yearly": 3.38,
            "eps_latest_yearly": 1.72,
            "eps_growth_yearly": 36.45
        },
        "20181": {
            "year_quarter": 20181,
            "year": 2018,
            "quarter": 1,
            "eps": 0.25,
            "eps_growth_year": null,
            "eps_4q": 1.9,
            "eps_4q_growth_year": 4.58,
            "roe": 1.64,
            "roe_4q": 13.219999999999999,
            "gross_profit": 207138,
            "gross_margin": 47.43,
            "gross_margin_4q_avg": 48.36,
            "net_income": 22021,
            "revenue": 436760,
            "common_shares": 906492,
            "book_valuer_per_share": 14.89,
            "book_valuer_per_share_4q_avg": 14.3,
            "equity": 1350727,
            "current_ratio": 155.93,
            "debt_ratio": 49.49,
            "inventory_turnover_ratio": 0.87,
            "account_receivable_turnover_ratio": 1.83,
            "reinvestment_rate": 33.18,
            "research_to_sale_ratio": 26.05,
            "price_fair": 102.3,
            "eps_avg_yearly": 3.21,
            "eps_latest_yearly": 1,
            "eps_growth_yearly": 21.88
        },
        "20182": {
            "year_quarter": 20182,
            "year": 2018,
            "quarter": 2,
            "eps": 1.16,
            "eps_growth_year": 84.13,
            "eps_4q": 2.43,
            "eps_4q_growth_year": 33.54,
            "roe": 7.7,
            "roe_4q": 16.7,
            "gross_profit": 243354,
            "gross_margin": 49.05,
            "gross_margin_4q_avg": 48.22,
            "net_income": 103696,
            "revenue": 496140,
            "common_shares": 906092,
            "book_valuer_per_share": 14.79,
            "book_valuer_per_share_4q_avg": 14.62,
            "equity": 1341305,
            "current_ratio": 149.97,
            "debt_ratio": 51.5,
            "inventory_turnover_ratio": 0.87,
            "account_receivable_turnover_ratio": 1.87,
            "reinvestment_rate": 33.38,
            "research_to_sale_ratio": 23.15,
            "price_fair": 113.5,
            "eps_avg_yearly": 3.24,
            "eps_latest_yearly": 4.64,
            "eps_growth_yearly": 88.42
        },
        "20183": {
            "year_quarter": 20183,
            "year": 2018,
            "quarter": 3,
            "eps": 0.84,
            "eps_growth_year": 37.7,
            "eps_4q": 2.65,
            "eps_4q_growth_year": 59.02,
            "roe": 5.45,
            "roe_4q": 17.77,
            "gross_profit": 249949,
            "gross_margin": 49.33,
            "gross_margin_4q_avg": 48.38,
            "net_income": 75263,
            "revenue": 506727,
            "common_shares": 906092,
            "book_valuer_per_share": 15.65,
            "book_valuer_per_share_4q_avg": 14.99,
            "equity": 1419109,
            "current_ratio": 168.28,
            "debt_ratio": 45.64,
            "inventory_turnover_ratio": 0.93,
            "account_receivable_turnover_ratio": 1.82,
            "reinvestment_rate": 37.8,
            "research_to_sale_ratio": 24.23,
            "price_fair": 102.4,
            "eps_avg_yearly": 2.93,
            "eps_latest_yearly": 3.36,
            "eps_growth_yearly": 55.54
        },
        "20184": {
            "year_quarter": 20184,
            "year": 2018,
            "quarter": 4,
            "eps": 0.49,
            "eps_growth_year": 13.37,
            "eps_4q": 2.71,
            "eps_4q_growth_year": 87.16,
            "roe": 3.07,
            "roe_4q": 17.86,
            "gross_profit": 213159,
            "gross_margin": 47.8,
            "gross_margin_4q_avg": 48.4,
            "net_income": 44151,
            "revenue": 445907,
            "common_shares": 905992,
            "book_valuer_per_share": 16.05,
            "book_valuer_per_share_4q_avg": 15.35,
            "equity": 1455364,
            "current_ratio": 172.98,
            "debt_ratio": 44.7,
            "inventory_turnover_ratio": 0.84,
            "account_receivable_turnover_ratio": 1.74,
            "reinvestment_rate": 41.45,
            "research_to_sale_ratio": 28.2,
            "price_fair": 93.2,
            "eps_avg_yearly": 2.66,
            "eps_latest_yearly": 1.96,
            "eps_growth_yearly": 51.55
        },
        "20191": {
            "year_quarter": 20191,
            "year": 2019,
            "quarter": 1,
            "eps": 0.3,
            "eps_growth_year": 20,
            "eps_4q": 2.76,
            "eps_4q_growth_year": 45.18,
            "roe": 1.82,
            "roe_4q": 18.04,
            "gross_profit": 196105,
            "gross_margin": 48.46,
            "gross_margin_4q_avg": 48.66,
            "net_income": 26684,
            "revenue": 404705,
            "common_shares": 905992,
            "book_valuer_per_share": 16.38,
            "book_valuer_per_share_4q_avg": 15.72,
            "equity": 1484543,
            "current_ratio": 172.5,
            "debt_ratio": 40.38,
            "inventory_turnover_ratio": 0.73,
            "account_receivable_turnover_ratio": 1.8,
            "reinvestment_rate": 45.61,
            "research_to_sale_ratio": 30.92,
            "price_fair": 86.9,
            "eps_avg_yearly": 2.48,
            "eps_latest_yearly": 1.2,
            "eps_growth_yearly": 50.2
        },
        "20192": {
            "year_quarter": 20192,
            "year": 2019,
            "quarter": 2,
            "eps": 0.64,
            "eps_growth_year": -44.83,
            "eps_4q": 2.25,
            "eps_4q_growth_year": -7.46,
            "roe": 4.06,
            "roe_4q": 14.399999999999999,
            "gross_profit": 231942,
            "gross_margin": 49.81,
            "gross_margin_4q_avg": 48.85,
            "net_income": 57225,
            "revenue": 465667,
            "common_shares": 905592,
            "book_valuer_per_share": 14.69,
            "book_valuer_per_share_4q_avg": 15.69,
            "equity": 1331201,
            "current_ratio": 139.01,
            "debt_ratio": 43.94,
            "inventory_turnover_ratio": 0.88,
            "account_receivable_turnover_ratio": 1.97,
            "reinvestment_rate": 45.16,
            "research_to_sale_ratio": 26.44,
            "price_fair": 87.5,
            "eps_avg_yearly": 2.5,
            "eps_latest_yearly": 2.56,
            "eps_growth_yearly": 93.33
        },
        "20193": {
            "year_quarter": 20193,
            "year": 2019,
            "quarter": 3,
            "eps": 0.73,
            "eps_growth_year": -13.1,
            "eps_4q": 2.14,
            "eps_4q_growth_year": -19.27,
            "roe": 4.83,
            "roe_4q": 13.780000000000001,
            "gross_profit": 274146,
            "gross_margin": 49.89,
            "gross_margin_4q_avg": 48.99,
            "net_income": 65623,
            "revenue": 549453,
            "common_shares": 905492,
            "book_valuer_per_share": 15.32,
            "book_valuer_per_share_4q_avg": 15.61,
            "equity": 1388064,
            "current_ratio": 156.15,
            "debt_ratio": 36.68,
            "inventory_turnover_ratio": 1.08,
            "account_receivable_turnover_ratio": 1.87,
            "reinvestment_rate": 46.34,
            "research_to_sale_ratio": 25.57,
            "price_fair": 87.6,
            "eps_avg_yearly": 2.5,
            "eps_latest_yearly": 2.92,
            "eps_growth_yearly": 90.45
        },
        "20194": {
            "year_quarter": 20194,
            "year": 2019,
            "quarter": 4,
            "eps": 0.55,
            "eps_growth_year": 12.1,
            "eps_4q": 2.2,
            "eps_4q_growth_year": -18.66,
            "roe": 3.5,
            "roe_4q": 14.21,
            "gross_profit": 249144,
            "gross_margin": 46.25,
            "gross_margin_4q_avg": 48.6,
            "net_income": 49340,
            "revenue": 538716,
            "common_shares": 903182,
            "book_valuer_per_share": 15.87,
            "book_valuer_per_share_4q_avg": 15.57,
            "equity": 1434330,
            "current_ratio": 166.54,
            "debt_ratio": 34.04,
            "inventory_turnover_ratio": 1.18,
            "account_receivable_turnover_ratio": 1.84,
            "reinvestment_rate": -0.85,
            "research_to_sale_ratio": 24.56,
            "price_fair": 85.3,
            "eps_avg_yearly": 2.44,
            "eps_latest_yearly": 2.2,
            "eps_growth_yearly": 81.03
        },
        "20201": {
            "year_quarter": 20201,
            "year": 2020,
            "quarter": 1,
            "eps": 0.73,
            "eps_growth_year": 143.33,
            "eps_4q": 2.62,
            "eps_4q_growth_year": -4.99,
            "roe": 4.78,
            "roe_4q": 17.17,
            "gross_profit": 261470,
            "gross_margin": 48.5,
            "gross_margin_4q_avg": 48.61,
            "net_income": 65837,
            "revenue": 539112,
            "common_shares": 908182,
            "book_valuer_per_share": 14.55,
            "book_valuer_per_share_4q_avg": 15.11,
            "equity": 1322572,
            "current_ratio": 132.17,
            "debt_ratio": 44.09,
            "inventory_turnover_ratio": 0.88,
            "account_receivable_turnover_ratio": 2.06,
            "reinvestment_rate": 2.16,
            "research_to_sale_ratio": 25.26,
            "price_fair": 87.8,
            "eps_avg_yearly": 2.51,
            "eps_latest_yearly": 2.92,
            "eps_growth_yearly": 101.37
        },
        "20202": {
            "year_quarter": 20202,
            "year": 2020,
            "quarter": 2,
            "eps": 1.3,
            "eps_growth_year": 103.12,
            "eps_4q": 3.28,
            "eps_4q_growth_year": 46.13,
            "roe": 8.46,
            "roe_4q": 21.57,
            "gross_profit": 334408,
            "gross_margin": 46.89,
            "gross_margin_4q_avg": 47.88,
            "net_income": 117060,
            "revenue": 713114,
            "common_shares": 907832,
            "book_valuer_per_share": 15.89,
            "book_valuer_per_share_4q_avg": 15.41,
            "equity": 1443574,
            "current_ratio": 144.9,
            "debt_ratio": 41.18,
            "inventory_turnover_ratio": 0.96,
            "account_receivable_turnover_ratio": 2.41,
            "reinvestment_rate": 2.59,
            "research_to_sale_ratio": 18.99,
            "price_fair": 94.5,
            "eps_avg_yearly": 2.7,
            "eps_latest_yearly": 5.2,
            "eps_growth_yearly": 114.75
        },
        "20203": {
            "year_quarter": 20203,
            "year": 2020,
            "quarter": 3,
            "eps": 1.12,
            "eps_growth_year": 53.42,
            "eps_4q": 3.67,
            "eps_4q_growth_year": 71.47,
            "roe": 6.79,
            "roe_4q": 23.53,
            "gross_profit": 305104,
            "gross_margin": 44.58,
            "gross_margin_4q_avg": 46.56,
            "net_income": 100742,
            "revenue": 684435,
            "common_shares": 907832,
            "book_valuer_per_share": 16.79,
            "book_valuer_per_share_4q_avg": 15.78,
            "equity": 1524785,
            "current_ratio": 155.16,
            "debt_ratio": 38.74,
            "inventory_turnover_ratio": 0.92,
            "account_receivable_turnover_ratio": 2.24,
            "reinvestment_rate": 1.33,
            "research_to_sale_ratio": 20.9,
            "price_fair": 98,
            "eps_avg_yearly": 2.8,
            "eps_latest_yearly": 4.48,
            "eps_growth_yearly": 104.44
        },
        "20204": {
            "year_quarter": 20204,
            "year": 2020,
            "quarter": 4,
            "eps": 0.52,
            "eps_growth_year": -4.18,
            "eps_4q": 3.67,
            "eps_4q_growth_year": 66.45,
            "roe": 3.05,
            "roe_4q": 23.080000000000002,
            "gross_profit": 275193,
            "gross_margin": 43.06,
            "gross_margin_4q_avg": 45.76,
            "net_income": 47255,
            "revenue": 639108,
            "common_shares": 902792,
            "book_valuer_per_share": 17.37,
            "book_valuer_per_share_4q_avg": 16.15,
            "equity": 1568985,
            "current_ratio": 149.61,
            "debt_ratio": 40.12,
            "inventory_turnover_ratio": 0.77,
            "account_receivable_turnover_ratio": 2.34,
            "reinvestment_rate": 7.03,
            "research_to_sale_ratio": 24.47,
            "price_fair": 96.7,
            "eps_avg_yearly": 2.76,
            "eps_latest_yearly": 2.08,
            "eps_growth_yearly": 93.59
        },
        "20211": {
            "year_quarter": 20211,
            "year": 2021,
            "quarter": 1,
            "eps": 0.51,
            "eps_growth_year": -30.14,
            "eps_4q": 3.45,
            "eps_4q_growth_year": 31.5,
            "roe": 3.16,
            "roe_4q": 21.46,
            "gross_profit": 264659,
            "gross_margin": 45.55,
            "gross_margin_4q_avg": 45.02,
            "net_income": 46093,
            "revenue": 581037,
            "common_shares": 902792,
            "book_valuer_per_share": 14.92,
            "book_valuer_per_share_4q_avg": 16.24,
            "equity": 1348138,
            "current_ratio": 122.03,
            "debt_ratio": 49.36,
            "inventory_turnover_ratio": 0.57,
            "account_receivable_turnover_ratio": 2.2,
            "reinvestment_rate": 6.89,
            "research_to_sale_ratio": 26.71,
            "price_fair": 95.01,
            "eps_avg_yearly": 2.71,
            "eps_latest_yearly": 2.04,
            "eps_growth_yearly": 86.84
        },
        "20212": {
            "year_quarter": 20212,
            "year": 2021,
            "quarter": 2,
            "eps": 1.41,
            "eps_growth_year": 8.46,
            "eps_4q": 3.56,
            "eps_4q_growth_year": 8.4,
            "roe": 8.99,
            "roe_4q": 21.99,
            "gross_profit": 378688,
            "gross_margin": 50.48,
            "gross_margin_4q_avg": 45.92,
            "net_income": 126986,
            "revenue": 750219,
            "common_shares": 902792,
            "book_valuer_per_share": 16.34,
            "book_valuer_per_share_4q_avg": 16.36,
            "equity": 1476293,
            "current_ratio": 131.13,
            "debt_ratio": 48.55,
            "inventory_turnover_ratio": 0.57,
            "account_receivable_turnover_ratio": 2.67,
            "reinvestment_rate": 5.66,
            "research_to_sale_ratio": 21.78,
            "price_fair": 101.41,
            "eps_avg_yearly": 2.9,
            "eps_latest_yearly": 5.64,
            "eps_growth_yearly": 125.53
        },
        "20213": {
            "year_quarter": 20213,
            "year": 2021,
            "quarter": 3,
            "eps": 1.97,
            "eps_growth_year": 75.89,
            "eps_4q": 4.4,
            "eps_4q_growth_year": 19.82,
            "roe": 11.26,
            "roe_4q": 26.46,
            "gross_profit": 450502,
            "gross_margin": 51.74,
            "gross_margin_4q_avg": 47.71,
            "net_income": 176399,
            "revenue": 870687,
            "common_shares": 902792,
            "book_valuer_per_share": 18.31,
            "book_valuer_per_share_4q_avg": 16.74,
            "equity": 1657283,
            "current_ratio": 140.91,
            "debt_ratio": 47.81,
            "inventory_turnover_ratio": 0.56,
            "account_receivable_turnover_ratio": 2.81,
            "reinvestment_rate": 3.61,
            "research_to_sale_ratio": 19.97,
            "price_fair": 113.31,
            "eps_avg_yearly": 3.24,
            "eps_latest_yearly": 7.88,
            "eps_growth_yearly": 136.25
        },
        "20214": {
            "year_quarter": 20214,
            "year": 2021,
            "quarter": 4,
            "eps": 2.5,
            "eps_growth_year": 378.04,
            "eps_4q": 6.37,
            "eps_4q_growth_year": 73.9,
            "roe": 12.75,
            "roe_4q": 36.16,
            "gross_profit": 548651,
            "gross_margin": 52.67,
            "gross_margin_4q_avg": 50.11,
            "net_income": 225902,
            "revenue": 1041747,
            "common_shares": 902792,
            "book_valuer_per_share": 20.86,
            "book_valuer_per_share_4q_avg": 17.61,
            "equity": 1887448,
            "current_ratio": 148.67,
            "debt_ratio": 47.15,
            "inventory_turnover_ratio": 0.56,
            "account_receivable_turnover_ratio": 3.13,
            "reinvestment_rate": 4.51,
            "research_to_sale_ratio": 19.13,
            "price_fair": 131.43,
            "eps_avg_yearly": 3.76,
            "eps_latest_yearly": 10,
            "eps_growth_yearly": 150.35
        },
        "20221": {
            "year_quarter": 20221,
            "year": 2022,
            "quarter": 1,
            "eps": 3.93,
            "eps_growth_year": 670.59,
            "eps_4q": 9.79,
            "eps_4q_growth_year": 184.07,
            "roe": 19.05,
            "roe_4q": 52.050000000000004,
            "gross_profit": 703129,
            "gross_margin": 56.73,
            "gross_margin_4q_avg": 52.91,
            "net_income": 354604,
            "revenue": 1239515,
            "common_shares": 902792,
            "book_valuer_per_share": 20.29,
            "book_valuer_per_share_4q_avg": 18.95,
            "equity": 1836061,
            "current_ratio": 134.49,
            "debt_ratio": 55.3,
            "inventory_turnover_ratio": 0.5,
            "account_receivable_turnover_ratio": 3.5,
            "reinvestment_rate": 4.08,
            "research_to_sale_ratio": 17.1,
            "price_fair": 163.63,
            "eps_avg_yearly": 4.68,
            "eps_latest_yearly": 15.72,
            "eps_growth_yearly": 175.12
        },
        "20222": {
            "year_quarter": 20222,
            "year": 2022,
            "quarter": 2,
            "eps": 1.45,
            "eps_growth_year": 2.84,
            "eps_4q": 9.83,
            "eps_4q_growth_year": 176.38,
            "roe": 6.86,
            "roe_4q": 49.919999999999995,
            "gross_profit": 418205,
            "gross_margin": 48.5,
            "gross_margin_4q_avg": 52.41,
            "net_income": 130395,
            "revenue": 862285,
            "common_shares": 902792,
            "book_valuer_per_share": 21.74,
            "book_valuer_per_share_4q_avg": 20.3,
            "equity": 1966734,
            "current_ratio": 156.76,
            "debt_ratio": 45.25,
            "inventory_turnover_ratio": 0.36,
            "account_receivable_turnover_ratio": 2.45,
            "reinvestment_rate": 3.97,
            "research_to_sale_ratio": 23.77,
            "price_fair": 166.16,
            "eps_avg_yearly": 4.75,
            "eps_latest_yearly": 5.8,
            "eps_growth_yearly": 68.34
        },
        "20223": {
            "year_quarter": 20223,
            "year": 2022,
            "quarter": 3,
            "eps": 0.27,
            "eps_growth_year": -86.29,
            "eps_4q": 8.15,
            "eps_4q_growth_year": 85.44,
            "roe": 1.23,
            "roe_4q": 39.89,
            "gross_profit": 270749,
            "gross_margin": 47.44,
            "gross_margin_4q_avg": 51.34,
            "net_income": 24515,
            "revenue": 570710,
            "common_shares": 902792,
            "book_valuer_per_share": 22.47,
            "book_valuer_per_share_4q_avg": 21.34,
            "equity": 2032364,
            "current_ratio": 241.17,
            "debt_ratio": 42.63,
            "inventory_turnover_ratio": 0.22,
            "account_receivable_turnover_ratio": 2.04,
            "reinvestment_rate": 3.26,
            "research_to_sale_ratio": 33.82,
            "price_fair": 161.18,
            "eps_avg_yearly": 4.61,
            "eps_latest_yearly": 1.08,
            "eps_growth_yearly": 54.89
        },
        "20224": {
            "year_quarter": 20224,
            "year": 2022,
            "quarter": 4,
            "eps": -1.05,
            "eps_growth_year": -141.9,
            "eps_4q": 4.6,
            "eps_4q_growth_year": -27.84,
            "roe": -4.77,
            "roe_4q": 22.37,
            "gross_profit": 120205,
            "gross_margin": 21.04,
            "gross_margin_4q_avg": 43.43,
            "net_income": -94741,
            "revenue": 571260,
            "common_shares": 902792,
            "book_valuer_per_share": 21.44,
            "book_valuer_per_share_4q_avg": 21.49,
            "equity": 1939569,
            "current_ratio": 233.06,
            "debt_ratio": 43.33,
            "inventory_turnover_ratio": 0.32,
            "account_receivable_turnover_ratio": 2.58,
            "reinvestment_rate": 4.45,
            "research_to_sale_ratio": 30.59,
            "price_fair": 167.35,
            "eps_avg_yearly": 4.78,
            "eps_latest_yearly": 1.08,
            "eps_growth_yearly": 69.66
        },
        "20231": {
            "year_quarter": 20231,
            "year": 2023,
            "quarter": 1,
            "eps": -0.32,
            "eps_growth_year": -108.14,
            "eps_4q": 0.35,
            "eps_4q_growth_year": -96.38,
            "roe": -1.59,
            "roe_4q": 1.7300000000000013,
            "gross_profit": 208368,
            "gross_margin": 38.91,
            "gross_margin_4q_avg": 38.97,
            "net_income": -28809,
            "revenue": 535576,
            "common_shares": 902792,
            "book_valuer_per_share": 18.62,
            "book_valuer_per_share_4q_avg": 21.07,
            "equity": 1683979,
            "current_ratio": 195.87,
            "debt_ratio": 48.6,
            "inventory_turnover_ratio": 0.26,
            "account_receivable_turnover_ratio": 2.51,
            "reinvestment_rate": 5.83,
            "research_to_sale_ratio": 34.31,
            "price_fair": 176.3,
            "eps_avg_yearly": 5.04,
            "eps_latest_yearly": 1.08,
            "eps_growth_yearly": 85.72
        },
        "20232": {
            "year_quarter": 20232,
            "year": 2023,
            "quarter": 2,
            "eps": 0.42,
            "eps_growth_year": -71.03,
            "eps_4q": -0.67,
            "eps_4q_growth_year": -106.78,
            "roe": 2.25,
            "roe_4q": -2.8799999999999994,
            "gross_profit": 263278,
            "gross_margin": 42.09,
            "gross_margin_4q_avg": 37.37,
            "net_income": 38278,
            "revenue": 625576,
            "common_shares": 902792,
            "book_valuer_per_share": 19.05,
            "book_valuer_per_share_4q_avg": 20.4,
            "equity": 1723437,
            "current_ratio": 218.96,
            "debt_ratio": 45.4,
            "inventory_turnover_ratio": 0.34,
            "account_receivable_turnover_ratio": 2.89,
            "reinvestment_rate": 4.59,
            "research_to_sale_ratio": 27.44,
            "price_fair": 182.97,
            "eps_avg_yearly": 5.23,
            "eps_latest_yearly": 1.08,
            "eps_growth_yearly": 57.44
        }
    },
    "months": {
        "2001-06": {
            "month": "2001-06",
            "price": "80.90",
            "revenue": 56017
        },
        "2001-07": {
            "month": "2001-07",
            "price": "47.09",
            "revenue": 61804
        },
        "2001-08": {
            "month": "2001-08",
            "price": "36.73",
            "revenue": 58655
        },
        "2001-09": {
            "month": "2001-09",
            "price": "30.29",
            "revenue": 37399
        },
        "2001-10": {
            "month": "2001-10",
            "price": "30.60",
            "revenue": 41805
        },
        "2001-11": {
            "month": "2001-11",
            "price": "41.04",
            "revenue": 35216
        },
        "2001-12": {
            "month": "2001-12",
            "price": "59.62",
            "revenue": 38352
        },
        "2002-01": {
            "month": "2002-01",
            "price": "79.16",
            "revenue": 55299
        },
        "2002-02": {
            "month": "2002-02",
            "price": "91.46",
            "revenue": 45278
        },
        "2002-03": {
            "month": "2002-03",
            "price": "90.74",
            "revenue": 75871
        },
        "2002-04": {
            "month": "2002-04",
            "price": "112.60",
            "revenue": 71830
        },
        "2002-05": {
            "month": "2002-05",
            "price": "134.77",
            "revenue": 105675
        },
        "2002-06": {
            "month": "2002-06",
            "price": "143.22",
            "revenue": 100997
        },
        "2002-07": {
            "month": "2002-07",
            "price": "114.89",
            "revenue": 110331
        },
        "2002-08": {
            "month": "2002-08",
            "price": "102.52",
            "revenue": 94166
        },
        "2002-09": {
            "month": "2002-09",
            "price": "104.82",
            "revenue": 125233
        },
        "2002-10": {
            "month": "2002-10",
            "price": "106.82",
            "revenue": 102538
        },
        "2002-11": {
            "month": "2002-11",
            "price": "113.45",
            "revenue": 97351
        },
        "2002-12": {
            "month": "2002-12",
            "price": "110.86",
            "revenue": 116785
        },
        "2003-01": {
            "month": "2003-01",
            "price": "91.29",
            "revenue": 88708
        },
        "2003-02": {
            "month": "2003-02",
            "price": "81.97",
            "revenue": 90503
        },
        "2003-03": {
            "month": "2003-03",
            "price": "86.60",
            "revenue": 108041
        },
        "2003-04": {
            "month": "2003-04",
            "price": "81.39",
            "revenue": 118954
        },
        "2003-05": {
            "month": "2003-05",
            "price": "70.55",
            "revenue": 117194
        },
        "2003-06": {
            "month": "2003-06",
            "price": "79.60",
            "revenue": 95449
        },
        "2003-07": {
            "month": "2003-07",
            "price": "76.76",
            "revenue": 106542
        },
        "2003-08": {
            "month": "2003-08",
            "price": "64.76",
            "revenue": 111798
        },
        "2003-09": {
            "month": "2003-09",
            "price": "60.02",
            "revenue": 122295
        },
        "2003-10": {
            "month": "2003-10",
            "price": "64.70",
            "revenue": 155123
        },
        "2003-11": {
            "month": "2003-11",
            "price": "61.52",
            "revenue": 122565
        },
        "2003-12": {
            "month": "2003-12",
            "price": "50.78",
            "revenue": 113597
        },
        "2004-01": {
            "month": "2004-01",
            "price": "47.96",
            "revenue": 110746
        },
        "2004-02": {
            "month": "2004-02",
            "price": "48.34",
            "revenue": 115634
        },
        "2004-03": {
            "month": "2004-03",
            "price": "42.94",
            "revenue": 136868
        },
        "2004-04": {
            "month": "2004-04",
            "price": "37.57",
            "revenue": 117819
        },
        "2004-05": {
            "month": "2004-05",
            "price": "25.56",
            "revenue": 101896
        },
        "2004-06": {
            "month": "2004-06",
            "price": "25.28",
            "revenue": 113989
        },
        "2004-07": {
            "month": "2004-07",
            "price": "22.15",
            "revenue": 133034
        },
        "2004-08": {
            "month": "2004-08",
            "price": "20.99",
            "revenue": 137071
        },
        "2004-09": {
            "month": "2004-09",
            "price": "17.94",
            "revenue": 122684
        },
        "2004-10": {
            "month": "2004-10",
            "price": "15.29",
            "revenue": 100263
        },
        "2004-11": {
            "month": "2004-11",
            "price": "14.43",
            "revenue": 101363
        },
        "2004-12": {
            "month": "2004-12",
            "price": "16.32",
            "revenue": 99897
        },
        "2005-01": {
            "month": "2005-01",
            "price": "15.75",
            "revenue": 100978
        },
        "2005-02": {
            "month": "2005-02",
            "price": "17.75",
            "revenue": 64329
        },
        "2005-03": {
            "month": "2005-03",
            "price": "21.08",
            "revenue": 120678
        },
        "2005-04": {
            "month": "2005-04",
            "price": "23.32",
            "revenue": 107941
        },
        "2005-05": {
            "month": "2005-05",
            "price": "21.98",
            "revenue": 130961
        },
        "2005-06": {
            "month": "2005-06",
            "price": "25.17",
            "revenue": 135570
        },
        "2005-07": {
            "month": "2005-07",
            "price": "25.52",
            "revenue": 115402
        },
        "2005-08": {
            "month": "2005-08",
            "price": "22.70",
            "revenue": 128191
        },
        "2005-09": {
            "month": "2005-09",
            "price": "20.44",
            "revenue": 133561
        },
        "2005-10": {
            "month": "2005-10",
            "price": "22.50",
            "revenue": 143238
        },
        "2005-11": {
            "month": "2005-11",
            "price": "24.85",
            "revenue": 155444
        },
        "2005-12": {
            "month": "2005-12",
            "price": "33.32",
            "revenue": 145064
        },
        "2006-01": {
            "month": "2006-01",
            "price": "37.06",
            "revenue": 107023
        },
        "2006-02": {
            "month": "2006-02",
            "price": "37.87",
            "revenue": 105453
        },
        "2006-03": {
            "month": "2006-03",
            "price": "44.96",
            "revenue": 127882
        },
        "2006-04": {
            "month": "2006-04",
            "price": "60.16",
            "revenue": 112162
        },
        "2006-05": {
            "month": "2006-05",
            "price": "63.52",
            "revenue": 114406
        },
        "2006-06": {
            "month": "2006-06",
            "price": "53.81",
            "revenue": 108565
        },
        "2006-07": {
            "month": "2006-07",
            "price": "59.53",
            "revenue": 110606
        },
        "2006-08": {
            "month": "2006-08",
            "price": "58.80",
            "revenue": 116242
        },
        "2006-09": {
            "month": "2006-09",
            "price": "60.32",
            "revenue": 135223
        },
        "2006-10": {
            "month": "2006-10",
            "price": "67.49",
            "revenue": 172787
        },
        "2006-11": {
            "month": "2006-11",
            "price": "71.97",
            "revenue": 141234
        },
        "2006-12": {
            "month": "2006-12",
            "price": "75.21",
            "revenue": 142406
        },
        "2007-01": {
            "month": "2007-01",
            "price": "89.89",
            "revenue": 147376
        },
        "2007-02": {
            "month": "2007-02",
            "price": "94.49",
            "revenue": 123896
        },
        "2007-03": {
            "month": "2007-03",
            "price": "107.27",
            "revenue": 188173
        },
        "2007-04": {
            "month": "2007-04",
            "price": "94.50",
            "revenue": 139878
        },
        "2007-05": {
            "month": "2007-05",
            "price": "86.24",
            "revenue": 146659
        },
        "2007-06": {
            "month": "2007-06",
            "price": "96.10",
            "revenue": 132628
        },
        "2007-07": {
            "month": "2007-07",
            "price": "96.69",
            "revenue": 130282
        },
        "2007-08": {
            "month": "2007-08",
            "price": "79.50",
            "revenue": 168017
        },
        "2007-09": {
            "month": "2007-09",
            "price": "72.48",
            "revenue": 171029
        },
        "2007-10": {
            "month": "2007-10",
            "price": "68.34",
            "revenue": 201036
        },
        "2007-11": {
            "month": "2007-11",
            "price": "51.82",
            "revenue": 180686
        },
        "2007-12": {
            "month": "2007-12",
            "price": "45.47",
            "revenue": 113286
        },
        "2008-01": {
            "month": "2008-01",
            "price": "35.92",
            "revenue": 109490
        },
        "2008-02": {
            "month": "2008-02",
            "price": "29.88",
            "revenue": 82692
        },
        "2008-03": {
            "month": "2008-03",
            "price": "36.20",
            "revenue": 116700
        },
        "2008-04": {
            "month": "2008-04",
            "price": "41.06",
            "revenue": 129242
        },
        "2008-05": {
            "month": "2008-05",
            "price": "43.14",
            "revenue": 140161
        },
        "2008-06": {
            "month": "2008-06",
            "price": "33.48",
            "revenue": 131546
        },
        "2008-07": {
            "month": "2008-07",
            "price": "28.80",
            "revenue": 162578
        },
        "2008-08": {
            "month": "2008-08",
            "price": "29.38",
            "revenue": 169841
        },
        "2008-09": {
            "month": "2008-09",
            "price": "22.41",
            "revenue": 162688
        },
        "2008-10": {
            "month": "2008-10",
            "price": "17.07",
            "revenue": 138804
        },
        "2008-11": {
            "month": "2008-11",
            "price": "12.28",
            "revenue": 134486
        },
        "2008-12": {
            "month": "2008-12",
            "price": "12.88",
            "revenue": 90488
        },
        "2009-01": {
            "month": "2009-01",
            "price": "12.90",
            "revenue": 49571
        },
        "2009-02": {
            "month": "2009-02",
            "price": "13.72",
            "revenue": 71052
        },
        "2009-03": {
            "month": "2009-03",
            "price": "17.35",
            "revenue": 86117
        },
        "2009-04": {
            "month": "2009-04",
            "price": "18.75",
            "revenue": 114244
        },
        "2009-05": {
            "month": "2009-05",
            "price": "24.53",
            "revenue": 94492
        },
        "2009-06": {
            "month": "2009-06",
            "price": "29.79",
            "revenue": 116853
        },
        "2009-07": {
            "month": "2009-07",
            "price": "32.18",
            "revenue": 109968
        },
        "2009-08": {
            "month": "2009-08",
            "price": "34.96",
            "revenue": 110713
        },
        "2009-09": {
            "month": "2009-09",
            "price": "38.32",
            "revenue": 119198
        },
        "2009-10": {
            "month": "2009-10",
            "price": "41.35",
            "revenue": 108463
        },
        "2009-11": {
            "month": "2009-11",
            "price": "38.17",
            "revenue": 115921
        },
        "2009-12": {
            "month": "2009-12",
            "price": "43.41",
            "revenue": 110442
        },
        "2010-01": {
            "month": "2010-01",
            "price": "46.87",
            "revenue": 93141
        },
        "2010-02": {
            "month": "2010-02",
            "price": "40.39",
            "revenue": 83224
        },
        "2010-03": {
            "month": "2010-03",
            "price": "41.67",
            "revenue": 109369
        },
        "2010-04": {
            "month": "2010-04",
            "price": "41.59",
            "revenue": 121242
        },
        "2010-05": {
            "month": "2010-05",
            "price": "35.20",
            "revenue": 125535
        },
        "2010-06": {
            "month": "2010-06",
            "price": "38.85",
            "revenue": 117884
        },
        "2010-07": {
            "month": "2010-07",
            "price": "39.17",
            "revenue": 134213
        },
        "2010-08": {
            "month": "2010-08",
            "price": "46.33",
            "revenue": 130126
        },
        "2010-09": {
            "month": "2010-09",
            "price": "60.82",
            "revenue": 130818
        },
        "2010-10": {
            "month": "2010-10",
            "price": "56.57",
            "revenue": 135175
        },
        "2010-11": {
            "month": "2010-11",
            "price": "53.18",
            "revenue": 135746
        },
        "2010-12": {
            "month": "2010-12",
            "price": "59.11",
            "revenue": 136250
        },
        "2011-01": {
            "month": "2011-01",
            "price": "58.76",
            "revenue": 92735
        },
        "2011-02": {
            "month": "2011-02",
            "price": "47.34",
            "revenue": 70456
        },
        "2011-03": {
            "month": "2011-03",
            "price": "37.03",
            "revenue": 90149
        },
        "2011-04": {
            "month": "2011-04",
            "price": "36.09",
            "revenue": 115078
        },
        "2011-05": {
            "month": "2011-05",
            "price": "38.50",
            "revenue": 100231
        },
        "2011-06": {
            "month": "2011-06",
            "price": "36.96",
            "revenue": 100408
        },
        "2011-07": {
            "month": "2011-07",
            "price": "31.80",
            "revenue": 102303
        },
        "2011-08": {
            "month": "2011-08",
            "price": "23.67",
            "revenue": 108415
        },
        "2011-09": {
            "month": "2011-09",
            "price": "23.78",
            "revenue": 109949
        },
        "2011-10": {
            "month": "2011-10",
            "price": "25.04",
            "revenue": 116001
        },
        "2011-11": {
            "month": "2011-11",
            "price": "21.34",
            "revenue": 121366
        },
        "2011-12": {
            "month": "2011-12",
            "price": "17.71",
            "revenue": 106204
        },
        "2012-01": {
            "month": "2012-01",
            "price": "22.49",
            "revenue": 71989
        },
        "2012-02": {
            "month": "2012-02",
            "price": "26.67",
            "revenue": 91385
        },
        "2012-03": {
            "month": "2012-03",
            "price": "25.97",
            "revenue": 104995
        },
        "2012-04": {
            "month": "2012-04",
            "price": "21.75",
            "revenue": 128563
        },
        "2012-05": {
            "month": "2012-05",
            "price": "21.35",
            "revenue": 119588
        },
        "2012-06": {
            "month": "2012-06",
            "price": "20.28",
            "revenue": 128062
        },
        "2012-07": {
            "month": "2012-07",
            "price": "22.41",
            "revenue": 126297
        },
        "2012-08": {
            "month": "2012-08",
            "price": "22.68",
            "revenue": 132202
        },
        "2012-09": {
            "month": "2012-09",
            "price": "23.87",
            "revenue": 130050
        },
        "2012-10": {
            "month": "2012-10",
            "price": "20.83",
            "revenue": 125018
        },
        "2012-11": {
            "month": "2012-11",
            "price": "19.34",
            "revenue": 102949
        },
        "2012-12": {
            "month": "2012-12",
            "price": "19.42",
            "revenue": 88568
        },
        "2013-01": {
            "month": "2013-01",
            "price": "18.89",
            "revenue": 93786
        },
        "2013-02": {
            "month": "2013-02",
            "price": "18.68",
            "revenue": 76099
        },
        "2013-03": {
            "month": "2013-03",
            "price": "18.76",
            "revenue": 91999
        },
        "2013-04": {
            "month": "2013-04",
            "price": "18.46",
            "revenue": 102479
        },
        "2013-05": {
            "month": "2013-05",
            "price": "19.04",
            "revenue": 99305
        },
        "2013-06": {
            "month": "2013-06",
            "price": "18.62",
            "revenue": 110228
        },
        "2013-07": {
            "month": "2013-07",
            "price": "16.72",
            "revenue": 117317
        },
        "2013-08": {
            "month": "2013-08",
            "price": "15.17",
            "revenue": 126659
        },
        "2013-09": {
            "month": "2013-09",
            "price": "16.85",
            "revenue": 126670
        },
        "2013-10": {
            "month": "2013-10",
            "price": "20.07",
            "revenue": 172390
        },
        "2013-11": {
            "month": "2013-11",
            "price": "22.88",
            "revenue": 160592
        },
        "2013-12": {
            "month": "2013-12",
            "price": "23.29",
            "revenue": 160856
        },
        "2014-01": {
            "month": "2014-01",
            "price": "24.26",
            "revenue": 147465
        },
        "2014-02": {
            "month": "2014-02",
            "price": "23.47",
            "revenue": 139850
        },
        "2014-03": {
            "month": "2014-03",
            "price": "25.51",
            "revenue": 156978
        },
        "2014-04": {
            "month": "2014-04",
            "price": "31.53",
            "revenue": 167096
        },
        "2014-05": {
            "month": "2014-05",
            "price": "34.09",
            "revenue": 187587
        },
        "2014-06": {
            "month": "2014-06",
            "price": "45.84",
            "revenue": 182989
        },
        "2014-07": {
            "month": "2014-07",
            "price": "56.00",
            "revenue": 238077
        },
        "2014-08": {
            "month": "2014-08",
            "price": "59.49",
            "revenue": 231830
        },
        "2014-09": {
            "month": "2014-09",
            "price": "60.38",
            "revenue": 221725
        },
        "2014-10": {
            "month": "2014-10",
            "price": "50.99",
            "revenue": 222834
        },
        "2014-11": {
            "month": "2014-11",
            "price": "51.59",
            "revenue": 170303
        },
        "2014-12": {
            "month": "2014-12",
            "price": "58.67",
            "revenue": 133921
        },
        "2015-01": {
            "month": "2015-01",
            "price": "55.68",
            "revenue": 183020
        },
        "2015-02": {
            "month": "2015-02",
            "price": "57.14",
            "revenue": 147833
        },
        "2015-03": {
            "month": "2015-03",
            "price": "64.97",
            "revenue": 193031
        },
        "2015-04": {
            "month": "2015-04",
            "price": "70.00",
            "revenue": 187744
        },
        "2015-05": {
            "month": "2015-05",
            "price": "63.94",
            "revenue": 148228
        },
        "2015-06": {
            "month": "2015-06",
            "price": "52.11",
            "revenue": 133759
        },
        "2015-07": {
            "month": "2015-07",
            "price": "46.14",
            "revenue": 135414
        },
        "2015-08": {
            "month": "2015-08",
            "price": "33.80",
            "revenue": 132770
        },
        "2015-09": {
            "month": "2015-09",
            "price": "35.50",
            "revenue": 151949
        },
        "2015-10": {
            "month": "2015-10",
            "price": "39.07",
            "revenue": 150804
        },
        "2015-11": {
            "month": "2015-11",
            "price": "38.22",
            "revenue": 161667
        },
        "2015-12": {
            "month": "2015-12",
            "price": "45.29",
            "revenue": 158660
        },
        "2016-01": {
            "month": "2016-01",
            "price": "43.44",
            "revenue": 138363
        },
        "2016-02": {
            "month": "2016-02",
            "price": "42.47",
            "revenue": 116242
        },
        "2016-03": {
            "month": "2016-03",
            "price": "42.34",
            "revenue": 154335
        },
        "2016-04": {
            "month": "2016-04",
            "price": "39.19",
            "revenue": 144723
        },
        "2016-05": {
            "month": "2016-05",
            "price": "33.25",
            "revenue": 145911
        },
        "2016-06": {
            "month": "2016-06",
            "price": "34.52",
            "revenue": 140599
        },
        "2016-07": {
            "month": "2016-07",
            "price": "37.63",
            "revenue": 167191
        },
        "2016-08": {
            "month": "2016-08",
            "price": "42.25",
            "revenue": 163479
        },
        "2016-09": {
            "month": "2016-09",
            "price": "42.44",
            "revenue": 169621
        },
        "2016-10": {
            "month": "2016-10",
            "price": "39.72",
            "revenue": 144647
        },
        "2016-11": {
            "month": "2016-11",
            "price": "37.74",
            "revenue": 135980
        },
        "2016-12": {
            "month": "2016-12",
            "price": "39.67",
            "revenue": 137267
        },
        "2017-01": {
            "month": "2017-01",
            "price": "40.07",
            "revenue": 121677
        },
        "2017-02": {
            "month": "2017-02",
            "price": "41.34",
            "revenue": 109020
        },
        "2017-03": {
            "month": "2017-03",
            "price": "42.63",
            "revenue": 157295
        },
        "2017-04": {
            "month": "2017-04",
            "price": "40.94",
            "revenue": 143180
        },
        "2017-05": {
            "month": "2017-05",
            "price": "38.73",
            "revenue": 153738
        },
        "2017-06": {
            "month": "2017-06",
            "price": "39.07",
            "revenue": 142594
        },
        "2017-07": {
            "month": "2017-07",
            "price": "39.26",
            "revenue": 155492
        },
        "2017-08": {
            "month": "2017-08",
            "price": "34.24",
            "revenue": 158804
        },
        "2017-09": {
            "month": "2017-09",
            "price": "34.90",
            "revenue": 176556
        },
        "2017-10": {
            "month": "2017-10",
            "price": "39.58",
            "revenue": 142742
        },
        "2017-11": {
            "month": "2017-11",
            "price": "39.90",
            "revenue": 165436
        },
        "2017-12": {
            "month": "2017-12",
            "price": "36.45",
            "revenue": 160612
        },
        "2018-01": {
            "month": "2018-01",
            "price": "37.46",
            "revenue": 168539
        },
        "2018-02": {
            "month": "2018-02",
            "price": "34.97",
            "revenue": 111166
        },
        "2018-03": {
            "month": "2018-03",
            "price": "34.27",
            "revenue": 157055
        },
        "2018-04": {
            "month": "2018-04",
            "price": "31.34",
            "revenue": 139927
        },
        "2018-05": {
            "month": "2018-05",
            "price": "30.72",
            "revenue": 157629
        },
        "2018-06": {
            "month": "2018-06",
            "price": "32.92",
            "revenue": 198584
        },
        "2018-07": {
            "month": "2018-07",
            "price": "34.74",
            "revenue": 176073
        },
        "2018-08": {
            "month": "2018-08",
            "price": "36.00",
            "revenue": 170100
        },
        "2018-09": {
            "month": "2018-09",
            "price": "31.40",
            "revenue": 160554
        },
        "2018-10": {
            "month": "2018-10",
            "price": "27.06",
            "revenue": 160421
        },
        "2018-11": {
            "month": "2018-11",
            "price": "28.45",
            "revenue": 156591
        },
        "2018-12": {
            "month": "2018-12",
            "price": "30.84",
            "revenue": 128895
        },
        "2019-01": {
            "month": "2019-01",
            "price": "32.95",
            "revenue": 173806
        },
        "2019-02": {
            "month": "2019-02",
            "price": "35.66",
            "revenue": 107569
        },
        "2019-03": {
            "month": "2019-03",
            "price": "35.20",
            "revenue": 123330
        },
        "2019-04": {
            "month": "2019-04",
            "price": "36.04",
            "revenue": 147644
        },
        "2019-05": {
            "month": "2019-05",
            "price": "34.82",
            "revenue": 155028
        },
        "2019-06": {
            "month": "2019-06",
            "price": "32.78",
            "revenue": 162996
        },
        "2019-07": {
            "month": "2019-07",
            "price": "33.38",
            "revenue": 166106
        },
        "2019-08": {
            "month": "2019-08",
            "price": "31.02",
            "revenue": 185073
        },
        "2019-09": {
            "month": "2019-09",
            "price": "32.94",
            "revenue": 198272
        },
        "2019-10": {
            "month": "2019-10",
            "price": "34.40",
            "revenue": 176693
        },
        "2019-11": {
            "month": "2019-11",
            "price": "34.11",
            "revenue": 186902
        },
        "2019-12": {
            "month": "2019-12",
            "price": "35.04",
            "revenue": 175122
        },
        "2020-01": {
            "month": "2020-01",
            "price": "35.25",
            "revenue": 158148
        },
        "2020-02": {
            "month": "2020-02",
            "price": "32.34",
            "revenue": 167473
        },
        "2020-03": {
            "month": "2020-03",
            "price": "28.88",
            "revenue": 213491
        },
        "2020-04": {
            "month": "2020-04",
            "price": "30.96",
            "revenue": 236132
        },
        "2020-05": {
            "month": "2020-05",
            "price": "40.62",
            "revenue": 232910
        },
        "2020-06": {
            "month": "2020-06",
            "price": "51.69",
            "revenue": 244072
        },
        "2020-07": {
            "month": "2020-07",
            "price": "73.57",
            "revenue": 223134
        },
        "2020-08": {
            "month": "2020-08",
            "price": "70.49",
            "revenue": 233790
        },
        "2020-09": {
            "month": "2020-09",
            "price": "72.53",
            "revenue": 227511
        },
        "2020-10": {
            "month": "2020-10",
            "price": "70.74",
            "revenue": 219460
        },
        "2020-11": {
            "month": "2020-11",
            "price": "72.03",
            "revenue": 219490
        },
        "2020-12": {
            "month": "2020-12",
            "price": "73.23",
            "revenue": 200158
        },
        "2021-01": {
            "month": "2021-01",
            "price": "70.74",
            "revenue": 192738
        },
        "2021-02": {
            "month": "2021-02",
            "price": "68.29",
            "revenue": 148765
        },
        "2021-03": {
            "month": "2021-03",
            "price": "69.46",
            "revenue": 239534
        },
        "2021-04": {
            "month": "2021-04",
            "price": "73.92",
            "revenue": 257489
        },
        "2021-05": {
            "month": "2021-05",
            "price": "60.00",
            "revenue": 234516
        },
        "2021-06": {
            "month": "2021-06",
            "price": "62.50",
            "revenue": 258214
        },
        "2021-07": {
            "month": "2021-07",
            "price": "97.48",
            "revenue": 269573
        },
        "2021-08": {
            "month": "2021-08",
            "price": "117.78",
            "revenue": 279985
        },
        "2021-09": {
            "month": "2021-09",
            "price": "145.60",
            "revenue": 321129
        },
        "2021-10": {
            "month": "2021-10",
            "price": "130.35",
            "revenue": 321787
        },
        "2021-11": {
            "month": "2021-11",
            "price": "168.36",
            "revenue": 339385
        },
        "2021-12": {
            "month": "2021-12",
            "price": "194.14",
            "revenue": 380575
        },
        "2022-01": {
            "month": "2022-01",
            "price": "196.31",
            "revenue": 431092
        },
        "2022-02": {
            "month": "2022-02",
            "price": "240.53",
            "revenue": 387227
        },
        "2022-03": {
            "month": "2022-03",
            "price": "286.43",
            "revenue": 421196
        },
        "2022-04": {
            "month": "2022-04",
            "price": "236.16",
            "revenue": 333121
        },
        "2022-05": {
            "month": "2022-05",
            "price": "200.60",
            "revenue": 287973
        },
        "2022-06": {
            "month": "2022-06",
            "price": "182.83",
            "revenue": 241191
        },
        "2022-07": {
            "month": "2022-07",
            "price": "131.90",
            "revenue": 209865
        },
        "2022-08": {
            "month": "2022-08",
            "price": "122.33",
            "revenue": 174867
        },
        "2022-09": {
            "month": "2022-09",
            "price": "100.74",
            "revenue": 185978
        },
        "2022-10": {
            "month": "2022-10",
            "price": "85.22",
            "revenue": 183613
        },
        "2022-11": {
            "month": "2022-11",
            "price": "92.53",
            "revenue": 181924
        },
        "2022-12": {
            "month": "2022-12",
            "price": "96.61",
            "revenue": 212217
        },
        "2023-01": {
            "month": "2023-01",
            "price": "97.45",
            "revenue": 138826
        },
        "2023-02": {
            "month": "2023-02",
            "price": "118.39",
            "revenue": 179866
        },
        "2023-03": {
            "month": "2023-03",
            "price": "123.59",
            "revenue": 216884
        },
        "2023-04": {
            "month": "2023-04",
            "price": "117.41",
            "revenue": 214705
        },
        "2023-05": {
            "month": "2023-05",
            "price": "109.11",
            "revenue": 205669
        },
        "2023-06": {
            "month": "2023-06",
            "price": "114.50",
            "revenue": 205202
        },
        "2023-07": {
            "month": "2023-07",
            "price": "111.90",
            "revenue": 208857
        },
        "2023-08": {
            "month": "2023-08",
            "price": "102.69",
            "revenue": 202326
        }
    }
}
