{
    "summary": {
        "stock_name": "瑞傳",
        "stock_id": "6105",
        "category": "電腦及週邊設備",
        "main_business": "電腦及其週邊設備製造業。<br>資訊軟體服務業。<br>除許可業務外，得經營法令非禁止或限制之業務。",
        "website_url": "",
        "ceo": "官志凱",
        "pe_ratio": 80,
        "report_year_from": 2001,
        "report_year_to": 2017,
        "age": 23,
        "eps_negative_percentage": 0,
        "eps_growth_avg": {
            "last_all": -2.87,
            "last_2y": -55.37,
            "last_4y": -19.95,
            "last_8y": -11.55,
            "last_12y": -10.83,
            "last_16y": null,
            "last_20y": null,
            "at_2006_last_3y": 37.44,
            "at_2007_last_3y": 14.03,
            "at_2008_last_3y": -9.19,
            "at_2009_last_3y": -15.06,
            "at_2010_last_3y": -20.01,
            "at_2011_last_3y": -8.69,
            "at_2012_last_3y": -1.06,
            "at_2013_last_3y": -3.31,
            "at_2014_last_3y": 19.67,
            "at_2015_last_3y": 6.53,
            "at_2016_last_3y": -2.13,
            "at_2017_last_3y": -16.52,
            "at_2018_last_3y": -16.52,
            "at_2019_last_3y": -16.52,
            "at_2020_last_3y": -16.52,
            "at_2021_last_3y": -16.52,
            "at_2022_last_3y": -16.52,
            "at_2023_last_3y": -16.52,
            "at_2024_last_3y": -16.52,
            "at_2006_last_all": 24.33,
            "at_2007_last_all": 14.87,
            "at_2008_last_all": 8.31,
            "at_2009_last_all": 4.19,
            "at_2010_last_all": 4.62,
            "at_2011_last_all": 5.45,
            "at_2012_last_all": 4.9,
            "at_2013_last_all": 1.69,
            "at_2014_last_all": 9.25,
            "at_2015_last_all": 5.76,
            "at_2016_last_all": 3.03,
            "at_2017_last_all": -2.87,
            "at_2018_last_all": -2.87,
            "at_2019_last_all": -2.87,
            "at_2020_last_all": -2.87,
            "at_2021_last_all": -2.87,
            "at_2022_last_all": -2.87,
            "at_2023_last_all": -2.87,
            "at_2024_last_all": -2.87
        },
        "latest_eps": 0.62,
        "latest_price": 49.75,
        "latest_roe": 1.41,
        "latest_gross_margin": 25.11,
        "latest_equity": 4357534,
        "latest_revenue": 1277136,
        "latest_gross_profit": 320744,
        "latest_net_income": 60572,
        "latest_debt_ratio": 33.25,
        "latest_current_ratio": 237.07,
        "latest_account_receivable_turnover_ratio": 1.78,
        "latest_inventory_turnover_ratio": 0.96,
        "latest_reinvestment_rate": 62.56,
        "latest_research_to_sale_ratio": 5.25
    },
    "eps_dividends": {
        "1999": {
            "cash": 0,
            "stock": 2.5,
            "eps": 0
        },
        "2000": {
            "cash": 0,
            "stock": 1.1,
            "eps": 0
        },
        "2001": {
            "cash": 0,
            "stock": 0,
            "eps": 3.27
        },
        "2002": {
            "cash": 0.5,
            "stock": 1.8,
            "eps": 2.35
        },
        "2003": {
            "cash": 0.49,
            "stock": 0.82,
            "eps": 3.79
        },
        "2004": {
            "cash": 2,
            "stock": 1.2,
            "eps": 6.13
        },
        "2005": {
            "cash": 4.2,
            "stock": 0.5,
            "eps": 6.06
        },
        "2006": {
            "cash": 3.52,
            "stock": 0.5,
            "eps": 7.75
        },
        "2007": {
            "cash": 3,
            "stock": 1.2,
            "eps": 5.24
        },
        "2008": {
            "cash": 3,
            "stock": 0.6,
            "eps": 3.61
        },
        "2009": {
            "cash": 1,
            "stock": 0.2,
            "eps": 2.72
        },
        "2010": {
            "cash": 2,
            "stock": 0,
            "eps": 2.94
        },
        "2011": {
            "cash": 1,
            "stock": 0,
            "eps": 3.32
        },
        "2012": {
            "cash": 2,
            "stock": 0,
            "eps": 3.3
        },
        "2013": {
            "cash": 2,
            "stock": 0,
            "eps": 2.19
        },
        "2014": {
            "cash": 2,
            "stock": 0,
            "eps": 7.29
        },
        "2015": {
            "cash": 3.5,
            "stock": 0,
            "eps": 4.4
        },
        "2016": {
            "cash": 3,
            "stock": 0,
            "eps": 2.85
        },
        "2017": {
            "cash": 2.96,
            "stock": 0,
            "eps": 0.25
        }
    },
    "dividends": {
        "1999-06-25": {
            "cash": 0,
            "stock": 2.5
        },
        "2000-06-16": {
            "cash": 0,
            "stock": 1.1
        },
        "2002-06-18": {
            "cash": 0.5,
            "stock": 1.8
        },
        "2003-07-31": {
            "cash": 0.49,
            "stock": 0.82
        },
        "2004-02-20": {
            "cash": 2,
            "stock": 1.2
        },
        "2005-06-14": {
            "cash": 4.2,
            "stock": 0.5
        },
        "2006-04-16": {
            "cash": 3.52,
            "stock": 0.5
        },
        "2007-03-12": {
            "cash": 3,
            "stock": 1.2
        },
        "2008-03-24": {
            "cash": 3,
            "stock": 0.6
        },
        "2009-04-29": {
            "cash": 1,
            "stock": 0.2
        },
        "2010-03-24": {
            "cash": 2,
            "stock": 0
        },
        "2011-05-04": {
            "cash": 1,
            "stock": 0
        },
        "2012-07-31": {
            "cash": 2,
            "stock": 0
        },
        "2013-07-31": {
            "cash": 2,
            "stock": 0
        },
        "2014-07-31": {
            "cash": 2,
            "stock": 0
        },
        "2015-03-18": {
            "cash": 3.5,
            "stock": 0
        },
        "2016-03-25": {
            "cash": 3,
            "stock": 0
        },
        "2017-03-21": {
            "cash": 2.96,
            "stock": 0
        }
    },
    "prices": {
        "200101": "無",
        "200102": "無",
        "200103": "無",
        "200104": "71.81",
        "200105": "57.75",
        "200106": "59.76",
        "200107": "53.49",
        "200108": "46.74",
        "200109": "34.81",
        "200110": "32.26",
        "200111": "35.49",
        "200112": "43.48",
        "200201": "42.95",
        "200202": "40.91",
        "200203": "41.57",
        "200204": "41.95",
        "200205": "38.76",
        "200206": "36.86",
        "200207": "30.07",
        "200208": "26.66",
        "200209": "23.24",
        "200210": "19.45",
        "200211": "20.37",
        "200212": "19.38",
        "200301": "19.59",
        "200302": "18.84",
        "200303": "19.41",
        "200304": "22.01",
        "200305": "30.37",
        "200306": "35.87",
        "200307": "34.81",
        "200308": "31.23",
        "200309": "30.79",
        "200310": "31.72",
        "200311": "33.42",
        "200312": "37.01",
        "200401": "40.71",
        "200402": "49.16",
        "200403": "54.65",
        "200404": "62.73",
        "200405": "52.67",
        "200406": "47.73",
        "200407": "40.60",
        "200408": "41.08",
        "200409": "46.90",
        "200410": "39.91",
        "200411": "40.23",
        "200412": "41.16",
        "200501": "40.25",
        "200502": "43.94",
        "200503": "48.57",
        "200504": "47.55",
        "200505": "44.58",
        "200506": "43.81",
        "200507": "46.79",
        "200508": "42.73",
        "200509": "40.45",
        "200510": "41.78",
        "200511": "45.14",
        "200512": "49.26",
        "200601": "51.24",
        "200602": "51.54",
        "200603": "56.04",
        "200604": "60.00",
        "200605": "61.08",
        "200606": "54.99",
        "200607": "59.48",
        "200608": "56.92",
        "200609": "55.29",
        "200610": "58.14",
        "200611": "58.69",
        "200612": "62.77",
        "200701": "72.77",
        "200702": "83.08",
        "200703": "84.17",
        "200704": "84.68",
        "200705": "79.73",
        "200706": "89.86",
        "200707": "106.63",
        "200708": "82.24",
        "200709": "80.55",
        "200710": "76.19",
        "200711": "64.78",
        "200712": "60.23",
        "200801": "54.83",
        "200802": "51.95",
        "200803": "51.02",
        "200804": "56.49",
        "200805": "54.69",
        "200806": "46.29",
        "200807": "39.64",
        "200808": "36.67",
        "200809": "31.65",
        "200810": "22.81",
        "200811": "18.80",
        "200812": "18.88",
        "200901": "22.20",
        "200902": "27.12",
        "200903": "27.48",
        "200904": "30.02",
        "200905": "30.29",
        "200906": "30.22",
        "200907": "30.22",
        "200908": "27.37",
        "200909": "28.66",
        "200910": "29.89",
        "200911": "31.32",
        "200912": "34.17",
        "201001": "33.00",
        "201002": "29.51",
        "201003": "31.29",
        "201004": "35.42",
        "201005": "36.10",
        "201006": "35.80",
        "201007": "34.85",
        "201008": "35.02",
        "201009": "31.94",
        "201010": "31.63",
        "201011": "29.57",
        "201012": "31.06",
        "201101": "30.50",
        "201102": "29.82",
        "201103": "29.32",
        "201104": "28.51",
        "201105": "26.94",
        "201106": "26.37",
        "201107": "24.79",
        "201108": "23.04",
        "201109": "23.82",
        "201110": "24.31",
        "201111": "27.02",
        "201112": "26.38",
        "201201": "25.58",
        "201202": "27.94",
        "201203": "27.94",
        "201204": "27.20",
        "201205": "29.04",
        "201206": "28.81",
        "201207": "31.04",
        "201208": "33.15",
        "201209": "32.02",
        "201210": "29.70",
        "201211": "28.75",
        "201212": "28.36",
        "201301": "28.68",
        "201302": "29.10",
        "201303": "29.33",
        "201304": "30.34",
        "201305": "29.50",
        "201306": "28.83",
        "201307": "29.38",
        "201308": "28.91",
        "201309": "26.70",
        "201310": "27.31",
        "201311": "27.07",
        "201312": "27.59",
        "201401": "30.53",
        "201402": "33.03",
        "201403": "33.59",
        "201404": "33.25",
        "201405": "33.13",
        "201406": "34.06",
        "201407": "34.37",
        "201408": "38.26",
        "201409": "41.70",
        "201410": "44.43",
        "201411": "44.65",
        "201412": "53.44",
        "201501": "58.52",
        "201502": "54.25",
        "201503": "55.86",
        "201504": "56.22",
        "201505": "51.84",
        "201506": "51.68",
        "201507": "43.07",
        "201508": "37.01",
        "201509": "42.33",
        "201510": "42.71",
        "201511": "42.69",
        "201512": "42.02",
        "201601": "41.86",
        "201602": "42.88",
        "201603": "43.95",
        "201604": "46.82",
        "201605": "47.88",
        "201606": "49.63",
        "201607": "52.48",
        "201608": "50.86",
        "201609": "45.44",
        "201610": "43.34",
        "201611": "39.22",
        "201612": "39.31",
        "201701": "39.36",
        "201702": "39.78",
        "201703": "39.60",
        "201704": "38.38",
        "201705": "37.88",
        "201706": "40.67",
        "201707": "47.14",
        "201708": "49.16",
        "201709": "49.62",
        "201710": "49.75",
        "201711": "無",
        "201712": "無",
        "201801": "無",
        "201802": "無",
        "201803": "無",
        "201804": "無",
        "201805": "無",
        "201806": "無",
        "201807": "無",
        "201808": "無",
        "201809": "無",
        "201810": "無",
        "201811": "無",
        "201812": "無",
        "201901": "無",
        "201902": "無",
        "201903": "無",
        "201904": "無",
        "201905": "無",
        "201906": "無",
        "201907": "無",
        "201908": "無",
        "201909": "無",
        "201910": "無",
        "201911": "無",
        "201912": "無",
        "202001": "無",
        "202002": "無",
        "202003": "無",
        "202004": "無",
        "202005": "無",
        "202006": "無",
        "202007": "無",
        "202008": "無",
        "202009": "無",
        "202010": "無",
        "202011": "無",
        "202012": "無",
        "202101": "無",
        "202102": "無",
        "202103": "無",
        "202104": "無",
        "202105": "無",
        "202106": "無",
        "202107": "無",
        "202108": "無",
        "202109": "無",
        "202110": "無",
        "202111": "無",
        "202112": "無",
        "202201": "無",
        "202202": "無",
        "202203": "無",
        "202204": "無",
        "202205": "無",
        "202206": "無",
        "202207": "無",
        "202208": "無",
        "202209": "無",
        "202210": "無",
        "202211": "無",
        "202212": "無",
        "202301": "無",
        "202302": "無",
        "202303": "無",
        "202304": "無",
        "202305": "無",
        "202306": "無",
        "202307": "無",
        "202308": "無",
        "202309": "無",
        "202310": "無",
        "202311": "無",
        "202312": "無",
        "202401": "無",
        "202402": "無",
        "202403": "無",
        "202404": "無"
    },
    "quarters": {
        "20011": {
            "year_quarter": 20011,
            "year": 2001,
            "quarter": 1,
            "eps": 0.59,
            "eps_growth_year": -14.49,
            "eps_4q": 3.8,
            "eps_4q_growth_year": null,
            "roe": 3.96,
            "roe_4q": 3.96,
            "gross_profit": 74232,
            "gross_margin": 35.41,
            "gross_margin_4q_avg": 35.41,
            "net_income": 16287,
            "net_income_4q": null,
            "revenue": 209657,
            "revenue_4q": null,
            "common_shares": 274136,
            "book_valuer_per_share": 15.07,
            "book_valuer_per_share_4q_avg": 15.07,
            "equity": 413133,
            "current_ratio": 236.43,
            "debt_ratio": 32.81,
            "inventory_turnover_ratio": 0.66,
            "account_receivable_turnover_ratio": null,
            "reinvestment_rate": null,
            "research_to_sale_ratio": null,
            "price_fair": 0,
            "eps_avg_yearly": 0,
            "eps_latest_yearly": 0,
            "eps_growth_yearly": 0
        },
        "20012": {
            "year_quarter": 20012,
            "year": 2001,
            "quarter": 2,
            "eps": 1.28,
            "eps_growth_year": 13.27,
            "eps_4q": 3.45,
            "eps_4q_growth_year": null,
            "roe": 10.59,
            "roe_4q": 14.55,
            "gross_profit": 81376,
            "gross_margin": 33.68,
            "gross_margin_4q_avg": 34.55,
            "net_income": 45720,
            "net_income_4q": null,
            "revenue": 241580,
            "revenue_4q": null,
            "common_shares": 356900,
            "book_valuer_per_share": 12.61,
            "book_valuer_per_share_4q_avg": 13.84,
            "equity": 449931,
            "current_ratio": 221.78,
            "debt_ratio": 31.13,
            "inventory_turnover_ratio": 0.98,
            "account_receivable_turnover_ratio": null,
            "reinvestment_rate": null,
            "research_to_sale_ratio": null,
            "price_fair": 0,
            "eps_avg_yearly": 0,
            "eps_latest_yearly": 0,
            "eps_growth_yearly": 0
        },
        "20013": {
            "year_quarter": 20013,
            "year": 2001,
            "quarter": 3,
            "eps": 0.82,
            "eps_growth_year": -48.1,
            "eps_4q": 3.18,
            "eps_4q_growth_year": null,
            "roe": 6.31,
            "roe_4q": 20.86,
            "gross_profit": 70051,
            "gross_margin": 33.72,
            "gross_margin_4q_avg": 34.27,
            "net_income": 29330,
            "net_income_4q": null,
            "revenue": 207740,
            "revenue_4q": null,
            "common_shares": 356900,
            "book_valuer_per_share": 13.45,
            "book_valuer_per_share_4q_avg": 13.71,
            "equity": 479915,
            "current_ratio": 295.17,
            "debt_ratio": 23.72,
            "inventory_turnover_ratio": 0.83,
            "account_receivable_turnover_ratio": null,
            "reinvestment_rate": null,
            "research_to_sale_ratio": null,
            "price_fair": 0,
            "eps_avg_yearly": 0,
            "eps_latest_yearly": 0,
            "eps_growth_yearly": 0
        },
        "20014": {
            "year_quarter": 20014,
            "year": 2001,
            "quarter": 4,
            "eps": 0.58,
            "eps_growth_year": -29.27,
            "eps_4q": 3.12,
            "eps_4q_growth_year": -18.78,
            "roe": 4.25,
            "roe_4q": 25.11,
            "gross_profit": 50172,
            "gross_margin": 28.52,
            "gross_margin_4q_avg": 32.83,
            "net_income": 20835,
            "net_income_4q": null,
            "revenue": 175943,
            "revenue_4q": null,
            "common_shares": 356900,
            "book_valuer_per_share": 14.04,
            "book_valuer_per_share_4q_avg": 13.79,
            "equity": 501208,
            "current_ratio": 316.37,
            "debt_ratio": 24.21,
            "inventory_turnover_ratio": 0.66,
            "account_receivable_turnover_ratio": null,
            "reinvestment_rate": null,
            "research_to_sale_ratio": null,
            "price_fair": 0,
            "eps_avg_yearly": 0,
            "eps_latest_yearly": 0,
            "eps_growth_yearly": 0
        },
        "20021": {
            "year_quarter": 20021,
            "year": 2002,
            "quarter": 1,
            "eps": 0.81,
            "eps_growth_year": 37.29,
            "eps_4q": 3.48,
            "eps_4q_growth_year": -8.46,
            "roe": 5.64,
            "roe_4q": 26.79,
            "gross_profit": 68823,
            "gross_margin": 33.79,
            "gross_margin_4q_avg": 32.43,
            "net_income": 29084,
            "net_income_4q": null,
            "revenue": 203702,
            "revenue_4q": null,
            "common_shares": 356900,
            "book_valuer_per_share": 14.86,
            "book_valuer_per_share_4q_avg": 13.74,
            "equity": 530347,
            "current_ratio": 253.96,
            "debt_ratio": 26.16,
            "inventory_turnover_ratio": 0.71,
            "account_receivable_turnover_ratio": null,
            "reinvestment_rate": null,
            "research_to_sale_ratio": null,
            "price_fair": 113.4,
            "eps_avg_yearly": 3.24,
            "eps_latest_yearly": 3.24,
            "eps_growth_yearly": 158.62
        },
        "20022": {
            "year_quarter": 20022,
            "year": 2002,
            "quarter": 2,
            "eps": 0.55,
            "eps_growth_year": -57.03,
            "eps_4q": 2.38,
            "eps_4q_growth_year": -30.89,
            "roe": 4.48,
            "roe_4q": 20.68,
            "gross_profit": 67943,
            "gross_margin": 32.17,
            "gross_margin_4q_avg": 32.05,
            "net_income": 23791,
            "net_income_4q": null,
            "revenue": 211231,
            "revenue_4q": null,
            "common_shares": 356900,
            "book_valuer_per_share": 14.88,
            "book_valuer_per_share_4q_avg": 14.31,
            "equity": 531017,
            "current_ratio": 520.89,
            "debt_ratio": 47.59,
            "inventory_turnover_ratio": 0.82,
            "account_receivable_turnover_ratio": null,
            "reinvestment_rate": null,
            "research_to_sale_ratio": null,
            "price_fair": 68.31,
            "eps_avg_yearly": 2.72,
            "eps_latest_yearly": 2.2,
            "eps_growth_yearly": 15.11
        },
        "20023": {
            "year_quarter": 20023,
            "year": 2002,
            "quarter": 3,
            "eps": 0.36,
            "eps_growth_year": -56.1,
            "eps_4q": 2.07,
            "eps_4q_growth_year": -34.97,
            "roe": 2.88,
            "roe_4q": 17.25,
            "gross_profit": 57670,
            "gross_margin": 31.52,
            "gross_margin_4q_avg": 31.5,
            "net_income": 15523,
            "net_income_4q": null,
            "revenue": 182965,
            "revenue_4q": null,
            "common_shares": 436286,
            "book_valuer_per_share": 12.57,
            "book_valuer_per_share_4q_avg": 14.09,
            "equity": 548468,
            "current_ratio": 695.89,
            "debt_ratio": 44.45,
            "inventory_turnover_ratio": 0.72,
            "account_receivable_turnover_ratio": null,
            "reinvestment_rate": null,
            "research_to_sale_ratio": null,
            "price_fair": 6.88,
            "eps_avg_yearly": 2.29,
            "eps_latest_yearly": 1.44,
            "eps_growth_yearly": -35.99
        },
        "20024": {
            "year_quarter": 20024,
            "year": 2002,
            "quarter": 4,
            "eps": 0.63,
            "eps_growth_year": 8.62,
            "eps_4q": 2.19,
            "eps_4q_growth_year": -29.87,
            "roe": 4.91,
            "roe_4q": 17.91,
            "gross_profit": 72459,
            "gross_margin": 33.26,
            "gross_margin_4q_avg": 32.69,
            "net_income": 27622,
            "net_income_4q": null,
            "revenue": 217853,
            "revenue_4q": null,
            "common_shares": 436285,
            "book_valuer_per_share": 13.2,
            "book_valuer_per_share_4q_avg": 13.88,
            "equity": 576102,
            "current_ratio": 525.74,
            "debt_ratio": 43.49,
            "inventory_turnover_ratio": 0.82,
            "account_receivable_turnover_ratio": null,
            "reinvestment_rate": null,
            "research_to_sale_ratio": null,
            "price_fair": 82.25,
            "eps_avg_yearly": 2.35,
            "eps_latest_yearly": 2.52,
            "eps_growth_yearly": 48.01
        },
        "20031": {
            "year_quarter": 20031,
            "year": 2003,
            "quarter": 1,
            "eps": 0.65,
            "eps_growth_year": -19.75,
            "eps_4q": 2.18,
            "eps_4q_growth_year": -37.4,
            "roe": 4.82,
            "roe_4q": 17.09,
            "gross_profit": 80606,
            "gross_margin": 36.46,
            "gross_margin_4q_avg": 33.35,
            "net_income": 28463,
            "net_income_4q": null,
            "revenue": 221094,
            "revenue_4q": null,
            "common_shares": 436286,
            "book_valuer_per_share": 13.86,
            "book_valuer_per_share_4q_avg": 13.63,
            "equity": 604483,
            "current_ratio": 343.54,
            "debt_ratio": 44.72,
            "inventory_turnover_ratio": 0.81,
            "account_receivable_turnover_ratio": null,
            "reinvestment_rate": null,
            "research_to_sale_ratio": null,
            "price_fair": 84,
            "eps_avg_yearly": 2.4,
            "eps_latest_yearly": 2.6,
            "eps_growth_yearly": 40.95
        },
        "20032": {
            "year_quarter": 20032,
            "year": 2003,
            "quarter": 2,
            "eps": 0.99,
            "eps_growth_year": 80,
            "eps_4q": 2.64,
            "eps_4q_growth_year": 10.74,
            "roe": 6.36,
            "roe_4q": 18.97,
            "gross_profit": 102214,
            "gross_margin": 37.69,
            "gross_margin_4q_avg": 34.73,
            "net_income": 43022,
            "net_income_4q": null,
            "revenue": 271214,
            "revenue_4q": null,
            "common_shares": 484720,
            "book_valuer_per_share": 15.46,
            "book_valuer_per_share_4q_avg": 13.77,
            "equity": 749473,
            "current_ratio": 293.79,
            "debt_ratio": 35.34,
            "inventory_turnover_ratio": 0.96,
            "account_receivable_turnover_ratio": null,
            "reinvestment_rate": null,
            "research_to_sale_ratio": null,
            "price_fair": 93.1,
            "eps_avg_yearly": 2.66,
            "eps_latest_yearly": 3.96,
            "eps_growth_yearly": 69
        },
        "20033": {
            "year_quarter": 20033,
            "year": 2003,
            "quarter": 3,
            "eps": 1.08,
            "eps_growth_year": 200,
            "eps_4q": 2.98,
            "eps_4q_growth_year": 44.05,
            "roe": 6.57,
            "roe_4q": 22.66,
            "gross_profit": 106133,
            "gross_margin": 38.88,
            "gross_margin_4q_avg": 36.57,
            "net_income": 56305,
            "net_income_4q": null,
            "revenue": 272994,
            "revenue_4q": null,
            "common_shares": 597130,
            "book_valuer_per_share": 16.17,
            "book_valuer_per_share_4q_avg": 14.67,
            "equity": 965797,
            "current_ratio": 354.05,
            "debt_ratio": 18.75,
            "inventory_turnover_ratio": 0.84,
            "account_receivable_turnover_ratio": null,
            "reinvestment_rate": null,
            "research_to_sale_ratio": null,
            "price_fair": 101.4,
            "eps_avg_yearly": 2.9,
            "eps_latest_yearly": 4.32,
            "eps_growth_yearly": 64.33
        },
        "20034": {
            "year_quarter": 20034,
            "year": 2003,
            "quarter": 4,
            "eps": 1.07,
            "eps_growth_year": 69.84,
            "eps_4q": 3.44,
            "eps_4q_growth_year": 57.2,
            "roe": 5.73,
            "roe_4q": 23.48,
            "gross_profit": 126682,
            "gross_margin": 37.47,
            "gross_margin_4q_avg": 37.63,
            "net_income": 57631,
            "net_income_4q": null,
            "revenue": 338068,
            "revenue_4q": null,
            "common_shares": 604703,
            "book_valuer_per_share": 17.27,
            "book_valuer_per_share_4q_avg": 15.69,
            "equity": 1044524,
            "current_ratio": 355.18,
            "debt_ratio": 18.08,
            "inventory_turnover_ratio": 0.93,
            "account_receivable_turnover_ratio": null,
            "reinvestment_rate": 70.85,
            "research_to_sale_ratio": null,
            "price_fair": 107.45,
            "eps_avg_yearly": 3.07,
            "eps_latest_yearly": 4.28,
            "eps_growth_yearly": 55.83
        },
        "20041": {
            "year_quarter": 20041,
            "year": 2004,
            "quarter": 1,
            "eps": 1.49,
            "eps_growth_year": 129.23,
            "eps_4q": 4.09,
            "eps_4q_growth_year": 87.58,
            "roe": 8.28,
            "roe_4q": 26.939999999999998,
            "gross_profit": 165374,
            "gross_margin": 39.08,
            "gross_margin_4q_avg": 38.28,
            "net_income": 90063,
            "net_income_4q": null,
            "revenue": 423123,
            "revenue_4q": null,
            "common_shares": 604703,
            "book_valuer_per_share": 18.72,
            "book_valuer_per_share_4q_avg": 16.91,
            "equity": 1131779,
            "current_ratio": 262.31,
            "debt_ratio": 23.7,
            "inventory_turnover_ratio": 0.92,
            "account_receivable_turnover_ratio": null,
            "reinvestment_rate": 72.81,
            "research_to_sale_ratio": null,
            "price_fair": 118.69,
            "eps_avg_yearly": 3.39,
            "eps_latest_yearly": 5.96,
            "eps_growth_yearly": 67.07
        },
        "20042": {
            "year_quarter": 20042,
            "year": 2004,
            "quarter": 2,
            "eps": 1.46,
            "eps_growth_year": 47.47,
            "eps_4q": 4.42,
            "eps_4q_growth_year": 67.67,
            "roe": 8.99,
            "roe_4q": 29.57,
            "gross_profit": 181787,
            "gross_margin": 34.74,
            "gross_margin_4q_avg": 37.54,
            "net_income": 100528,
            "net_income_4q": null,
            "revenue": 523319,
            "revenue_4q": null,
            "common_shares": 604703,
            "book_valuer_per_share": 18.28,
            "book_valuer_per_share_4q_avg": 17.61,
            "equity": 1105506,
            "current_ratio": 194.58,
            "debt_ratio": 33.26,
            "inventory_turnover_ratio": 1.06,
            "account_receivable_turnover_ratio": null,
            "reinvestment_rate": 64.33,
            "research_to_sale_ratio": null,
            "price_fair": 127.26,
            "eps_avg_yearly": 3.64,
            "eps_latest_yearly": 5.84,
            "eps_growth_yearly": 59.56
        },
        "20043": {
            "year_quarter": 20043,
            "year": 2004,
            "quarter": 3,
            "eps": 1.5,
            "eps_growth_year": 38.89,
            "eps_4q": 5.1,
            "eps_4q_growth_year": 71.18,
            "roe": 8.93,
            "roe_4q": 31.930000000000003,
            "gross_profit": 161687,
            "gross_margin": 34.07,
            "gross_margin_4q_avg": 36.34,
            "net_income": 103344,
            "net_income_4q": null,
            "revenue": 474573,
            "revenue_4q": null,
            "common_shares": 687780,
            "book_valuer_per_share": 17.58,
            "book_valuer_per_share_4q_avg": 17.96,
            "equity": 1209071,
            "current_ratio": 270.77,
            "debt_ratio": 23.65,
            "inventory_turnover_ratio": 1.04,
            "account_receivable_turnover_ratio": null,
            "reinvestment_rate": 58,
            "research_to_sale_ratio": null,
            "price_fair": 134.78,
            "eps_avg_yearly": 3.85,
            "eps_latest_yearly": 6,
            "eps_growth_yearly": 55.14
        },
        "20044": {
            "year_quarter": 20044,
            "year": 2004,
            "quarter": 4,
            "eps": 1.68,
            "eps_growth_year": 57.01,
            "eps_4q": 5.96,
            "eps_4q_growth_year": 73.11,
            "roe": 9.15,
            "roe_4q": 35.35,
            "gross_profit": 170236,
            "gross_margin": 36.35,
            "gross_margin_4q_avg": 36.06,
            "net_income": 115392,
            "net_income_4q": null,
            "revenue": 468326,
            "revenue_4q": null,
            "common_shares": 687780,
            "book_valuer_per_share": 19.11,
            "book_valuer_per_share_4q_avg": 18.42,
            "equity": 1314481,
            "current_ratio": 455.75,
            "debt_ratio": 31.83,
            "inventory_turnover_ratio": 1.09,
            "account_receivable_turnover_ratio": null,
            "reinvestment_rate": 52.71,
            "research_to_sale_ratio": null,
            "price_fair": 143.15,
            "eps_avg_yearly": 4.09,
            "eps_latest_yearly": 6.72,
            "eps_growth_yearly": 54.55
        },
        "20051": {
            "year_quarter": 20051,
            "year": 2005,
            "quarter": 1,
            "eps": 1.17,
            "eps_growth_year": -21.48,
            "eps_4q": 5.82,
            "eps_4q_growth_year": 42.33,
            "roe": 5.85,
            "roe_4q": 32.92,
            "gross_profit": 152622,
            "gross_margin": 34.7,
            "gross_margin_4q_avg": 34.97,
            "net_income": 80387,
            "net_income_4q": null,
            "revenue": 439861,
            "revenue_4q": null,
            "common_shares": 697659,
            "book_valuer_per_share": 20.53,
            "book_valuer_per_share_4q_avg": 18.88,
            "equity": 1432492,
            "current_ratio": 417.53,
            "debt_ratio": 30.29,
            "inventory_turnover_ratio": 1.06,
            "account_receivable_turnover_ratio": null,
            "reinvestment_rate": 51.96,
            "research_to_sale_ratio": null,
            "price_fair": 144.74,
            "eps_avg_yearly": 4.14,
            "eps_latest_yearly": 4.68,
            "eps_growth_yearly": 41.01
        },
        "20052": {
            "year_quarter": 20052,
            "year": 2005,
            "quarter": 2,
            "eps": 1.49,
            "eps_growth_year": 2.05,
            "eps_4q": 5.81,
            "eps_4q_growth_year": 31.34,
            "roe": 7.77,
            "roe_4q": 31.7,
            "gross_profit": 148068,
            "gross_margin": 35.45,
            "gross_margin_4q_avg": 35.14,
            "net_income": 103197,
            "net_income_4q": null,
            "revenue": 417685,
            "revenue_4q": null,
            "common_shares": 698220,
            "book_valuer_per_share": 17.52,
            "book_valuer_per_share_4q_avg": 18.69,
            "equity": 1223070,
            "current_ratio": 231.29,
            "debt_ratio": 41.62,
            "inventory_turnover_ratio": 0.97,
            "account_receivable_turnover_ratio": null,
            "reinvestment_rate": 47.65,
            "research_to_sale_ratio": null,
            "price_fair": 149.3,
            "eps_avg_yearly": 4.27,
            "eps_latest_yearly": 5.96,
            "eps_growth_yearly": 45.89
        },
        "20053": {
            "year_quarter": 20053,
            "year": 2005,
            "quarter": 3,
            "eps": 1.66,
            "eps_growth_year": 10.67,
            "eps_4q": 5.68,
            "eps_4q_growth_year": 11.31,
            "roe": 9.53,
            "roe_4q": 32.3,
            "gross_profit": 170349,
            "gross_margin": 35.74,
            "gross_margin_4q_avg": 35.56,
            "net_income": 123457,
            "net_income_4q": null,
            "revenue": 476592,
            "revenue_4q": null,
            "common_shares": 747286,
            "book_valuer_per_share": 18.3,
            "book_valuer_per_share_4q_avg": 18.87,
            "equity": 1367820,
            "current_ratio": 384.47,
            "debt_ratio": 30.87,
            "inventory_turnover_ratio": 1.04,
            "account_receivable_turnover_ratio": null,
            "reinvestment_rate": 43.16,
            "research_to_sale_ratio": null,
            "price_fair": 154.84,
            "eps_avg_yearly": 4.42,
            "eps_latest_yearly": 6.64,
            "eps_growth_yearly": 45.88
        },
        "20054": {
            "year_quarter": 20054,
            "year": 2005,
            "quarter": 4,
            "eps": 1.74,
            "eps_growth_year": 3.57,
            "eps_4q": 5.85,
            "eps_4q_growth_year": -1.87,
            "roe": 8.67,
            "roe_4q": 31.82,
            "gross_profit": 194360,
            "gross_margin": 33.69,
            "gross_margin_4q_avg": 34.9,
            "net_income": 130054,
            "net_income_4q": null,
            "revenue": 576984,
            "revenue_4q": null,
            "common_shares": 784508,
            "book_valuer_per_share": 20.75,
            "book_valuer_per_share_4q_avg": 19.28,
            "equity": 1631228,
            "current_ratio": 377.01,
            "debt_ratio": 28.62,
            "inventory_turnover_ratio": 1.07,
            "account_receivable_turnover_ratio": null,
            "reinvestment_rate": 47.38,
            "research_to_sale_ratio": null,
            "price_fair": 160.39,
            "eps_avg_yearly": 4.58,
            "eps_latest_yearly": 6.96,
            "eps_growth_yearly": 44.21
        },
        "20061": {
            "year_quarter": 20061,
            "year": 2006,
            "quarter": 1,
            "eps": 1.62,
            "eps_growth_year": 38.46,
            "eps_4q": 6.12,
            "eps_4q_growth_year": 5.22,
            "roe": 7.47,
            "roe_4q": 33.44,
            "gross_profit": 204095,
            "gross_margin": 33.74,
            "gross_margin_4q_avg": 34.66,
            "net_income": 128398,
            "net_income_4q": null,
            "revenue": 604962,
            "revenue_4q": null,
            "common_shares": 799702,
            "book_valuer_per_share": 22.6,
            "book_valuer_per_share_4q_avg": 19.79,
            "equity": 1807523,
            "current_ratio": 310.46,
            "debt_ratio": 25.39,
            "inventory_turnover_ratio": 0.89,
            "account_receivable_turnover_ratio": null,
            "reinvestment_rate": 34.15,
            "research_to_sale_ratio": null,
            "price_fair": 167.48,
            "eps_avg_yearly": 4.79,
            "eps_latest_yearly": 6.48,
            "eps_growth_yearly": 32.58
        },
        "20062": {
            "year_quarter": 20062,
            "year": 2006,
            "quarter": 2,
            "eps": 2.27,
            "eps_growth_year": 52.35,
            "eps_4q": 7.05,
            "eps_4q_growth_year": 21.33,
            "roe": 10.3,
            "roe_4q": 35.97,
            "gross_profit": 261484,
            "gross_margin": 34.62,
            "gross_margin_4q_avg": 34.45,
            "net_income": 181453,
            "net_income_4q": null,
            "revenue": 755347,
            "revenue_4q": null,
            "common_shares": 809757,
            "book_valuer_per_share": 21.18,
            "book_valuer_per_share_4q_avg": 20.71,
            "equity": 1715021,
            "current_ratio": 203.15,
            "debt_ratio": 32.49,
            "inventory_turnover_ratio": 1.01,
            "account_receivable_turnover_ratio": null,
            "reinvestment_rate": 29.59,
            "research_to_sale_ratio": null,
            "price_fair": 182.53,
            "eps_avg_yearly": 5.22,
            "eps_latest_yearly": 9.08,
            "eps_growth_yearly": 50.63
        },
        "20063": {
            "year_quarter": 20063,
            "year": 2006,
            "quarter": 3,
            "eps": 2.16,
            "eps_growth_year": 30.12,
            "eps_4q": 7.29,
            "eps_4q_growth_year": 28.29,
            "roe": 10.17,
            "roe_4q": 36.61,
            "gross_profit": 263196,
            "gross_margin": 38.5,
            "gross_margin_4q_avg": 35.14,
            "net_income": 185345,
            "net_income_4q": null,
            "revenue": 683650,
            "revenue_4q": null,
            "common_shares": 869880,
            "book_valuer_per_share": 22.17,
            "book_valuer_per_share_4q_avg": 21.68,
            "equity": 1928277,
            "current_ratio": 303.41,
            "debt_ratio": 20.03,
            "inventory_turnover_ratio": 0.88,
            "account_receivable_turnover_ratio": null,
            "reinvestment_rate": 27.33,
            "research_to_sale_ratio": null,
            "price_fair": 198.28,
            "eps_avg_yearly": 5.67,
            "eps_latest_yearly": 8.64,
            "eps_growth_yearly": 58.06
        },
        "20064": {
            "year_quarter": 20064,
            "year": 2006,
            "quarter": 4,
            "eps": 1.7,
            "eps_growth_year": -2.3,
            "eps_4q": 7.44,
            "eps_4q_growth_year": 27.24,
            "roe": 6.92,
            "roe_4q": 34.86,
            "gross_profit": 237353,
            "gross_margin": 35.7,
            "gross_margin_4q_avg": 35.64,
            "net_income": 146644,
            "net_income_4q": null,
            "revenue": 664821,
            "revenue_4q": null,
            "common_shares": 869880,
            "book_valuer_per_share": 23.83,
            "book_valuer_per_share_4q_avg": 22.45,
            "equity": 2311702,
            "current_ratio": 415.85,
            "debt_ratio": 21.28,
            "inventory_turnover_ratio": 0.79,
            "account_receivable_turnover_ratio": null,
            "reinvestment_rate": 25.6,
            "research_to_sale_ratio": null,
            "price_fair": 207.64,
            "eps_avg_yearly": 5.93,
            "eps_latest_yearly": 6.8,
            "eps_growth_yearly": 33.98
        },
        "20071": {
            "year_quarter": 20071,
            "year": 2007,
            "quarter": 1,
            "eps": 1.44,
            "eps_growth_year": -11.11,
            "eps_4q": 7.33,
            "eps_4q_growth_year": 19.78,
            "roe": 5.55,
            "roe_4q": 32.94,
            "gross_profit": 191078,
            "gross_margin": 32.42,
            "gross_margin_4q_avg": 35.31,
            "net_income": 125499,
            "net_income_4q": null,
            "revenue": 589347,
            "revenue_4q": null,
            "common_shares": 869880,
            "book_valuer_per_share": 25.37,
            "book_valuer_per_share_4q_avg": 23.14,
            "equity": 2207125,
            "current_ratio": 326.02,
            "debt_ratio": 19.14,
            "inventory_turnover_ratio": 0.73,
            "account_receivable_turnover_ratio": null,
            "reinvestment_rate": 7.41,
            "research_to_sale_ratio": null,
            "price_fair": 214.55,
            "eps_avg_yearly": 6.13,
            "eps_latest_yearly": 5.76,
            "eps_growth_yearly": 29.37
        },
        "20072": {
            "year_quarter": 20072,
            "year": 2007,
            "quarter": 2,
            "eps": 1.14,
            "eps_growth_year": -49.78,
            "eps_4q": 5.72,
            "eps_4q_growth_year": -18.91,
            "roe": 5.39,
            "roe_4q": 28.03,
            "gross_profit": 225504,
            "gross_margin": 31.24,
            "gross_margin_4q_avg": 34.47,
            "net_income": 113991,
            "net_income_4q": null,
            "revenue": 721893,
            "revenue_4q": null,
            "common_shares": 869880,
            "book_valuer_per_share": 23.22,
            "book_valuer_per_share_4q_avg": 23.65,
            "equity": 2019563,
            "current_ratio": 210.42,
            "debt_ratio": 29.21,
            "inventory_turnover_ratio": 1.05,
            "account_receivable_turnover_ratio": null,
            "reinvestment_rate": 6.77,
            "research_to_sale_ratio": null,
            "price_fair": 130.02,
            "eps_avg_yearly": 6.17,
            "eps_latest_yearly": 4.56,
            "eps_growth_yearly": 11.08
        },
        "20073": {
            "year_quarter": 20073,
            "year": 2007,
            "quarter": 3,
            "eps": 1.35,
            "eps_growth_year": -37.5,
            "eps_4q": 5.22,
            "eps_4q_growth_year": -28.42,
            "roe": 6.46,
            "roe_4q": 24.32,
            "gross_profit": 228931,
            "gross_margin": 30.86,
            "gross_margin_4q_avg": 32.56,
            "net_income": 134852,
            "net_income_4q": null,
            "revenue": 741732,
            "revenue_4q": null,
            "common_shares": 1000260,
            "book_valuer_per_share": 21.56,
            "book_valuer_per_share_4q_avg": 23.5,
            "equity": 2156914,
            "current_ratio": 303.87,
            "debt_ratio": 19.64,
            "inventory_turnover_ratio": 1.04,
            "account_receivable_turnover_ratio": null,
            "reinvestment_rate": 6.23,
            "research_to_sale_ratio": null,
            "price_fair": 145.98,
            "eps_avg_yearly": 6.24,
            "eps_latest_yearly": 5.4,
            "eps_growth_yearly": 13.41
        },
        "20074": {
            "year_quarter": 20074,
            "year": 2007,
            "quarter": 4,
            "eps": 1.31,
            "eps_growth_year": -22.94,
            "eps_4q": 5.04,
            "eps_4q_growth_year": -32.22,
            "roe": 5.9,
            "roe_4q": 23.3,
            "gross_profit": 225623,
            "gross_margin": 28.97,
            "gross_margin_4q_avg": 30.87,
            "net_income": 131348,
            "net_income_4q": null,
            "revenue": 778740,
            "revenue_4q": null,
            "common_shares": 1000260,
            "book_valuer_per_share": 22.89,
            "book_valuer_per_share_4q_avg": 23.26,
            "equity": 2292470,
            "current_ratio": 309.98,
            "debt_ratio": 28.96,
            "inventory_turnover_ratio": 0.88,
            "account_receivable_turnover_ratio": null,
            "reinvestment_rate": 22.77,
            "research_to_sale_ratio": null,
            "price_fair": 144.18,
            "eps_avg_yearly": 6.3,
            "eps_latest_yearly": 5.24,
            "eps_growth_yearly": 12.9
        },
        "20081": {
            "year_quarter": 20081,
            "year": 2008,
            "quarter": 1,
            "eps": 0.9,
            "eps_growth_year": -37.5,
            "eps_4q": 4.73,
            "eps_4q_growth_year": -35.5,
            "roe": 3.83,
            "roe_4q": 21.580000000000002,
            "gross_profit": 314208,
            "gross_margin": 34.13,
            "gross_margin_4q_avg": 31.3,
            "net_income": 89416,
            "net_income_4q": null,
            "revenue": 920641,
            "revenue_4q": null,
            "common_shares": 1000260,
            "book_valuer_per_share": 23.58,
            "book_valuer_per_share_4q_avg": 22.81,
            "equity": 2374338,
            "current_ratio": 374.31,
            "debt_ratio": 25.05,
            "inventory_turnover_ratio": 0.78,
            "account_receivable_turnover_ratio": null,
            "reinvestment_rate": 18.09,
            "research_to_sale_ratio": null,
            "price_fair": 18.44,
            "eps_avg_yearly": 6.15,
            "eps_latest_yearly": 3.6,
            "eps_growth_yearly": -4.73
        },
        "20082": {
            "year_quarter": 20082,
            "year": 2008,
            "quarter": 2,
            "eps": 0.71,
            "eps_growth_year": -37.72,
            "eps_4q": 4.06,
            "eps_4q_growth_year": -29.04,
            "roe": 3.37,
            "roe_4q": 19.560000000000002,
            "gross_profit": 321553,
            "gross_margin": 32.75,
            "gross_margin_4q_avg": 31.68,
            "net_income": 75601,
            "net_income_4q": null,
            "revenue": 981781,
            "revenue_4q": null,
            "common_shares": 1000260,
            "book_valuer_per_share": 20.94,
            "book_valuer_per_share_4q_avg": 22.24,
            "equity": 2109110,
            "current_ratio": 221.33,
            "debt_ratio": 36.5,
            "inventory_turnover_ratio": 0.78,
            "account_receivable_turnover_ratio": null,
            "reinvestment_rate": 23.39,
            "research_to_sale_ratio": null,
            "price_fair": 17.88,
            "eps_avg_yearly": 5.96,
            "eps_latest_yearly": 2.84,
            "eps_growth_yearly": -9.51
        },
        "20083": {
            "year_quarter": 20083,
            "year": 2008,
            "quarter": 3,
            "eps": 0.9,
            "eps_growth_year": -33.33,
            "eps_4q": 3.62,
            "eps_4q_growth_year": -30.54,
            "roe": 4.54,
            "roe_4q": 17.64,
            "gross_profit": 331405,
            "gross_margin": 35.01,
            "gross_margin_4q_avg": 32.72,
            "net_income": 97789,
            "net_income_4q": null,
            "revenue": 946472,
            "revenue_4q": null,
            "common_shares": 1072564,
            "book_valuer_per_share": 20.31,
            "book_valuer_per_share_4q_avg": 21.93,
            "equity": 2194498,
            "current_ratio": 213.81,
            "debt_ratio": 39.57,
            "inventory_turnover_ratio": 0.71,
            "account_receivable_turnover_ratio": null,
            "reinvestment_rate": 39.14,
            "research_to_sale_ratio": null,
            "price_fair": 17.43,
            "eps_avg_yearly": 5.81,
            "eps_latest_yearly": 3.6,
            "eps_growth_yearly": -3.5
        },
        "20084": {
            "year_quarter": 20084,
            "year": 2008,
            "quarter": 4,
            "eps": 1.1,
            "eps_growth_year": -16.03,
            "eps_4q": 3.55,
            "eps_4q_growth_year": -29.62,
            "roe": 5.21,
            "roe_4q": 16.950000000000003,
            "gross_profit": 369541,
            "gross_margin": 35.98,
            "gross_margin_4q_avg": 34.47,
            "net_income": 117610,
            "net_income_4q": null,
            "revenue": 1026947,
            "revenue_4q": null,
            "common_shares": 1072564,
            "book_valuer_per_share": 21.49,
            "book_valuer_per_share_4q_avg": 21.58,
            "equity": 2322163,
            "current_ratio": 309.72,
            "debt_ratio": 32.17,
            "inventory_turnover_ratio": 0.84,
            "account_receivable_turnover_ratio": 3.54,
            "reinvestment_rate": 36.52,
            "research_to_sale_ratio": null,
            "price_fair": 17,
            "eps_avg_yearly": 5.67,
            "eps_latest_yearly": 4.4,
            "eps_growth_yearly": -0.95
        },
        "20091": {
            "year_quarter": 20091,
            "year": 2009,
            "quarter": 1,
            "eps": 0.89,
            "eps_growth_year": -1.11,
            "eps_4q": 3.63,
            "eps_4q_growth_year": -23.34,
            "roe": 3.97,
            "roe_4q": 17.09,
            "gross_profit": 286666,
            "gross_margin": 38.03,
            "gross_margin_4q_avg": 35.44,
            "net_income": 94316,
            "net_income_4q": null,
            "revenue": 753882,
            "revenue_4q": null,
            "common_shares": 1072564,
            "book_valuer_per_share": 22.48,
            "book_valuer_per_share_4q_avg": 21.31,
            "equity": 2428327,
            "current_ratio": 421.37,
            "debt_ratio": 28.4,
            "inventory_turnover_ratio": 0.69,
            "account_receivable_turnover_ratio": 1.52,
            "reinvestment_rate": 25.16,
            "research_to_sale_ratio": null,
            "price_fair": 66.41,
            "eps_avg_yearly": 5.6,
            "eps_latest_yearly": 3.56,
            "eps_growth_yearly": 1.87
        },
        "20092": {
            "year_quarter": 20092,
            "year": 2009,
            "quarter": 2,
            "eps": 0.21,
            "eps_growth_year": -70.42,
            "eps_4q": 2.5,
            "eps_4q_growth_year": -38.39,
            "roe": 1.13,
            "roe_4q": 14.849999999999998,
            "gross_profit": 289747,
            "gross_margin": 38.73,
            "gross_margin_4q_avg": 36.94,
            "net_income": 27791,
            "net_income_4q": null,
            "revenue": 748052,
            "revenue_4q": null,
            "common_shares": 1072564,
            "book_valuer_per_share": 21.69,
            "book_valuer_per_share_4q_avg": 21.49,
            "equity": 2477633,
            "current_ratio": 298.61,
            "debt_ratio": 35.6,
            "inventory_turnover_ratio": 0.7,
            "account_receivable_turnover_ratio": 1.84,
            "reinvestment_rate": 52.05,
            "research_to_sale_ratio": null,
            "price_fair": 15.83,
            "eps_avg_yearly": 5.28,
            "eps_latest_yearly": 0.84,
            "eps_growth_yearly": -24.07
        },
        "20093": {
            "year_quarter": 20093,
            "year": 2009,
            "quarter": 3,
            "eps": 0.61,
            "eps_growth_year": -32.22,
            "eps_4q": 2.69,
            "eps_4q_growth_year": -25.78,
            "roe": 2.71,
            "roe_4q": 13.02,
            "gross_profit": 314450,
            "gross_margin": 36.27,
            "gross_margin_4q_avg": 37.25,
            "net_income": 68003,
            "net_income_4q": null,
            "revenue": 867002,
            "revenue_4q": null,
            "common_shares": 1099656,
            "book_valuer_per_share": 21.67,
            "book_valuer_per_share_4q_avg": 21.83,
            "equity": 2538029,
            "current_ratio": 288.1,
            "debt_ratio": 35.55,
            "inventory_turnover_ratio": 0.8,
            "account_receivable_turnover_ratio": 1.94,
            "reinvestment_rate": 59.91,
            "research_to_sale_ratio": null,
            "price_fair": 153.87,
            "eps_avg_yearly": 5.01,
            "eps_latest_yearly": 2.44,
            "eps_growth_yearly": 20.7
        },
        "20094": {
            "year_quarter": 20094,
            "year": 2009,
            "quarter": 4,
            "eps": 1.01,
            "eps_growth_year": -8.18,
            "eps_4q": 2.66,
            "eps_4q_growth_year": -25.14,
            "roe": 4.54,
            "roe_4q": 12.35,
            "gross_profit": 352278,
            "gross_margin": 38.48,
            "gross_margin_4q_avg": 37.88,
            "net_income": 119157,
            "net_income_4q": null,
            "revenue": 915444,
            "revenue_4q": null,
            "common_shares": 1099656,
            "book_valuer_per_share": 23.01,
            "book_valuer_per_share_4q_avg": 22.21,
            "equity": 2707447,
            "current_ratio": 223.55,
            "debt_ratio": 38.36,
            "inventory_turnover_ratio": 0.75,
            "account_receivable_turnover_ratio": 3.91,
            "reinvestment_rate": 50.28,
            "research_to_sale_ratio": null,
            "price_fair": 169.05,
            "eps_avg_yearly": 4.83,
            "eps_latest_yearly": 4.04,
            "eps_growth_yearly": 35.89
        },
        "20101": {
            "year_quarter": 20101,
            "year": 2010,
            "quarter": 1,
            "eps": 1,
            "eps_growth_year": 12.36,
            "eps_4q": 2.8,
            "eps_4q_growth_year": -22.85,
            "roe": 4.25,
            "roe_4q": 12.629999999999999,
            "gross_profit": 332457,
            "gross_margin": 34.79,
            "gross_margin_4q_avg": 37.07,
            "net_income": 117443,
            "net_income_4q": null,
            "revenue": 955570,
            "revenue_4q": null,
            "common_shares": 1099656,
            "book_valuer_per_share": 23.94,
            "book_valuer_per_share_4q_avg": 22.58,
            "equity": 2817563,
            "current_ratio": 229.27,
            "debt_ratio": 36.92,
            "inventory_turnover_ratio": 0.69,
            "account_receivable_turnover_ratio": 2.09,
            "reinvestment_rate": 54.52,
            "research_to_sale_ratio": 6.05,
            "price_fair": 163.63,
            "eps_avg_yearly": 4.68,
            "eps_latest_yearly": 4,
            "eps_growth_yearly": 37.36
        },
        "20102": {
            "year_quarter": 20102,
            "year": 2010,
            "quarter": 2,
            "eps": 0.66,
            "eps_growth_year": 214.8,
            "eps_4q": 3.25,
            "eps_4q_growth_year": 30.25,
            "roe": 3.25,
            "roe_4q": 14.75,
            "gross_profit": 391115,
            "gross_margin": 34.77,
            "gross_margin_4q_avg": 36.08,
            "net_income": 89784,
            "net_income_4q": null,
            "revenue": 1124803,
            "revenue_4q": null,
            "common_shares": 1099656,
            "book_valuer_per_share": 22.68,
            "book_valuer_per_share_4q_avg": 22.83,
            "equity": 2701338,
            "current_ratio": 199.71,
            "debt_ratio": 40.44,
            "inventory_turnover_ratio": 0.69,
            "account_receivable_turnover_ratio": 2.46,
            "reinvestment_rate": 73,
            "research_to_sale_ratio": 6.11,
            "price_fair": 123.18,
            "eps_avg_yearly": 4.27,
            "eps_latest_yearly": 2.64,
            "eps_growth_yearly": 18.83
        },
        "20103": {
            "year_quarter": 20103,
            "year": 2010,
            "quarter": 3,
            "eps": 0.6,
            "eps_growth_year": -1.09,
            "eps_4q": 3.26,
            "eps_4q_growth_year": 21.24,
            "roe": 2.62,
            "roe_4q": 14.66,
            "gross_profit": 351411,
            "gross_margin": 34.37,
            "gross_margin_4q_avg": 35.6,
            "net_income": 71592,
            "net_income_4q": null,
            "revenue": 1022460,
            "revenue_4q": null,
            "common_shares": 1099656,
            "book_valuer_per_share": 23.21,
            "book_valuer_per_share_4q_avg": 23.21,
            "equity": 2765368,
            "current_ratio": 204.02,
            "debt_ratio": 37.63,
            "inventory_turnover_ratio": 0.56,
            "account_receivable_turnover_ratio": 2.09,
            "reinvestment_rate": 79.35,
            "research_to_sale_ratio": 5.35,
            "price_fair": 107.82,
            "eps_avg_yearly": 3.88,
            "eps_latest_yearly": 2.4,
            "eps_growth_yearly": 17.77
        },
        "20104": {
            "year_quarter": 20104,
            "year": 2010,
            "quarter": 4,
            "eps": 0.68,
            "eps_growth_year": -32.32,
            "eps_4q": 2.99,
            "eps_4q_growth_year": 12.54,
            "roe": 4.06,
            "roe_4q": 14.18,
            "gross_profit": 409556,
            "gross_margin": 33.83,
            "gross_margin_4q_avg": 34.44,
            "net_income": 115510,
            "net_income_4q": null,
            "revenue": 1210471,
            "revenue_4q": null,
            "common_shares": 1099656,
            "book_valuer_per_share": 23.26,
            "book_valuer_per_share_4q_avg": 23.27,
            "equity": 2922836,
            "current_ratio": 269.25,
            "debt_ratio": 32.82,
            "inventory_turnover_ratio": 0.64,
            "account_receivable_turnover_ratio": 2.47,
            "reinvestment_rate": 65.95,
            "research_to_sale_ratio": 3.64,
            "price_fair": 126.96,
            "eps_avg_yearly": 3.63,
            "eps_latest_yearly": 2.72,
            "eps_growth_yearly": 26.43
        },
        "20111": {
            "year_quarter": 20111,
            "year": 2011,
            "quarter": 1,
            "eps": 0.46,
            "eps_growth_year": -54,
            "eps_4q": 2.46,
            "eps_4q_growth_year": -12.05,
            "roe": 2.54,
            "roe_4q": 12.469999999999999,
            "gross_profit": 335299,
            "gross_margin": 30.13,
            "gross_margin_4q_avg": 33.28,
            "net_income": 75265,
            "net_income_4q": null,
            "revenue": 1112966,
            "revenue_4q": null,
            "common_shares": 1099656,
            "book_valuer_per_share": 23.9,
            "book_valuer_per_share_4q_avg": 23.26,
            "equity": 2999271,
            "current_ratio": 347.89,
            "debt_ratio": 30.08,
            "inventory_turnover_ratio": 0.67,
            "account_receivable_turnover_ratio": 2.31,
            "reinvestment_rate": 73.58,
            "research_to_sale_ratio": 5.13,
            "price_fair": 108.79,
            "eps_avg_yearly": 3.38,
            "eps_latest_yearly": 1.84,
            "eps_growth_yearly": 22.16
        },
        "20112": {
            "year_quarter": 20112,
            "year": 2011,
            "quarter": 2,
            "eps": 0.95,
            "eps_growth_year": 43.59,
            "eps_4q": 2.75,
            "eps_4q_growth_year": -15.63,
            "roe": 3.52,
            "roe_4q": 12.740000000000002,
            "gross_profit": 356971,
            "gross_margin": 33.33,
            "gross_margin_4q_avg": 32.92,
            "net_income": 105224,
            "net_income_4q": null,
            "revenue": 1071158,
            "revenue_4q": null,
            "common_shares": 1099656,
            "book_valuer_per_share": 23.66,
            "book_valuer_per_share_4q_avg": 23.51,
            "equity": 2978439,
            "current_ratio": 282.78,
            "debt_ratio": 29.44,
            "inventory_turnover_ratio": 0.65,
            "account_receivable_turnover_ratio": 2.08,
            "reinvestment_rate": 72.77,
            "research_to_sale_ratio": 6.69,
            "price_fair": 116.73,
            "eps_avg_yearly": 3.34,
            "eps_latest_yearly": 3.8,
            "eps_growth_yearly": 54
        },
        "20113": {
            "year_quarter": 20113,
            "year": 2011,
            "quarter": 3,
            "eps": 0.94,
            "eps_growth_year": 55.14,
            "eps_4q": 3.03,
            "eps_4q_growth_year": -7.06,
            "roe": 3.71,
            "roe_4q": 13.829999999999998,
            "gross_profit": 395447,
            "gross_margin": 35.15,
            "gross_margin_4q_avg": 33.11,
            "net_income": 113612,
            "net_income_4q": null,
            "revenue": 1124928,
            "revenue_4q": null,
            "common_shares": 1099656,
            "book_valuer_per_share": 24.99,
            "book_valuer_per_share_4q_avg": 23.95,
            "equity": 3145614,
            "current_ratio": 275.66,
            "debt_ratio": 27.13,
            "inventory_turnover_ratio": 0.6,
            "account_receivable_turnover_ratio": 2.15,
            "reinvestment_rate": 74.99,
            "research_to_sale_ratio": 5.92,
            "price_fair": 113.14,
            "eps_avg_yearly": 3.23,
            "eps_latest_yearly": 3.76,
            "eps_growth_yearly": 49.13
        },
        "20114": {
            "year_quarter": 20114,
            "year": 2011,
            "quarter": 4,
            "eps": 0.97,
            "eps_growth_year": 42.4,
            "eps_4q": 3.5,
            "eps_4q_growth_year": 16.93,
            "roe": 4.14,
            "roe_4q": 13.91,
            "gross_profit": 418525,
            "gross_margin": 32.16,
            "gross_margin_4q_avg": 32.69,
            "net_income": 128798,
            "net_income_4q": null,
            "revenue": 1301583,
            "revenue_4q": null,
            "common_shares": 1099656,
            "book_valuer_per_share": 25.8,
            "book_valuer_per_share_4q_avg": 24.59,
            "equity": 3075598,
            "current_ratio": 295.81,
            "debt_ratio": 25.63,
            "inventory_turnover_ratio": 0.71,
            "account_receivable_turnover_ratio": 2.55,
            "reinvestment_rate": 118.2,
            "research_to_sale_ratio": 4.52,
            "price_fair": 110.16,
            "eps_avg_yearly": 3.15,
            "eps_latest_yearly": 3.88,
            "eps_growth_yearly": 50.67
        },
        "20121": {
            "year_quarter": 20121,
            "year": 2012,
            "quarter": 1,
            "eps": 1.1,
            "eps_growth_year": 139.13,
            "eps_4q": 4.1,
            "eps_4q_growth_year": 66.59,
            "roe": 4.4,
            "roe_4q": 15.77,
            "gross_profit": 411184,
            "gross_margin": 35.47,
            "gross_margin_4q_avg": 34.03,
            "net_income": 137844,
            "net_income_4q": null,
            "revenue": 1159196,
            "revenue_4q": null,
            "common_shares": 1099656,
            "book_valuer_per_share": 26.72,
            "book_valuer_per_share_4q_avg": 25.29,
            "equity": 3185798,
            "current_ratio": 289.9,
            "debt_ratio": 26.57,
            "inventory_turnover_ratio": 0.59,
            "account_receivable_turnover_ratio": 2.22,
            "reinvestment_rate": 111.31,
            "research_to_sale_ratio": 6.06,
            "price_fair": 111.91,
            "eps_avg_yearly": 3.2,
            "eps_latest_yearly": 4.4,
            "eps_growth_yearly": 61.85
        },
        "20122": {
            "year_quarter": 20122,
            "year": 2012,
            "quarter": 2,
            "eps": 0.99,
            "eps_growth_year": 4.41,
            "eps_4q": 4.08,
            "eps_4q_growth_year": 48.53,
            "roe": 4.15,
            "roe_4q": 16.400000000000002,
            "gross_profit": 427881,
            "gross_margin": 31.5,
            "gross_margin_4q_avg": 33.57,
            "net_income": 130075,
            "net_income_4q": null,
            "revenue": 1358308,
            "revenue_4q": null,
            "common_shares": 1020156,
            "book_valuer_per_share": 25.74,
            "book_valuer_per_share_4q_avg": 25.81,
            "equity": 3078749,
            "current_ratio": 251.63,
            "debt_ratio": 29.77,
            "inventory_turnover_ratio": 0.7,
            "account_receivable_turnover_ratio": 2.22,
            "reinvestment_rate": 105.39,
            "research_to_sale_ratio": 4.82,
            "price_fair": 114.36,
            "eps_avg_yearly": 3.27,
            "eps_latest_yearly": 3.96,
            "eps_growth_yearly": 64.62
        },
        "20123": {
            "year_quarter": 20123,
            "year": 2012,
            "quarter": 3,
            "eps": 0.7,
            "eps_growth_year": -25.37,
            "eps_4q": 3.77,
            "eps_4q_growth_year": 24.31,
            "roe": 3.2,
            "roe_4q": 15.89,
            "gross_profit": 399306,
            "gross_margin": 31.19,
            "gross_margin_4q_avg": 32.58,
            "net_income": 99945,
            "net_income_4q": null,
            "revenue": 1280294,
            "revenue_4q": null,
            "common_shares": 1020156,
            "book_valuer_per_share": 26.37,
            "book_valuer_per_share_4q_avg": 26.16,
            "equity": 3171878,
            "current_ratio": 290.44,
            "debt_ratio": 26.06,
            "inventory_turnover_ratio": 0.66,
            "account_receivable_turnover_ratio": 1.8,
            "reinvestment_rate": 86.42,
            "research_to_sale_ratio": 5.28,
            "price_fair": 112.61,
            "eps_avg_yearly": 3.22,
            "eps_latest_yearly": 2.8,
            "eps_growth_yearly": 50.61
        },
        "20124": {
            "year_quarter": 20124,
            "year": 2012,
            "quarter": 4,
            "eps": 0.51,
            "eps_growth_year": -47.7,
            "eps_4q": 3.3,
            "eps_4q_growth_year": -5.68,
            "roe": 2.85,
            "roe_4q": 14.600000000000001,
            "gross_profit": 444101,
            "gross_margin": 30.3,
            "gross_margin_4q_avg": 32.12,
            "net_income": 91471,
            "net_income_4q": null,
            "revenue": 1465496,
            "revenue_4q": null,
            "common_shares": 1020156,
            "book_valuer_per_share": 26.77,
            "book_valuer_per_share_4q_avg": 26.4,
            "equity": 3254803,
            "current_ratio": 319.01,
            "debt_ratio": 24.03,
            "inventory_turnover_ratio": 0.84,
            "account_receivable_turnover_ratio": 1.83,
            "reinvestment_rate": 92.55,
            "research_to_sale_ratio": 5.58,
            "price_fair": 107.45,
            "eps_avg_yearly": 3.07,
            "eps_latest_yearly": 2.04,
            "eps_growth_yearly": 38.27
        },
        "20131": {
            "year_quarter": 20131,
            "year": 2013,
            "quarter": 1,
            "eps": 0.59,
            "eps_growth_year": -46.36,
            "eps_4q": 2.79,
            "eps_4q_growth_year": -31.87,
            "roe": 2.79,
            "roe_4q": 12.99,
            "gross_profit": 390514,
            "gross_margin": 33.14,
            "gross_margin_4q_avg": 31.53,
            "net_income": 91841,
            "net_income_4q": null,
            "revenue": 1178556,
            "revenue_4q": null,
            "common_shares": 1020156,
            "book_valuer_per_share": 27.14,
            "book_valuer_per_share_4q_avg": 26.51,
            "equity": 3324758,
            "current_ratio": 335.19,
            "debt_ratio": 30.79,
            "inventory_turnover_ratio": 0.69,
            "account_receivable_turnover_ratio": 1.5,
            "reinvestment_rate": 71.41,
            "research_to_sale_ratio": 6.49,
            "price_fair": 104.83,
            "eps_avg_yearly": 3,
            "eps_latest_yearly": 2.36,
            "eps_growth_yearly": 46.96
        },
        "20132": {
            "year_quarter": 20132,
            "year": 2013,
            "quarter": 2,
            "eps": 0.27,
            "eps_growth_year": -72.76,
            "eps_4q": 2.07,
            "eps_4q_growth_year": -49.29,
            "roe": 1.65,
            "roe_4q": 10.489999999999998,
            "gross_profit": 375675,
            "gross_margin": 30.48,
            "gross_margin_4q_avg": 31.28,
            "net_income": 53109,
            "net_income_4q": null,
            "revenue": 1232394,
            "revenue_4q": null,
            "common_shares": 1020156,
            "book_valuer_per_share": 25.39,
            "book_valuer_per_share_4q_avg": 26.42,
            "equity": 3096180,
            "current_ratio": 261.04,
            "debt_ratio": 35.66,
            "inventory_turnover_ratio": 0.73,
            "account_receivable_turnover_ratio": 1.73,
            "reinvestment_rate": 31.92,
            "research_to_sale_ratio": 6.42,
            "price_fair": 105.35,
            "eps_avg_yearly": 3.01,
            "eps_latest_yearly": 1.08,
            "eps_growth_yearly": 52.51
        },
        "20133": {
            "year_quarter": 20133,
            "year": 2013,
            "quarter": 3,
            "eps": 0.69,
            "eps_growth_year": -1.23,
            "eps_4q": 2.06,
            "eps_4q_growth_year": -45.23,
            "roe": 2.9,
            "roe_4q": 10.19,
            "gross_profit": 394638,
            "gross_margin": 30.62,
            "gross_margin_4q_avg": 31.14,
            "net_income": 91193,
            "net_income_4q": null,
            "revenue": 1288959,
            "revenue_4q": null,
            "common_shares": 1020156,
            "book_valuer_per_share": 26.05,
            "book_valuer_per_share_4q_avg": 26.34,
            "equity": 3186748,
            "current_ratio": 312.74,
            "debt_ratio": 31.93,
            "inventory_turnover_ratio": 0.75,
            "account_receivable_turnover_ratio": 1.76,
            "reinvestment_rate": 20.18,
            "research_to_sale_ratio": 6.62,
            "price_fair": 106.05,
            "eps_avg_yearly": 3.03,
            "eps_latest_yearly": 2.76,
            "eps_growth_yearly": 43.78
        },
        "20134": {
            "year_quarter": 20134,
            "year": 2013,
            "quarter": 4,
            "eps": 0.64,
            "eps_growth_year": 25.43,
            "eps_4q": 2.19,
            "eps_4q_growth_year": -33.53,
            "roe": 3.24,
            "roe_4q": 10.580000000000002,
            "gross_profit": 461302,
            "gross_margin": 32.77,
            "gross_margin_4q_avg": 31.75,
            "net_income": 105259,
            "net_income_4q": null,
            "revenue": 1407645,
            "revenue_4q": null,
            "common_shares": 1020156,
            "book_valuer_per_share": 26.79,
            "book_valuer_per_share_4q_avg": 26.34,
            "equity": 3301531,
            "current_ratio": 341.74,
            "debt_ratio": 30.14,
            "inventory_turnover_ratio": 0.81,
            "account_receivable_turnover_ratio": 1.8,
            "reinvestment_rate": 26.27,
            "research_to_sale_ratio": 6.57,
            "price_fair": 102.81,
            "eps_avg_yearly": 2.94,
            "eps_latest_yearly": 2.56,
            "eps_growth_yearly": 25.57
        },
        "20141": {
            "year_quarter": 20141,
            "year": 2014,
            "quarter": 1,
            "eps": 0.54,
            "eps_growth_year": -8.47,
            "eps_4q": 2.14,
            "eps_4q_growth_year": -23.43,
            "roe": 2.35,
            "roe_4q": 10.14,
            "gross_profit": 374165,
            "gross_margin": 31.5,
            "gross_margin_4q_avg": 31.34,
            "net_income": 78641,
            "net_income_4q": null,
            "revenue": 1187890,
            "revenue_4q": null,
            "common_shares": 1020156,
            "book_valuer_per_share": 27.47,
            "book_valuer_per_share_4q_avg": 26.43,
            "equity": 3394726,
            "current_ratio": 331.88,
            "debt_ratio": 30.7,
            "inventory_turnover_ratio": 0.68,
            "account_receivable_turnover_ratio": 1.63,
            "reinvestment_rate": 32.35,
            "research_to_sale_ratio": 7.41,
            "price_fair": 90.07,
            "eps_avg_yearly": 2.82,
            "eps_latest_yearly": 2.16,
            "eps_growth_yearly": 21.91
        },
        "20142": {
            "year_quarter": 20142,
            "year": 2014,
            "quarter": 2,
            "eps": 0.7,
            "eps_growth_year": 159.26,
            "eps_4q": 2.57,
            "eps_4q_growth_year": 24.31,
            "roe": 2.9,
            "roe_4q": 11.39,
            "gross_profit": 457485,
            "gross_margin": 29.7,
            "gross_margin_4q_avg": 31.15,
            "net_income": 95571,
            "net_income_4q": null,
            "revenue": 1540098,
            "revenue_4q": null,
            "common_shares": 1020156,
            "book_valuer_per_share": 25.98,
            "book_valuer_per_share_4q_avg": 26.57,
            "equity": 3191342,
            "current_ratio": 234.98,
            "debt_ratio": 38.49,
            "inventory_turnover_ratio": 0.83,
            "account_receivable_turnover_ratio": 2.1,
            "reinvestment_rate": 8,
            "research_to_sale_ratio": 6.34,
            "price_fair": 99.14,
            "eps_avg_yearly": 2.83,
            "eps_latest_yearly": 2.8,
            "eps_growth_yearly": 37.82
        },
        "20143": {
            "year_quarter": 20143,
            "year": 2014,
            "quarter": 3,
            "eps": 1.03,
            "eps_growth_year": 49.28,
            "eps_4q": 2.91,
            "eps_4q_growth_year": 41.15,
            "roe": 4.18,
            "roe_4q": 12.67,
            "gross_profit": 492431,
            "gross_margin": 32.23,
            "gross_margin_4q_avg": 31.55,
            "net_income": 136332,
            "net_income_4q": null,
            "revenue": 1527666,
            "revenue_4q": null,
            "common_shares": 1020156,
            "book_valuer_per_share": 27.04,
            "book_valuer_per_share_4q_avg": 26.82,
            "equity": 3332791,
            "current_ratio": 246.58,
            "debt_ratio": 37.23,
            "inventory_turnover_ratio": 0.69,
            "account_receivable_turnover_ratio": 1.85,
            "reinvestment_rate": 4.09,
            "research_to_sale_ratio": 6.09,
            "price_fair": 102.9,
            "eps_avg_yearly": 2.94,
            "eps_latest_yearly": 4.12,
            "eps_growth_yearly": 51.88
        },
        "20144": {
            "year_quarter": 20144,
            "year": 2014,
            "quarter": 4,
            "eps": 5.02,
            "eps_growth_year": 685.39,
            "eps_4q": 7.23,
            "eps_4q_growth_year": 229.64,
            "roe": 16.78,
            "roe_4q": 26.21,
            "gross_profit": 607358,
            "gross_margin": 35.02,
            "gross_margin_4q_avg": 32.11,
            "net_income": 587241,
            "net_income_4q": null,
            "revenue": 1734488,
            "revenue_4q": null,
            "common_shares": 1023156,
            "book_valuer_per_share": 35.83,
            "book_valuer_per_share_4q_avg": 29.08,
            "equity": 3667224,
            "current_ratio": 302.67,
            "debt_ratio": 37.63,
            "inventory_turnover_ratio": 0.85,
            "account_receivable_turnover_ratio": 2.1,
            "reinvestment_rate": 42.96,
            "research_to_sale_ratio": 5.6,
            "price_fair": 140.88,
            "eps_avg_yearly": 4.03,
            "eps_latest_yearly": 20.08,
            "eps_growth_yearly": 145.39
        },
        "20151": {
            "year_quarter": 20151,
            "year": 2015,
            "quarter": 1,
            "eps": 0.86,
            "eps_growth_year": 59.26,
            "eps_4q": 7.39,
            "eps_4q_growth_year": 245.58,
            "roe": 2.37,
            "roe_4q": 26.23,
            "gross_profit": 380335,
            "gross_margin": 27.72,
            "gross_margin_4q_avg": 31.17,
            "net_income": 89532,
            "net_income_4q": null,
            "revenue": 1371837,
            "revenue_4q": null,
            "common_shares": 1051229,
            "book_valuer_per_share": 37.06,
            "book_valuer_per_share_4q_avg": 31.48,
            "equity": 3896510,
            "current_ratio": 321.03,
            "debt_ratio": 34.33,
            "inventory_turnover_ratio": 0.97,
            "account_receivable_turnover_ratio": 1.78,
            "reinvestment_rate": 50.48,
            "research_to_sale_ratio": 4.72,
            "price_fair": 144.38,
            "eps_avg_yearly": 4.13,
            "eps_latest_yearly": 3.44,
            "eps_growth_yearly": 132.76
        },
        "20152": {
            "year_quarter": 20152,
            "year": 2015,
            "quarter": 2,
            "eps": 1.21,
            "eps_growth_year": 72.86,
            "eps_4q": 7.9,
            "eps_4q_growth_year": 207.22,
            "roe": 3.37,
            "roe_4q": 26.700000000000003,
            "gross_profit": 349373,
            "gross_margin": 24.8,
            "gross_margin_4q_avg": 29.94,
            "net_income": 128280,
            "net_income_4q": null,
            "revenue": 1408886,
            "revenue_4q": null,
            "common_shares": 1058717,
            "book_valuer_per_share": 35,
            "book_valuer_per_share_4q_avg": 33.73,
            "equity": 3706616,
            "current_ratio": 260.95,
            "debt_ratio": 39.33,
            "inventory_turnover_ratio": 1.01,
            "account_receivable_turnover_ratio": 1.88,
            "reinvestment_rate": 38.54,
            "research_to_sale_ratio": 4.58,
            "price_fair": 146.65,
            "eps_avg_yearly": 4.19,
            "eps_latest_yearly": 4.84,
            "eps_growth_yearly": 116.3
        },
        "20153": {
            "year_quarter": 20153,
            "year": 2015,
            "quarter": 3,
            "eps": 1.4,
            "eps_growth_year": 35.92,
            "eps_4q": 8.88,
            "eps_4q_growth_year": 205.07,
            "roe": 3.92,
            "roe_4q": 26.44,
            "gross_profit": 419972,
            "gross_margin": 29.2,
            "gross_margin_4q_avg": 29.19,
            "net_income": 145239,
            "net_income_4q": null,
            "revenue": 1438425,
            "revenue_4q": null,
            "common_shares": 1058717,
            "book_valuer_per_share": 36.41,
            "book_valuer_per_share_4q_avg": 36.08,
            "equity": 3698194,
            "current_ratio": 307.13,
            "debt_ratio": 35.29,
            "inventory_turnover_ratio": 0.96,
            "account_receivable_turnover_ratio": 1.86,
            "reinvestment_rate": 40.1,
            "research_to_sale_ratio": 4.83,
            "price_fair": 150.68,
            "eps_avg_yearly": 4.31,
            "eps_latest_yearly": 5.6,
            "eps_growth_yearly": 120.49
        },
        "20154": {
            "year_quarter": 20154,
            "year": 2015,
            "quarter": 4,
            "eps": 0.93,
            "eps_growth_year": -81.5,
            "eps_4q": 4.62,
            "eps_4q_growth_year": -36.12,
            "roe": 2.38,
            "roe_4q": 12.04,
            "gross_profit": 433014,
            "gross_margin": 29.87,
            "gross_margin_4q_avg": 27.9,
            "net_income": 89447,
            "net_income_4q": null,
            "revenue": 1449518,
            "revenue_4q": null,
            "common_shares": 984174,
            "book_valuer_per_share": 37.8,
            "book_valuer_per_share_4q_avg": 36.57,
            "equity": 3825820,
            "current_ratio": 327.17,
            "debt_ratio": 35.03,
            "inventory_turnover_ratio": 0.99,
            "account_receivable_turnover_ratio": 1.85,
            "reinvestment_rate": 7.6,
            "research_to_sale_ratio": 5.14,
            "price_fair": 150.33,
            "eps_avg_yearly": 4.3,
            "eps_latest_yearly": 3.72,
            "eps_growth_yearly": 111.3
        },
        "20161": {
            "year_quarter": 20161,
            "year": 2016,
            "quarter": 1,
            "eps": 0.95,
            "eps_growth_year": 10.47,
            "eps_4q": 4.65,
            "eps_4q_growth_year": -37.01,
            "roe": 2.5,
            "roe_4q": 12.170000000000002,
            "gross_profit": 399467,
            "gross_margin": 29.76,
            "gross_margin_4q_avg": 28.41,
            "net_income": 98038,
            "net_income_4q": null,
            "revenue": 1342458,
            "revenue_4q": null,
            "common_shares": 984174,
            "book_valuer_per_share": 39.51,
            "book_valuer_per_share_4q_avg": 37.18,
            "equity": 4003033,
            "current_ratio": 302.04,
            "debt_ratio": 35.93,
            "inventory_turnover_ratio": 0.89,
            "account_receivable_turnover_ratio": 1.72,
            "reinvestment_rate": 18.6,
            "research_to_sale_ratio": 5.36,
            "price_fair": 149.01,
            "eps_avg_yearly": 4.26,
            "eps_latest_yearly": 3.8,
            "eps_growth_yearly": 108.49
        },
        "20162": {
            "year_quarter": 20162,
            "year": 2016,
            "quarter": 2,
            "eps": 1.52,
            "eps_growth_year": 25.62,
            "eps_4q": 4.78,
            "eps_4q_growth_year": -39.45,
            "roe": 3.92,
            "roe_4q": 12.72,
            "gross_profit": 449668,
            "gross_margin": 29.1,
            "gross_margin_4q_avg": 29.48,
            "net_income": 154829,
            "net_income_4q": null,
            "revenue": 1545032,
            "revenue_4q": null,
            "common_shares": 1003205,
            "book_valuer_per_share": 37.57,
            "book_valuer_per_share_4q_avg": 37.82,
            "equity": 3889222,
            "current_ratio": 263.7,
            "debt_ratio": 37.47,
            "inventory_turnover_ratio": 0.95,
            "account_receivable_turnover_ratio": 1.98,
            "reinvestment_rate": 14.38,
            "research_to_sale_ratio": 4.57,
            "price_fair": 153.65,
            "eps_avg_yearly": 4.39,
            "eps_latest_yearly": 6.08,
            "eps_growth_yearly": 125.99
        },
        "20163": {
            "year_quarter": 20163,
            "year": 2016,
            "quarter": 3,
            "eps": 0.4,
            "eps_growth_year": -71.43,
            "eps_4q": 3.66,
            "eps_4q_growth_year": -58.84,
            "roe": 0.91,
            "roe_4q": 9.71,
            "gross_profit": 387063,
            "gross_margin": 28.04,
            "gross_margin_4q_avg": 29.19,
            "net_income": 37453,
            "net_income_4q": null,
            "revenue": 1380630,
            "revenue_4q": null,
            "common_shares": 1027049,
            "book_valuer_per_share": 38.4,
            "book_valuer_per_share_4q_avg": 38.32,
            "equity": 4385776,
            "current_ratio": 371.88,
            "debt_ratio": 29.74,
            "inventory_turnover_ratio": 0.92,
            "account_receivable_turnover_ratio": 1.8,
            "reinvestment_rate": 29.45,
            "research_to_sale_ratio": 5.34,
            "price_fair": 151.03,
            "eps_avg_yearly": 4.32,
            "eps_latest_yearly": 1.6,
            "eps_growth_yearly": 114.89
        },
        "20164": {
            "year_quarter": 20164,
            "year": 2016,
            "quarter": 4,
            "eps": -0.02,
            "eps_growth_year": -101.74,
            "eps_4q": 2.75,
            "eps_4q_growth_year": -40.4,
            "roe": -0.18,
            "roe_4q": 7.15,
            "gross_profit": 355077,
            "gross_margin": 28.25,
            "gross_margin_4q_avg": 28.79,
            "net_income": -8083,
            "net_income_4q": null,
            "revenue": 1256830,
            "revenue_4q": null,
            "common_shares": 1027049,
            "book_valuer_per_share": 38.17,
            "book_valuer_per_share_4q_avg": 38.41,
            "equity": 4356264,
            "current_ratio": 371.86,
            "debt_ratio": 29.68,
            "inventory_turnover_ratio": 0.93,
            "account_receivable_turnover_ratio": 1.68,
            "reinvestment_rate": 27.14,
            "research_to_sale_ratio": 6.3,
            "price_fair": 156.33,
            "eps_avg_yearly": 4.47,
            "eps_latest_yearly": 1.6,
            "eps_growth_yearly": 129.79
        },
        "20171": {
            "year_quarter": 20171,
            "year": 2017,
            "quarter": 1,
            "eps": -0.29,
            "eps_growth_year": -130.53,
            "eps_4q": 1.51,
            "eps_4q_growth_year": -67.59,
            "roe": -0.72,
            "roe_4q": 3.93,
            "gross_profit": 307391,
            "gross_margin": 26.78,
            "gross_margin_4q_avg": 28.04,
            "net_income": -31608,
            "net_income_4q": null,
            "revenue": 1147904,
            "revenue_4q": null,
            "common_shares": 1052759,
            "book_valuer_per_share": 37.69,
            "book_valuer_per_share_4q_avg": 37.96,
            "equity": 4402049,
            "current_ratio": 303.38,
            "debt_ratio": 28.52,
            "inventory_turnover_ratio": 0.9,
            "account_receivable_turnover_ratio": 1.61,
            "reinvestment_rate": 58.59,
            "research_to_sale_ratio": 6.13,
            "price_fair": 161.6,
            "eps_avg_yearly": 4.62,
            "eps_latest_yearly": 1.6,
            "eps_growth_yearly": 134.58
        },
        "20172": {
            "year_quarter": 20172,
            "year": 2017,
            "quarter": 2,
            "eps": 0.54,
            "eps_growth_year": -64.47,
            "eps_4q": 0.62,
            "eps_4q_growth_year": -87.03,
            "roe": 1.38,
            "roe_4q": 1.39,
            "gross_profit": 320744,
            "gross_margin": 25.11,
            "gross_margin_4q_avg": 27.05,
            "net_income": 60572,
            "net_income_4q": null,
            "revenue": 1277136,
            "revenue_4q": null,
            "common_shares": 1052759,
            "book_valuer_per_share": 37.33,
            "book_valuer_per_share_4q_avg": 37.9,
            "equity": 4357534,
            "current_ratio": 237.07,
            "debt_ratio": 33.25,
            "inventory_turnover_ratio": 0.96,
            "account_receivable_turnover_ratio": 1.78,
            "reinvestment_rate": 62.56,
            "research_to_sale_ratio": 5.25,
            "price_fair": 171.12,
            "eps_avg_yearly": 4.89,
            "eps_latest_yearly": 1.6,
            "eps_growth_yearly": 161.62
        }
    },
    "months": {
        "2001-06": {
            "month": "2001-06",
            "price": "59.76",
            "revenue": 87098
        },
        "2001-07": {
            "month": "2001-07",
            "price": "53.49",
            "revenue": 72545
        },
        "2001-08": {
            "month": "2001-08",
            "price": "46.74",
            "revenue": 74701
        },
        "2001-09": {
            "month": "2001-09",
            "price": "34.81",
            "revenue": 60494
        },
        "2001-10": {
            "month": "2001-10",
            "price": "32.26",
            "revenue": 57677
        },
        "2001-11": {
            "month": "2001-11",
            "price": "35.49",
            "revenue": 60098
        },
        "2001-12": {
            "month": "2001-12",
            "price": "43.48",
            "revenue": 58136
        },
        "2002-01": {
            "month": "2002-01",
            "price": "42.95",
            "revenue": 67950
        },
        "2002-02": {
            "month": "2002-02",
            "price": "40.91",
            "revenue": 57942
        },
        "2002-03": {
            "month": "2002-03",
            "price": "41.57",
            "revenue": 77809
        },
        "2002-04": {
            "month": "2002-04",
            "price": "41.95",
            "revenue": 70425
        },
        "2002-05": {
            "month": "2002-05",
            "price": "38.76",
            "revenue": 73892
        },
        "2002-06": {
            "month": "2002-06",
            "price": "36.86",
            "revenue": 66914
        },
        "2002-07": {
            "month": "2002-07",
            "price": "30.07",
            "revenue": 59140
        },
        "2002-08": {
            "month": "2002-08",
            "price": "26.66",
            "revenue": 66354
        },
        "2002-09": {
            "month": "2002-09",
            "price": "23.24",
            "revenue": 57471
        },
        "2002-10": {
            "month": "2002-10",
            "price": "19.45",
            "revenue": 62033
        },
        "2002-11": {
            "month": "2002-11",
            "price": "20.37",
            "revenue": 68090
        },
        "2002-12": {
            "month": "2002-12",
            "price": "19.38",
            "revenue": 87729
        },
        "2003-01": {
            "month": "2003-01",
            "price": "19.59",
            "revenue": 78384
        },
        "2003-02": {
            "month": "2003-02",
            "price": "18.84",
            "revenue": 57459
        },
        "2003-03": {
            "month": "2003-03",
            "price": "19.41",
            "revenue": 85249
        },
        "2003-04": {
            "month": "2003-04",
            "price": "22.01",
            "revenue": 91165
        },
        "2003-05": {
            "month": "2003-05",
            "price": "30.37",
            "revenue": 100094
        },
        "2003-06": {
            "month": "2003-06",
            "price": "35.87",
            "revenue": 79956
        },
        "2003-07": {
            "month": "2003-07",
            "price": "34.81",
            "revenue": 84101
        },
        "2003-08": {
            "month": "2003-08",
            "price": "31.23",
            "revenue": 86824
        },
        "2003-09": {
            "month": "2003-09",
            "price": "30.79",
            "revenue": 102070
        },
        "2003-10": {
            "month": "2003-10",
            "price": "31.72",
            "revenue": 107496
        },
        "2003-11": {
            "month": "2003-11",
            "price": "33.42",
            "revenue": 110365
        },
        "2003-12": {
            "month": "2003-12",
            "price": "37.01",
            "revenue": 120206
        },
        "2004-01": {
            "month": "2004-01",
            "price": "40.71",
            "revenue": 119174
        },
        "2004-02": {
            "month": "2004-02",
            "price": "49.16",
            "revenue": 135230
        },
        "2004-03": {
            "month": "2004-03",
            "price": "54.65",
            "revenue": 168719
        },
        "2004-04": {
            "month": "2004-04",
            "price": "62.73",
            "revenue": 172171
        },
        "2004-05": {
            "month": "2004-05",
            "price": "52.67",
            "revenue": 165354
        },
        "2004-06": {
            "month": "2004-06",
            "price": "47.73",
            "revenue": 185794
        },
        "2004-07": {
            "month": "2004-07",
            "price": "40.60",
            "revenue": 155529
        },
        "2004-08": {
            "month": "2004-08",
            "price": "41.08",
            "revenue": 161862
        },
        "2004-09": {
            "month": "2004-09",
            "price": "46.90",
            "revenue": 157182
        },
        "2004-10": {
            "month": "2004-10",
            "price": "39.91",
            "revenue": 170080
        },
        "2004-11": {
            "month": "2004-11",
            "price": "40.23",
            "revenue": 168620
        },
        "2004-12": {
            "month": "2004-12",
            "price": "41.16",
            "revenue": 129628
        },
        "2005-01": {
            "month": "2005-01",
            "price": "40.25",
            "revenue": 157178
        },
        "2005-02": {
            "month": "2005-02",
            "price": "43.94",
            "revenue": 120421
        },
        "2005-03": {
            "month": "2005-03",
            "price": "48.57",
            "revenue": 162262
        },
        "2005-04": {
            "month": "2005-04",
            "price": "47.55",
            "revenue": 148167
        },
        "2005-05": {
            "month": "2005-05",
            "price": "44.58",
            "revenue": 132971
        },
        "2005-06": {
            "month": "2005-06",
            "price": "43.81",
            "revenue": 136548
        },
        "2005-07": {
            "month": "2005-07",
            "price": "46.79",
            "revenue": 150293
        },
        "2005-08": {
            "month": "2005-08",
            "price": "42.73",
            "revenue": 153196
        },
        "2005-09": {
            "month": "2005-09",
            "price": "40.45",
            "revenue": 173103
        },
        "2005-10": {
            "month": "2005-10",
            "price": "41.78",
            "revenue": 180298
        },
        "2005-11": {
            "month": "2005-11",
            "price": "45.14",
            "revenue": 200474
        },
        "2005-12": {
            "month": "2005-12",
            "price": "49.26",
            "revenue": 196213
        },
        "2006-01": {
            "month": "2006-01",
            "price": "51.24",
            "revenue": 203000
        },
        "2006-02": {
            "month": "2006-02",
            "price": "51.54",
            "revenue": 171182
        },
        "2006-03": {
            "month": "2006-03",
            "price": "56.04",
            "revenue": 230780
        },
        "2006-04": {
            "month": "2006-04",
            "price": "60.00",
            "revenue": 243548
        },
        "2006-05": {
            "month": "2006-05",
            "price": "61.08",
            "revenue": 251495
        },
        "2006-06": {
            "month": "2006-06",
            "price": "54.99",
            "revenue": 260304
        },
        "2006-07": {
            "month": "2006-07",
            "price": "59.48",
            "revenue": 245616
        },
        "2006-08": {
            "month": "2006-08",
            "price": "56.92",
            "revenue": 206803
        },
        "2006-09": {
            "month": "2006-09",
            "price": "55.29",
            "revenue": 231231
        },
        "2006-10": {
            "month": "2006-10",
            "price": "58.14",
            "revenue": 255742
        },
        "2006-11": {
            "month": "2006-11",
            "price": "58.69",
            "revenue": 202922
        },
        "2006-12": {
            "month": "2006-12",
            "price": "62.77",
            "revenue": 206157
        },
        "2007-01": {
            "month": "2007-01",
            "price": "72.77",
            "revenue": 241018
        },
        "2007-02": {
            "month": "2007-02",
            "price": "83.08",
            "revenue": 139573
        },
        "2007-03": {
            "month": "2007-03",
            "price": "84.17",
            "revenue": 208755
        },
        "2007-04": {
            "month": "2007-04",
            "price": "84.68",
            "revenue": 221398
        },
        "2007-05": {
            "month": "2007-05",
            "price": "79.73",
            "revenue": 240325
        },
        "2007-06": {
            "month": "2007-06",
            "price": "89.86",
            "revenue": 260171
        },
        "2007-07": {
            "month": "2007-07",
            "price": "106.63",
            "revenue": 240764
        },
        "2007-08": {
            "month": "2007-08",
            "price": "82.24",
            "revenue": 253966
        },
        "2007-09": {
            "month": "2007-09",
            "price": "80.55",
            "revenue": 247002
        },
        "2007-10": {
            "month": "2007-10",
            "price": "76.19",
            "revenue": 225189
        },
        "2007-11": {
            "month": "2007-11",
            "price": "64.78",
            "revenue": 270163
        },
        "2007-12": {
            "month": "2007-12",
            "price": "60.23",
            "revenue": 283388
        },
        "2008-01": {
            "month": "2008-01",
            "price": "54.83",
            "revenue": 251009
        },
        "2008-02": {
            "month": "2008-02",
            "price": "51.95",
            "revenue": 226549
        },
        "2008-03": {
            "month": "2008-03",
            "price": "51.02",
            "revenue": 270254
        },
        "2008-04": {
            "month": "2008-04",
            "price": "56.49",
            "revenue": 247077
        },
        "2008-05": {
            "month": "2008-05",
            "price": "54.69",
            "revenue": 266874
        },
        "2008-06": {
            "month": "2008-06",
            "price": "46.29",
            "revenue": 261854
        },
        "2008-07": {
            "month": "2008-07",
            "price": "39.64",
            "revenue": 230225
        },
        "2008-08": {
            "month": "2008-08",
            "price": "36.67",
            "revenue": 230584
        },
        "2008-09": {
            "month": "2008-09",
            "price": "31.65",
            "revenue": 261502
        },
        "2008-10": {
            "month": "2008-10",
            "price": "22.81",
            "revenue": 246241
        },
        "2008-11": {
            "month": "2008-11",
            "price": "18.80",
            "revenue": 206917
        },
        "2008-12": {
            "month": "2008-12",
            "price": "18.88",
            "revenue": 240777
        },
        "2009-01": {
            "month": "2009-01",
            "price": "22.20",
            "revenue": 223116
        },
        "2009-02": {
            "month": "2009-02",
            "price": "27.12",
            "revenue": 220698
        },
        "2009-03": {
            "month": "2009-03",
            "price": "27.48",
            "revenue": 174063
        },
        "2009-04": {
            "month": "2009-04",
            "price": "30.02",
            "revenue": 194514
        },
        "2009-05": {
            "month": "2009-05",
            "price": "30.29",
            "revenue": 192334
        },
        "2009-06": {
            "month": "2009-06",
            "price": "30.22",
            "revenue": 177569
        },
        "2009-07": {
            "month": "2009-07",
            "price": "30.22",
            "revenue": 190561
        },
        "2009-08": {
            "month": "2009-08",
            "price": "27.37",
            "revenue": 195593
        },
        "2009-09": {
            "month": "2009-09",
            "price": "28.66",
            "revenue": 185165
        },
        "2009-10": {
            "month": "2009-10",
            "price": "29.89",
            "revenue": 195099
        },
        "2009-11": {
            "month": "2009-11",
            "price": "31.32",
            "revenue": 184708
        },
        "2009-12": {
            "month": "2009-12",
            "price": "34.17",
            "revenue": 221418
        },
        "2010-01": {
            "month": "2010-01",
            "price": "33.00",
            "revenue": 191955
        },
        "2010-02": {
            "month": "2010-02",
            "price": "29.51",
            "revenue": 181877
        },
        "2010-03": {
            "month": "2010-03",
            "price": "31.29",
            "revenue": 251338
        },
        "2010-04": {
            "month": "2010-04",
            "price": "35.42",
            "revenue": 254636
        },
        "2010-05": {
            "month": "2010-05",
            "price": "36.10",
            "revenue": 249574
        },
        "2010-06": {
            "month": "2010-06",
            "price": "35.80",
            "revenue": 286614
        },
        "2010-07": {
            "month": "2010-07",
            "price": "34.85",
            "revenue": 254423
        },
        "2010-08": {
            "month": "2010-08",
            "price": "35.02",
            "revenue": 228711
        },
        "2010-09": {
            "month": "2010-09",
            "price": "31.94",
            "revenue": 240130
        },
        "2010-10": {
            "month": "2010-10",
            "price": "31.63",
            "revenue": 272558
        },
        "2010-11": {
            "month": "2010-11",
            "price": "29.57",
            "revenue": 248319
        },
        "2010-12": {
            "month": "2010-12",
            "price": "31.06",
            "revenue": 210867
        },
        "2011-01": {
            "month": "2011-01",
            "price": "30.50",
            "revenue": 224823
        },
        "2011-02": {
            "month": "2011-02",
            "price": "29.82",
            "revenue": 167966
        },
        "2011-03": {
            "month": "2011-03",
            "price": "29.32",
            "revenue": 235240
        },
        "2011-04": {
            "month": "2011-04",
            "price": "28.51",
            "revenue": 186245
        },
        "2011-05": {
            "month": "2011-05",
            "price": "26.94",
            "revenue": 176374
        },
        "2011-06": {
            "month": "2011-06",
            "price": "26.37",
            "revenue": 208910
        },
        "2011-07": {
            "month": "2011-07",
            "price": "24.79",
            "revenue": 187783
        },
        "2011-08": {
            "month": "2011-08",
            "price": "23.04",
            "revenue": 213231
        },
        "2011-09": {
            "month": "2011-09",
            "price": "23.82",
            "revenue": 227957
        },
        "2011-10": {
            "month": "2011-10",
            "price": "24.31",
            "revenue": 205575
        },
        "2011-11": {
            "month": "2011-11",
            "price": "27.02",
            "revenue": 216746
        },
        "2011-12": {
            "month": "2011-12",
            "price": "26.38",
            "revenue": 202621
        },
        "2012-01": {
            "month": "2012-01",
            "price": "25.58",
            "revenue": 186972
        },
        "2012-02": {
            "month": "2012-02",
            "price": "27.94",
            "revenue": 187598
        },
        "2012-03": {
            "month": "2012-03",
            "price": "27.94",
            "revenue": 227131
        },
        "2012-04": {
            "month": "2012-04",
            "price": "27.20",
            "revenue": 197168
        },
        "2012-05": {
            "month": "2012-05",
            "price": "29.04",
            "revenue": 266560
        },
        "2012-06": {
            "month": "2012-06",
            "price": "28.81",
            "revenue": 292868
        },
        "2012-07": {
            "month": "2012-07",
            "price": "31.04",
            "revenue": 207941
        },
        "2012-08": {
            "month": "2012-08",
            "price": "33.15",
            "revenue": 219328
        },
        "2012-09": {
            "month": "2012-09",
            "price": "32.02",
            "revenue": 211307
        },
        "2012-10": {
            "month": "2012-10",
            "price": "29.70",
            "revenue": 199742
        },
        "2012-11": {
            "month": "2012-11",
            "price": "28.75",
            "revenue": 166168
        },
        "2012-12": {
            "month": "2012-12",
            "price": "28.36",
            "revenue": 191799
        },
        "2013-01": {
            "month": "2013-01",
            "price": "28.68",
            "revenue": 359912
        },
        "2013-02": {
            "month": "2013-02",
            "price": "29.10",
            "revenue": 323246
        },
        "2013-03": {
            "month": "2013-03",
            "price": "29.33",
            "revenue": 495399
        },
        "2013-04": {
            "month": "2013-04",
            "price": "30.34",
            "revenue": 376246
        },
        "2013-05": {
            "month": "2013-05",
            "price": "29.50",
            "revenue": 375051
        },
        "2013-06": {
            "month": "2013-06",
            "price": "28.83",
            "revenue": 481097
        },
        "2013-07": {
            "month": "2013-07",
            "price": "29.38",
            "revenue": 437843
        },
        "2013-08": {
            "month": "2013-08",
            "price": "28.91",
            "revenue": 378077
        },
        "2013-09": {
            "month": "2013-09",
            "price": "26.70",
            "revenue": 473038
        },
        "2013-10": {
            "month": "2013-10",
            "price": "27.31",
            "revenue": 425557
        },
        "2013-11": {
            "month": "2013-11",
            "price": "27.07",
            "revenue": 372306
        },
        "2013-12": {
            "month": "2013-12",
            "price": "27.59",
            "revenue": 610957
        },
        "2014-01": {
            "month": "2014-01",
            "price": "30.53",
            "revenue": 364707
        },
        "2014-02": {
            "month": "2014-02",
            "price": "33.03",
            "revenue": 345638
        },
        "2014-03": {
            "month": "2014-03",
            "price": "33.59",
            "revenue": 477545
        },
        "2014-04": {
            "month": "2014-04",
            "price": "33.25",
            "revenue": 502069
        },
        "2014-05": {
            "month": "2014-05",
            "price": "33.13",
            "revenue": 438200
        },
        "2014-06": {
            "month": "2014-06",
            "price": "34.06",
            "revenue": 599829
        },
        "2014-07": {
            "month": "2014-07",
            "price": "34.37",
            "revenue": 488729
        },
        "2014-08": {
            "month": "2014-08",
            "price": "38.26",
            "revenue": 497369
        },
        "2014-09": {
            "month": "2014-09",
            "price": "41.70",
            "revenue": 541568
        },
        "2014-10": {
            "month": "2014-10",
            "price": "44.43",
            "revenue": 548159
        },
        "2014-11": {
            "month": "2014-11",
            "price": "44.65",
            "revenue": 577190
        },
        "2014-12": {
            "month": "2014-12",
            "price": "53.44",
            "revenue": 611039
        },
        "2015-01": {
            "month": "2015-01",
            "price": "58.52",
            "revenue": 435487
        },
        "2015-02": {
            "month": "2015-02",
            "price": "54.25",
            "revenue": 444582
        },
        "2015-03": {
            "month": "2015-03",
            "price": "55.86",
            "revenue": 491768
        },
        "2015-04": {
            "month": "2015-04",
            "price": "56.22",
            "revenue": 489006
        },
        "2015-05": {
            "month": "2015-05",
            "price": "51.84",
            "revenue": 474450
        },
        "2015-06": {
            "month": "2015-06",
            "price": "51.68",
            "revenue": 445430
        },
        "2015-07": {
            "month": "2015-07",
            "price": "43.07",
            "revenue": 485088
        },
        "2015-08": {
            "month": "2015-08",
            "price": "37.01",
            "revenue": 436452
        },
        "2015-09": {
            "month": "2015-09",
            "price": "42.33",
            "revenue": 516885
        },
        "2015-10": {
            "month": "2015-10",
            "price": "42.71",
            "revenue": 467099
        },
        "2015-11": {
            "month": "2015-11",
            "price": "42.69",
            "revenue": 435861
        },
        "2015-12": {
            "month": "2015-12",
            "price": "42.02",
            "revenue": 549426
        },
        "2016-01": {
            "month": "2016-01",
            "price": "41.86",
            "revenue": 420247
        },
        "2016-02": {
            "month": "2016-02",
            "price": "42.88",
            "revenue": 388014
        },
        "2016-03": {
            "month": "2016-03",
            "price": "43.95",
            "revenue": 534197
        },
        "2016-04": {
            "month": "2016-04",
            "price": "46.82",
            "revenue": 590692
        },
        "2016-05": {
            "month": "2016-05",
            "price": "47.88",
            "revenue": 510556
        },
        "2016-06": {
            "month": "2016-06",
            "price": "49.63",
            "revenue": 443785
        },
        "2016-07": {
            "month": "2016-07",
            "price": "52.48",
            "revenue": 498659
        },
        "2016-08": {
            "month": "2016-08",
            "price": "50.86",
            "revenue": 409405
        },
        "2016-09": {
            "month": "2016-09",
            "price": "45.44",
            "revenue": 472565
        },
        "2016-10": {
            "month": "2016-10",
            "price": "43.34",
            "revenue": 362957
        },
        "2016-11": {
            "month": "2016-11",
            "price": "39.22",
            "revenue": 407894
        },
        "2016-12": {
            "month": "2016-12",
            "price": "39.31",
            "revenue": 485744
        },
        "2017-01": {
            "month": "2017-01",
            "price": "39.36",
            "revenue": 381991
        },
        "2017-02": {
            "month": "2017-02",
            "price": "39.78",
            "revenue": 343867
        },
        "2017-03": {
            "month": "2017-03",
            "price": "39.60",
            "revenue": 422046
        },
        "2017-04": {
            "month": "2017-04",
            "price": "38.38",
            "revenue": 378947
        },
        "2017-05": {
            "month": "2017-05",
            "price": "37.88",
            "revenue": 425684
        },
        "2017-06": {
            "month": "2017-06",
            "price": "40.67",
            "revenue": 472505
        },
        "2017-07": {
            "month": "2017-07",
            "price": "47.14",
            "revenue": 474578
        },
        "2017-08": {
            "month": "2017-08",
            "price": "49.16",
            "revenue": 484422
        },
        "2017-09": {
            "month": "2017-09",
            "price": "49.62",
            "revenue": 392733
        }
    }
}
