{
    "summary": {
        "stock_name": "華美",
        "stock_id": "6107",
        "category": "電子工業",
        "main_business": "記憶體相關產品<br>電源供應器<br>負離子空氣活化器關鍵零組件、數字化精準有機農業設備",
        "website_url": "",
        "ceo": "楊名衡",
        "pe_ratio": -5,
        "report_year_from": 2001,
        "report_year_to": 2017,
        "age": 22,
        "eps_negative_percentage": 59,
        "eps_growth_avg": {
            "last_all": -10.88,
            "last_2y": -34.43,
            "last_4y": -15.23,
            "last_8y": -10.88,
            "last_12y": -10.88,
            "last_16y": null,
            "last_20y": null,
            "at_2006_last_3y": null,
            "at_2007_last_3y": null,
            "at_2008_last_3y": null,
            "at_2009_last_3y": null,
            "at_2010_last_3y": 100,
            "at_2011_last_3y": 0,
            "at_2012_last_3y": 0,
            "at_2013_last_3y": -24.29,
            "at_2014_last_3y": -24.29,
            "at_2015_last_3y": -6.83,
            "at_2016_last_3y": 5.96,
            "at_2017_last_3y": -0.82,
            "at_2018_last_3y": -0.82,
            "at_2019_last_3y": -0.82,
            "at_2020_last_3y": -0.82,
            "at_2021_last_3y": -0.82,
            "at_2022_last_3y": -0.82,
            "at_2023_last_3y": -0.82,
            "at_2006_last_all": null,
            "at_2007_last_all": null,
            "at_2008_last_all": null,
            "at_2009_last_all": null,
            "at_2010_last_all": 100,
            "at_2011_last_all": 0,
            "at_2012_last_all": 0,
            "at_2013_last_all": -24.29,
            "at_2014_last_all": 6.78,
            "at_2015_last_all": -4.1,
            "at_2016_last_all": 3.97,
            "at_2017_last_all": -10.88,
            "at_2018_last_all": -10.88,
            "at_2019_last_all": -10.88,
            "at_2020_last_all": -10.88,
            "at_2021_last_all": -10.88,
            "at_2022_last_all": -10.88,
            "at_2023_last_all": -10.88
        },
        "latest_eps": -0.72,
        "latest_price": 3.65,
        "latest_roe": -4.83,
        "latest_gross_margin": 2.3,
        "latest_equity": 1257682,
        "latest_revenue": 2215076,
        "latest_gross_profit": 51033,
        "latest_net_income": 772,
        "latest_debt_ratio": 73.37,
        "latest_current_ratio": 124.02,
        "latest_account_receivable_turnover_ratio": 0.58,
        "latest_inventory_turnover_ratio": 19.86,
        "latest_reinvestment_rate": 17.96,
        "latest_research_to_sale_ratio": 0.1
    },
    "eps_dividends": {
        "1999": {
            "cash": 0,
            "stock": 2.5,
            "eps": 0
        },
        "2000": {
            "cash": 0,
            "stock": 2,
            "eps": 0
        },
        "2001": {
            "cash": 0,
            "stock": 2,
            "eps": -0.9
        },
        "2002": {
            "cash": 0,
            "stock": 0,
            "eps": -1.69
        },
        "2003": {
            "cash": 0,
            "stock": 0,
            "eps": -0.28
        },
        "2004": {
            "cash": 0,
            "stock": 0,
            "eps": -2.84
        },
        "2005": {
            "cash": 0,
            "stock": 0,
            "eps": -1.79
        },
        "2006": {
            "cash": 0,
            "stock": 0,
            "eps": -1.47
        },
        "2007": {
            "cash": 0,
            "stock": 0,
            "eps": -0.29
        },
        "2008": {
            "cash": 0,
            "stock": 0,
            "eps": -0.41
        },
        "2009": {
            "cash": 0,
            "stock": 0,
            "eps": 0
        },
        "2010": {
            "cash": 0,
            "stock": 0,
            "eps": 0.02
        },
        "2011": {
            "cash": 0,
            "stock": 0,
            "eps": -1.26
        },
        "2012": {
            "cash": 0,
            "stock": 0,
            "eps": 1.88
        },
        "2013": {
            "cash": 0,
            "stock": 0,
            "eps": 0.51
        },
        "2014": {
            "cash": 0,
            "stock": 0,
            "eps": 4.22
        },
        "2015": {
            "cash": 0,
            "stock": 2.5,
            "eps": 2.21
        },
        "2016": {
            "cash": 0.2,
            "stock": 0.8,
            "eps": 3.19
        },
        "2017": {
            "cash": 0.24,
            "stock": 0.96,
            "eps": -0.78
        }
    },
    "dividends": {
        "1999-07-20": {
            "cash": 0,
            "stock": 2.5
        },
        "2000-06-26": {
            "cash": 0,
            "stock": 2
        },
        "2001-05-11": {
            "cash": 0,
            "stock": 2
        },
        "2015-03-26": {
            "cash": 0,
            "stock": 2.5
        },
        "2016-10-05": {
            "cash": 0.2,
            "stock": 0.8
        },
        "2017-08-16": {
            "cash": 0.24,
            "stock": 0.96
        }
    },
    "prices": {
        "200101": "無",
        "200102": "無",
        "200103": "無",
        "200104": "無",
        "200105": "無",
        "200106": "25.94",
        "200107": "22.13",
        "200108": "12.70",
        "200109": "8.19",
        "200110": "7.25",
        "200111": "9.94",
        "200112": "16.26",
        "200201": "17.50",
        "200202": "16.75",
        "200203": "20.26",
        "200204": "18.59",
        "200205": "13.02",
        "200206": "10.76",
        "200207": "9.81",
        "200208": "8.35",
        "200209": "7.18",
        "200210": "7.89",
        "200211": "7.90",
        "200212": "6.62",
        "200301": "6.91",
        "200302": "6.63",
        "200303": "6.48",
        "200304": "6.66",
        "200305": "6.24",
        "200306": "7.46",
        "200307": "9.48",
        "200308": "8.50",
        "200309": "7.05",
        "200310": "7.45",
        "200311": "8.58",
        "200312": "8.89",
        "200401": "9.09",
        "200402": "9.54",
        "200403": "8.61",
        "200404": "8.64",
        "200405": "6.69",
        "200406": "6.60",
        "200407": "5.87",
        "200408": "5.50",
        "200409": "4.75",
        "200410": "5.17",
        "200411": "4.90",
        "200412": "4.70",
        "200501": "4.43",
        "200502": "4.70",
        "200503": "4.70",
        "200504": "4.16",
        "200505": "3.39",
        "200506": "3.68",
        "200507": "3.86",
        "200508": "3.55",
        "200509": "3.13",
        "200510": "3.11",
        "200511": "2.96",
        "200512": "3.08",
        "200601": "3.98",
        "200602": "4.33",
        "200603": "4.27",
        "200604": "4.78",
        "200605": "3.47",
        "200606": "4.04",
        "200607": "3.72",
        "200608": "3.80",
        "200609": "3.67",
        "200610": "3.72",
        "200611": "3.65",
        "200612": "4.06",
        "200701": "5.45",
        "200702": "5.80",
        "200703": "5.24",
        "200704": "5.97",
        "200705": "5.89",
        "200706": "5.67",
        "200707": "4.92",
        "200708": "4.65",
        "200709": "6.78",
        "200710": "7.05",
        "200711": "7.22",
        "200712": "8.11",
        "200801": "7.85",
        "200802": "7.17",
        "200803": "6.66",
        "200804": "6.24",
        "200805": "6.61",
        "200806": "5.33",
        "200807": "3.87",
        "200808": "3.67",
        "200809": "3.17",
        "200810": "3.28",
        "200811": "3.39",
        "200812": "3.62",
        "200901": "3.52",
        "200902": "3.38",
        "200903": "3.51",
        "200904": "4.70",
        "200905": "4.44",
        "200906": "4.77",
        "200907": "4.66",
        "200908": "4.81",
        "200909": "4.85",
        "200910": "8.30",
        "200911": "10.38",
        "200912": "9.70",
        "201001": "9.69",
        "201002": "9.84",
        "201003": "9.87",
        "201004": "11.91",
        "201005": "11.25",
        "201006": "10.51",
        "201007": "11.12",
        "201008": "11.08",
        "201009": "10.52",
        "201010": "9.39",
        "201011": "7.14",
        "201012": "8.11",
        "201101": "8.25",
        "201102": "8.25",
        "201103": "9.87",
        "201104": "12.99",
        "201105": "22.08",
        "201106": "30.33",
        "201107": "39.44",
        "201108": "40.70",
        "201109": "49.82",
        "201110": "60.38",
        "201111": "72.81",
        "201112": "69.17",
        "201201": "57.11",
        "201202": "57.41",
        "201203": "57.60",
        "201204": "56.09",
        "201205": "52.62",
        "201206": "49.14",
        "201207": "57.94",
        "201208": "55.73",
        "201209": "57.69",
        "201210": "57.65",
        "201211": "51.61",
        "201212": "49.14",
        "201301": "47.72",
        "201302": "45.04",
        "201303": "43.30",
        "201304": "56.44",
        "201305": "59.22",
        "201306": "58.14",
        "201307": "58.57",
        "201308": "62.39",
        "201309": "59.66",
        "201310": "54.37",
        "201311": "53.25",
        "201312": "50.25",
        "201401": "50.30",
        "201402": "58.88",
        "201403": "77.68",
        "201404": "91.33",
        "201405": "86.90",
        "201406": "88.56",
        "201407": "87.29",
        "201408": "85.31",
        "201409": "83.50",
        "201410": "85.52",
        "201411": "90.06",
        "201412": "88.93",
        "201501": "88.50",
        "201502": "89.48",
        "201503": "100.60",
        "201504": "93.88",
        "201505": "91.58",
        "201506": "89.09",
        "201507": "82.20",
        "201508": "71.91",
        "201509": "72.25",
        "201510": "78.93",
        "201511": "76.73",
        "201512": "73.63",
        "201601": "79.00",
        "201602": "89.97",
        "201603": "91.90",
        "201604": "90.38",
        "201605": "83.70",
        "201606": "85.78",
        "201607": "91.86",
        "201608": "85.64",
        "201609": "76.18",
        "201610": "70.08",
        "201611": "65.55",
        "201612": "69.36",
        "201701": "72.27",
        "201702": "78.28",
        "201703": "82.13",
        "201704": "71.73",
        "201705": "63.73",
        "201706": "62.96",
        "201707": "51.81",
        "201708": "35.05",
        "201709": "22.65",
        "201710": "19.71",
        "201711": "6.19",
        "201712": "無",
        "201801": "無",
        "201802": "無",
        "201803": "無",
        "201804": "無",
        "201805": "無",
        "201806": "無",
        "201807": "無",
        "201808": "無",
        "201809": "無",
        "201810": "無",
        "201811": "無",
        "201812": "無",
        "201901": "無",
        "201902": "無",
        "201903": "無",
        "201904": "無",
        "201905": "無",
        "201906": "無",
        "201907": "無",
        "201908": "無",
        "201909": "無",
        "201910": "無",
        "201911": "無",
        "201912": "無",
        "202001": "無",
        "202002": "無",
        "202003": "無",
        "202004": "無",
        "202005": "無",
        "202006": "無",
        "202007": "無",
        "202008": "無",
        "202009": "無",
        "202010": "無",
        "202011": "無",
        "202012": "無",
        "202101": "無",
        "202102": "無",
        "202103": "無",
        "202104": "無",
        "202105": "無",
        "202106": "無",
        "202107": "無",
        "202108": "無",
        "202109": "無",
        "202110": "無",
        "202111": "無",
        "202112": "無",
        "202201": "無",
        "202202": "無",
        "202203": "無",
        "202204": "無",
        "202205": "無",
        "202206": "無",
        "202207": "無",
        "202208": "無",
        "202209": "無",
        "202210": "無",
        "202211": "無",
        "202212": "無",
        "202301": "無",
        "202302": "無",
        "202303": "無",
        "202304": "無",
        "202305": "無",
        "202306": "無",
        "202307": "無",
        "202308": "無",
        "202309": "無"
    },
    "quarters": {
        "20011": {
            "year_quarter": 20011,
            "year": 2001,
            "quarter": 1,
            "eps": 0.16,
            "eps_growth_year": 433.33,
            "eps_4q": 2.27,
            "eps_4q_growth_year": null,
            "roe": 1.05,
            "roe_4q": 1.05,
            "gross_profit": 41293,
            "gross_margin": 9.42,
            "gross_margin_4q_avg": 9.42,
            "net_income": 7202,
            "revenue": 438224,
            "common_shares": 455000,
            "book_valuer_per_share": 14.92,
            "book_valuer_per_share_4q_avg": 14.92,
            "equity": 678888,
            "current_ratio": 180.54,
            "debt_ratio": 36.59,
            "inventory_turnover_ratio": 1.99,
            "account_receivable_turnover_ratio": null,
            "reinvestment_rate": null,
            "research_to_sale_ratio": null,
            "price_fair": 0,
            "eps_avg_yearly": 0,
            "eps_latest_yearly": 0,
            "eps_growth_yearly": 0
        },
        "20012": {
            "year_quarter": 20012,
            "year": 2001,
            "quarter": 2,
            "eps": 0,
            "eps_growth_year": -100,
            "eps_4q": 1.52,
            "eps_4q_growth_year": null,
            "roe": -0.01,
            "roe_4q": 1.04,
            "gross_profit": 38933,
            "gross_margin": 12.08,
            "gross_margin_4q_avg": 10.75,
            "net_income": -79,
            "revenue": 322396,
            "common_shares": 455000,
            "book_valuer_per_share": 15.15,
            "book_valuer_per_share_4q_avg": 15.04,
            "equity": 689519,
            "current_ratio": 239.3,
            "debt_ratio": 28.24,
            "inventory_turnover_ratio": 3,
            "account_receivable_turnover_ratio": null,
            "reinvestment_rate": null,
            "research_to_sale_ratio": null,
            "price_fair": 0,
            "eps_avg_yearly": 0,
            "eps_latest_yearly": 0,
            "eps_growth_yearly": 0
        },
        "20013": {
            "year_quarter": 20013,
            "year": 2001,
            "quarter": 3,
            "eps": 0.22,
            "eps_growth_year": -66.67,
            "eps_4q": 1.04,
            "eps_4q_growth_year": null,
            "roe": 1.72,
            "roe_4q": 2.76,
            "gross_profit": 49567,
            "gross_margin": 13.86,
            "gross_margin_4q_avg": 11.79,
            "net_income": 11878,
            "revenue": 357519,
            "common_shares": 550299,
            "book_valuer_per_share": 12.51,
            "book_valuer_per_share_4q_avg": 14.19,
            "equity": 688254,
            "current_ratio": 274.71,
            "debt_ratio": 27.98,
            "inventory_turnover_ratio": 3.75,
            "account_receivable_turnover_ratio": null,
            "reinvestment_rate": null,
            "research_to_sale_ratio": null,
            "price_fair": 0,
            "eps_avg_yearly": 0,
            "eps_latest_yearly": 0,
            "eps_growth_yearly": 0
        },
        "20014": {
            "year_quarter": 20014,
            "year": 2001,
            "quarter": 4,
            "eps": -1.28,
            "eps_growth_year": -256.1,
            "eps_4q": -0.81,
            "eps_4q_growth_year": -138.16,
            "roe": -10.64,
            "roe_4q": -7.88,
            "gross_profit": 44638,
            "gross_margin": 13.02,
            "gross_margin_4q_avg": 12.1,
            "net_income": -70458,
            "revenue": 342859,
            "common_shares": 550299,
            "book_valuer_per_share": 11.38,
            "book_valuer_per_share_4q_avg": 13.49,
            "equity": 636241,
            "current_ratio": 167.22,
            "debt_ratio": 43.74,
            "inventory_turnover_ratio": 2.56,
            "account_receivable_turnover_ratio": null,
            "reinvestment_rate": null,
            "research_to_sale_ratio": null,
            "price_fair": 0,
            "eps_avg_yearly": 0,
            "eps_latest_yearly": 0,
            "eps_growth_yearly": 0
        },
        "20021": {
            "year_quarter": 20021,
            "year": 2002,
            "quarter": 1,
            "eps": -0.54,
            "eps_growth_year": -437.5,
            "eps_4q": -1.61,
            "eps_4q_growth_year": -171.07,
            "roe": -4.79,
            "roe_4q": -13.719999999999999,
            "gross_profit": 22401,
            "gross_margin": 10.69,
            "gross_margin_4q_avg": 12.41,
            "net_income": -29548,
            "revenue": 209477,
            "common_shares": 550299,
            "book_valuer_per_share": 10.85,
            "book_valuer_per_share_4q_avg": 12.47,
            "equity": 597232,
            "current_ratio": 240.59,
            "debt_ratio": 32.92,
            "inventory_turnover_ratio": 1.78,
            "account_receivable_turnover_ratio": null,
            "reinvestment_rate": null,
            "research_to_sale_ratio": null,
            "price_fair": 0,
            "eps_avg_yearly": 0,
            "eps_latest_yearly": 0,
            "eps_growth_yearly": 0
        },
        "20022": {
            "year_quarter": 20022,
            "year": 2002,
            "quarter": 2,
            "eps": -0.6,
            "eps_growth_year": null,
            "eps_4q": -2.2,
            "eps_4q_growth_year": -244.69,
            "roe": -5.7,
            "roe_4q": -19.410000000000004,
            "gross_profit": 35296,
            "gross_margin": 14.38,
            "gross_margin_4q_avg": 12.99,
            "net_income": -32915,
            "revenue": 245392,
            "common_shares": 550299,
            "book_valuer_per_share": 10.14,
            "book_valuer_per_share_4q_avg": 11.22,
            "equity": 558056,
            "current_ratio": 216.18,
            "debt_ratio": 35.83,
            "inventory_turnover_ratio": 4.37,
            "account_receivable_turnover_ratio": null,
            "reinvestment_rate": null,
            "research_to_sale_ratio": null,
            "price_fair": 0,
            "eps_avg_yearly": 0,
            "eps_latest_yearly": 0,
            "eps_growth_yearly": 0
        },
        "20023": {
            "year_quarter": 20023,
            "year": 2002,
            "quarter": 3,
            "eps": -0.11,
            "eps_growth_year": -150,
            "eps_4q": -2.53,
            "eps_4q_growth_year": -342.64,
            "roe": -1.13,
            "roe_4q": -22.26,
            "gross_profit": 38841,
            "gross_margin": 13.62,
            "gross_margin_4q_avg": 12.93,
            "net_income": -6299,
            "revenue": 285254,
            "common_shares": 550299,
            "book_valuer_per_share": 10.11,
            "book_valuer_per_share_4q_avg": 10.62,
            "equity": 556117,
            "current_ratio": 329,
            "debt_ratio": 27.61,
            "inventory_turnover_ratio": 6.17,
            "account_receivable_turnover_ratio": null,
            "reinvestment_rate": null,
            "research_to_sale_ratio": null,
            "price_fair": 0,
            "eps_avg_yearly": 0,
            "eps_latest_yearly": 0,
            "eps_growth_yearly": 0
        },
        "20024": {
            "year_quarter": 20024,
            "year": 2002,
            "quarter": 4,
            "eps": -0.44,
            "eps_growth_year": null,
            "eps_4q": -1.63,
            "eps_4q_growth_year": null,
            "roe": -4.41,
            "roe_4q": -16.03,
            "gross_profit": 31970,
            "gross_margin": 12.35,
            "gross_margin_4q_avg": 12.76,
            "net_income": -24173,
            "revenue": 258830,
            "common_shares": 550299,
            "book_valuer_per_share": 9.68,
            "book_valuer_per_share_4q_avg": 10.2,
            "equity": 539640,
            "current_ratio": 152.83,
            "debt_ratio": 44.46,
            "inventory_turnover_ratio": 2.83,
            "account_receivable_turnover_ratio": null,
            "reinvestment_rate": null,
            "research_to_sale_ratio": null,
            "price_fair": 0,
            "eps_avg_yearly": 0,
            "eps_latest_yearly": 0,
            "eps_growth_yearly": 0
        },
        "20031": {
            "year_quarter": 20031,
            "year": 2003,
            "quarter": 1,
            "eps": -0.12,
            "eps_growth_year": null,
            "eps_4q": -1.23,
            "eps_4q_growth_year": null,
            "roe": -1.29,
            "roe_4q": -12.530000000000001,
            "gross_profit": 35647,
            "gross_margin": 13.94,
            "gross_margin_4q_avg": 13.57,
            "net_income": -6866,
            "revenue": 255668,
            "common_shares": 550299,
            "book_valuer_per_share": 9.53,
            "book_valuer_per_share_4q_avg": 9.87,
            "equity": 524428,
            "current_ratio": 232.12,
            "debt_ratio": 31.8,
            "inventory_turnover_ratio": 2.75,
            "account_receivable_turnover_ratio": null,
            "reinvestment_rate": null,
            "research_to_sale_ratio": null,
            "price_fair": 0,
            "eps_avg_yearly": 0,
            "eps_latest_yearly": 0,
            "eps_growth_yearly": 0
        },
        "20032": {
            "year_quarter": 20032,
            "year": 2003,
            "quarter": 2,
            "eps": -0.24,
            "eps_growth_year": null,
            "eps_4q": -0.92,
            "eps_4q_growth_year": null,
            "roe": -2.53,
            "roe_4q": -9.36,
            "gross_profit": 39214,
            "gross_margin": 12.92,
            "gross_margin_4q_avg": 13.21,
            "net_income": -13109,
            "revenue": 303485,
            "common_shares": 550299,
            "book_valuer_per_share": 9.29,
            "book_valuer_per_share_4q_avg": 9.65,
            "equity": 511180,
            "current_ratio": 220.94,
            "debt_ratio": 34,
            "inventory_turnover_ratio": 7.44,
            "account_receivable_turnover_ratio": null,
            "reinvestment_rate": null,
            "research_to_sale_ratio": null,
            "price_fair": 0,
            "eps_avg_yearly": 0,
            "eps_latest_yearly": 0,
            "eps_growth_yearly": 0
        },
        "20033": {
            "year_quarter": 20033,
            "year": 2003,
            "quarter": 3,
            "eps": 0,
            "eps_growth_year": null,
            "eps_4q": -0.8,
            "eps_4q_growth_year": null,
            "roe": -0.02,
            "roe_4q": -8.25,
            "gross_profit": 48822,
            "gross_margin": 15.83,
            "gross_margin_4q_avg": 13.76,
            "net_income": -127,
            "revenue": 308373,
            "common_shares": 550299,
            "book_valuer_per_share": 9.25,
            "book_valuer_per_share_4q_avg": 9.44,
            "equity": 508880,
            "current_ratio": 199,
            "debt_ratio": 36.98,
            "inventory_turnover_ratio": 6.97,
            "account_receivable_turnover_ratio": null,
            "reinvestment_rate": null,
            "research_to_sale_ratio": null,
            "price_fair": 0,
            "eps_avg_yearly": 0,
            "eps_latest_yearly": 0,
            "eps_growth_yearly": 0
        },
        "20034": {
            "year_quarter": 20034,
            "year": 2003,
            "quarter": 4,
            "eps": 0.08,
            "eps_growth_year": null,
            "eps_4q": -0.28,
            "eps_4q_growth_year": null,
            "roe": 0.88,
            "roe_4q": -2.96,
            "gross_profit": 48072,
            "gross_margin": 14.91,
            "gross_margin_4q_avg": 14.4,
            "net_income": 4527,
            "revenue": 322324,
            "common_shares": 550299,
            "book_valuer_per_share": 9.37,
            "book_valuer_per_share_4q_avg": 9.36,
            "equity": 521214,
            "current_ratio": 127.54,
            "debt_ratio": 52.73,
            "inventory_turnover_ratio": 3.08,
            "account_receivable_turnover_ratio": null,
            "reinvestment_rate": null,
            "research_to_sale_ratio": null,
            "price_fair": 0,
            "eps_avg_yearly": 0,
            "eps_latest_yearly": 0,
            "eps_growth_yearly": 0
        },
        "20041": {
            "year_quarter": 20041,
            "year": 2004,
            "quarter": 1,
            "eps": -0.35,
            "eps_growth_year": null,
            "eps_4q": -0.51,
            "eps_4q_growth_year": null,
            "roe": -3.76,
            "roe_4q": -5.43,
            "gross_profit": 38730,
            "gross_margin": 15.68,
            "gross_margin_4q_avg": 14.84,
            "net_income": -19009,
            "revenue": 247029,
            "common_shares": 550299,
            "book_valuer_per_share": 8.92,
            "book_valuer_per_share_4q_avg": 9.21,
            "equity": 490629,
            "current_ratio": 208.87,
            "debt_ratio": 36.59,
            "inventory_turnover_ratio": 2.29,
            "account_receivable_turnover_ratio": null,
            "reinvestment_rate": null,
            "research_to_sale_ratio": null,
            "price_fair": 0,
            "eps_avg_yearly": 0,
            "eps_latest_yearly": 0,
            "eps_growth_yearly": 0
        },
        "20042": {
            "year_quarter": 20042,
            "year": 2004,
            "quarter": 2,
            "eps": -0.83,
            "eps_growth_year": null,
            "eps_4q": -1.1,
            "eps_4q_growth_year": null,
            "roe": -9.64,
            "roe_4q": -12.54,
            "gross_profit": 35629,
            "gross_margin": 13.57,
            "gross_margin_4q_avg": 15,
            "net_income": -45771,
            "revenue": 262555,
            "common_shares": 550299,
            "book_valuer_per_share": 8.33,
            "book_valuer_per_share_4q_avg": 8.97,
            "equity": 458558,
            "current_ratio": 192.18,
            "debt_ratio": 39.26,
            "inventory_turnover_ratio": 4.62,
            "account_receivable_turnover_ratio": null,
            "reinvestment_rate": null,
            "research_to_sale_ratio": null,
            "price_fair": 0,
            "eps_avg_yearly": 0,
            "eps_latest_yearly": 0,
            "eps_growth_yearly": 0
        },
        "20043": {
            "year_quarter": 20043,
            "year": 2004,
            "quarter": 3,
            "eps": 0.06,
            "eps_growth_year": null,
            "eps_4q": -1.01,
            "eps_4q_growth_year": null,
            "roe": 0.74,
            "roe_4q": -11.78,
            "gross_profit": 39628,
            "gross_margin": 13.13,
            "gross_margin_4q_avg": 14.32,
            "net_income": 3393,
            "revenue": 301793,
            "common_shares": 550299,
            "book_valuer_per_share": 8.4,
            "book_valuer_per_share_4q_avg": 8.76,
            "equity": 462067,
            "current_ratio": 202.14,
            "debt_ratio": 37.91,
            "inventory_turnover_ratio": 4.91,
            "account_receivable_turnover_ratio": null,
            "reinvestment_rate": null,
            "research_to_sale_ratio": null,
            "price_fair": 0,
            "eps_avg_yearly": 0,
            "eps_latest_yearly": 0,
            "eps_growth_yearly": 0
        },
        "20044": {
            "year_quarter": 20044,
            "year": 2004,
            "quarter": 4,
            "eps": -1.72,
            "eps_growth_year": -2250,
            "eps_4q": -2.81,
            "eps_4q_growth_year": null,
            "roe": -22.72,
            "roe_4q": -35.38,
            "gross_profit": 26033,
            "gross_margin": 10.1,
            "gross_margin_4q_avg": 13.12,
            "net_income": -94583,
            "revenue": 257740,
            "common_shares": 550299,
            "book_valuer_per_share": 6.64,
            "book_valuer_per_share_4q_avg": 8.07,
            "equity": 370410,
            "current_ratio": 108.58,
            "debt_ratio": 58.43,
            "inventory_turnover_ratio": 2.52,
            "account_receivable_turnover_ratio": null,
            "reinvestment_rate": null,
            "research_to_sale_ratio": null,
            "price_fair": 0,
            "eps_avg_yearly": 0,
            "eps_latest_yearly": 0,
            "eps_growth_yearly": 0
        },
        "20051": {
            "year_quarter": 20051,
            "year": 2005,
            "quarter": 1,
            "eps": -0.34,
            "eps_growth_year": null,
            "eps_4q": -2.84,
            "eps_4q_growth_year": null,
            "roe": -5.2,
            "roe_4q": -36.82,
            "gross_profit": 23198,
            "gross_margin": 11.62,
            "gross_margin_4q_avg": 12.11,
            "net_income": -18610,
            "revenue": 199571,
            "common_shares": 550299,
            "book_valuer_per_share": 6.28,
            "book_valuer_per_share_4q_avg": 7.41,
            "equity": 345435,
            "current_ratio": 177.41,
            "debt_ratio": 42.4,
            "inventory_turnover_ratio": 1.99,
            "account_receivable_turnover_ratio": null,
            "reinvestment_rate": null,
            "research_to_sale_ratio": null,
            "price_fair": 0,
            "eps_avg_yearly": 0,
            "eps_latest_yearly": 0,
            "eps_growth_yearly": 0
        },
        "20052": {
            "year_quarter": 20052,
            "year": 2005,
            "quarter": 2,
            "eps": -0.36,
            "eps_growth_year": null,
            "eps_4q": -2.35,
            "eps_4q_growth_year": null,
            "roe": -5.85,
            "roe_4q": -33.029999999999994,
            "gross_profit": 25373,
            "gross_margin": 10.3,
            "gross_margin_4q_avg": 11.29,
            "net_income": -19634,
            "revenue": 246249,
            "common_shares": 550299,
            "book_valuer_per_share": 5.93,
            "book_valuer_per_share_4q_avg": 6.81,
            "equity": 326264,
            "current_ratio": 153.82,
            "debt_ratio": 45.65,
            "inventory_turnover_ratio": 5.74,
            "account_receivable_turnover_ratio": null,
            "reinvestment_rate": null,
            "research_to_sale_ratio": null,
            "price_fair": 0,
            "eps_avg_yearly": 0,
            "eps_latest_yearly": 0,
            "eps_growth_yearly": 0
        },
        "20053": {
            "year_quarter": 20053,
            "year": 2005,
            "quarter": 3,
            "eps": -0.11,
            "eps_growth_year": -283.33,
            "eps_4q": -2.53,
            "eps_4q_growth_year": null,
            "roe": -1.9,
            "roe_4q": -35.67,
            "gross_profit": 23386,
            "gross_margin": 10.36,
            "gross_margin_4q_avg": 10.6,
            "net_income": -6214,
            "revenue": 225702,
            "common_shares": 550299,
            "book_valuer_per_share": 5.96,
            "book_valuer_per_share_4q_avg": 6.2,
            "equity": 327830,
            "current_ratio": 153.4,
            "debt_ratio": 45.73,
            "inventory_turnover_ratio": 7.01,
            "account_receivable_turnover_ratio": null,
            "reinvestment_rate": null,
            "research_to_sale_ratio": null,
            "price_fair": 0,
            "eps_avg_yearly": 0,
            "eps_latest_yearly": 0,
            "eps_growth_yearly": 0
        },
        "20054": {
            "year_quarter": 20054,
            "year": 2005,
            "quarter": 4,
            "eps": -0.98,
            "eps_growth_year": null,
            "eps_4q": -1.79,
            "eps_4q_growth_year": null,
            "roe": -17.65,
            "roe_4q": -30.599999999999998,
            "gross_profit": 20861,
            "gross_margin": 9.69,
            "gross_margin_4q_avg": 10.49,
            "net_income": -53939,
            "revenue": 215356,
            "common_shares": 550299,
            "book_valuer_per_share": 4.93,
            "book_valuer_per_share_4q_avg": 5.78,
            "equity": 283335,
            "current_ratio": 99.9,
            "debt_ratio": 66.18,
            "inventory_turnover_ratio": 2.43,
            "account_receivable_turnover_ratio": null,
            "reinvestment_rate": null,
            "research_to_sale_ratio": null,
            "price_fair": 0,
            "eps_avg_yearly": 0,
            "eps_latest_yearly": 0,
            "eps_growth_yearly": 0
        },
        "20061": {
            "year_quarter": 20061,
            "year": 2006,
            "quarter": 1,
            "eps": -0.45,
            "eps_growth_year": null,
            "eps_4q": -1.89,
            "eps_4q_growth_year": null,
            "roe": -9.43,
            "roe_4q": -34.83,
            "gross_profit": 23677,
            "gross_margin": 10.09,
            "gross_margin_4q_avg": 10.11,
            "net_income": -24938,
            "revenue": 234651,
            "common_shares": 550299,
            "book_valuer_per_share": 4.46,
            "book_valuer_per_share_4q_avg": 5.32,
            "equity": 245541,
            "current_ratio": 116.69,
            "debt_ratio": 61.38,
            "inventory_turnover_ratio": 1.66,
            "account_receivable_turnover_ratio": null,
            "reinvestment_rate": null,
            "research_to_sale_ratio": null,
            "price_fair": 0,
            "eps_avg_yearly": 0,
            "eps_latest_yearly": 0,
            "eps_growth_yearly": 0
        },
        "20062": {
            "year_quarter": 20062,
            "year": 2006,
            "quarter": 2,
            "eps": 0.12,
            "eps_growth_year": null,
            "eps_4q": -1.37,
            "eps_4q_growth_year": null,
            "roe": 2.73,
            "roe_4q": -26.249999999999996,
            "gross_profit": 33335,
            "gross_margin": 10.94,
            "gross_margin_4q_avg": 10.27,
            "net_income": 6848,
            "revenue": 304847,
            "common_shares": 550299,
            "book_valuer_per_share": 4.65,
            "book_valuer_per_share_4q_avg": 5,
            "equity": 255779,
            "current_ratio": 125.66,
            "debt_ratio": 60.4,
            "inventory_turnover_ratio": 2.58,
            "account_receivable_turnover_ratio": null,
            "reinvestment_rate": null,
            "research_to_sale_ratio": null,
            "price_fair": 0,
            "eps_avg_yearly": 0,
            "eps_latest_yearly": 0,
            "eps_growth_yearly": 0
        },
        "20063": {
            "year_quarter": 20063,
            "year": 2006,
            "quarter": 3,
            "eps": -0.01,
            "eps_growth_year": null,
            "eps_4q": -1.32,
            "eps_4q_growth_year": null,
            "roe": -0.23,
            "roe_4q": -24.58,
            "gross_profit": 29784,
            "gross_margin": 8.88,
            "gross_margin_4q_avg": 9.9,
            "net_income": -595,
            "revenue": 335292,
            "common_shares": 550299,
            "book_valuer_per_share": 4.72,
            "book_valuer_per_share_4q_avg": 4.69,
            "equity": 259626,
            "current_ratio": 120.61,
            "debt_ratio": 64.03,
            "inventory_turnover_ratio": 2.98,
            "account_receivable_turnover_ratio": null,
            "reinvestment_rate": null,
            "research_to_sale_ratio": null,
            "price_fair": 0,
            "eps_avg_yearly": 0,
            "eps_latest_yearly": 0,
            "eps_growth_yearly": 0
        },
        "20064": {
            "year_quarter": 20064,
            "year": 2006,
            "quarter": 4,
            "eps": -1.13,
            "eps_growth_year": null,
            "eps_4q": -1.63,
            "eps_4q_growth_year": null,
            "roe": -15.84,
            "roe_4q": -22.77,
            "gross_profit": 28000,
            "gross_margin": 8.36,
            "gross_margin_4q_avg": 9.57,
            "net_income": -39587,
            "revenue": 334786,
            "common_shares": 350299,
            "book_valuer_per_share": 6.45,
            "book_valuer_per_share_4q_avg": 5.07,
            "equity": 240065,
            "current_ratio": 91.15,
            "debt_ratio": 76.57,
            "inventory_turnover_ratio": 1.96,
            "account_receivable_turnover_ratio": null,
            "reinvestment_rate": null,
            "research_to_sale_ratio": null,
            "price_fair": 0,
            "eps_avg_yearly": 0,
            "eps_latest_yearly": 0,
            "eps_growth_yearly": 0
        },
        "20071": {
            "year_quarter": 20071,
            "year": 2007,
            "quarter": 1,
            "eps": -0.26,
            "eps_growth_year": null,
            "eps_4q": -1.22,
            "eps_4q_growth_year": null,
            "roe": -3.96,
            "roe_4q": -17.3,
            "gross_profit": 29304,
            "gross_margin": 11.07,
            "gross_margin_4q_avg": 9.81,
            "net_income": -9008,
            "revenue": 264702,
            "common_shares": 350299,
            "book_valuer_per_share": 6.12,
            "book_valuer_per_share_4q_avg": 5.49,
            "equity": 214346,
            "current_ratio": 119.43,
            "debt_ratio": 65.7,
            "inventory_turnover_ratio": 1.79,
            "account_receivable_turnover_ratio": null,
            "reinvestment_rate": null,
            "research_to_sale_ratio": null,
            "price_fair": 0,
            "eps_avg_yearly": 0,
            "eps_latest_yearly": 0,
            "eps_growth_yearly": 0
        },
        "20072": {
            "year_quarter": 20072,
            "year": 2007,
            "quarter": 2,
            "eps": 0.29,
            "eps_growth_year": 141.67,
            "eps_4q": -1.12,
            "eps_4q_growth_year": null,
            "roe": 4.57,
            "roe_4q": -15.46,
            "gross_profit": 32654,
            "gross_margin": 9.85,
            "gross_margin_4q_avg": 9.54,
            "net_income": 10104,
            "revenue": 331533,
            "common_shares": 350299,
            "book_valuer_per_share": 6.5,
            "book_valuer_per_share_4q_avg": 5.95,
            "equity": 227727,
            "current_ratio": 121.89,
            "debt_ratio": 63.96,
            "inventory_turnover_ratio": 6.65,
            "account_receivable_turnover_ratio": null,
            "reinvestment_rate": null,
            "research_to_sale_ratio": null,
            "price_fair": 0,
            "eps_avg_yearly": 0,
            "eps_latest_yearly": 0,
            "eps_growth_yearly": 0
        },
        "20073": {
            "year_quarter": 20073,
            "year": 2007,
            "quarter": 3,
            "eps": -0.61,
            "eps_growth_year": null,
            "eps_4q": -1.71,
            "eps_4q_growth_year": null,
            "roe": -9.84,
            "roe_4q": -25.07,
            "gross_profit": 24096,
            "gross_margin": 8.05,
            "gross_margin_4q_avg": 9.33,
            "net_income": -21415,
            "revenue": 299502,
            "common_shares": 350299,
            "book_valuer_per_share": 5.93,
            "book_valuer_per_share_4q_avg": 6.25,
            "equity": 207562,
            "current_ratio": 121.3,
            "debt_ratio": 66.19,
            "inventory_turnover_ratio": 11.43,
            "account_receivable_turnover_ratio": null,
            "reinvestment_rate": null,
            "research_to_sale_ratio": null,
            "price_fair": 0,
            "eps_avg_yearly": 0,
            "eps_latest_yearly": 0,
            "eps_growth_yearly": 0
        },
        "20074": {
            "year_quarter": 20074,
            "year": 2007,
            "quarter": 4,
            "eps": 0.29,
            "eps_growth_year": null,
            "eps_4q": -0.28,
            "eps_4q_growth_year": null,
            "roe": 4.62,
            "roe_4q": -4.609999999999999,
            "gross_profit": 24079,
            "gross_margin": 8.49,
            "gross_margin_4q_avg": 9.37,
            "net_income": 10303,
            "revenue": 283613,
            "common_shares": 350299,
            "book_valuer_per_share": 6.15,
            "book_valuer_per_share_4q_avg": 6.18,
            "equity": 238417,
            "current_ratio": 84.74,
            "debt_ratio": 74.56,
            "inventory_turnover_ratio": 3.99,
            "account_receivable_turnover_ratio": null,
            "reinvestment_rate": null,
            "research_to_sale_ratio": null,
            "price_fair": 0,
            "eps_avg_yearly": 0,
            "eps_latest_yearly": 0,
            "eps_growth_yearly": 0
        },
        "20081": {
            "year_quarter": 20081,
            "year": 2008,
            "quarter": 1,
            "eps": -0.84,
            "eps_growth_year": null,
            "eps_4q": -0.91,
            "eps_4q_growth_year": null,
            "roe": -12.62,
            "roe_4q": -13.27,
            "gross_profit": 39056,
            "gross_margin": 13.86,
            "gross_margin_4q_avg": 10.06,
            "net_income": -28067,
            "revenue": 281840,
            "common_shares": 350299,
            "book_valuer_per_share": 5.2,
            "book_valuer_per_share_4q_avg": 5.95,
            "equity": 206474,
            "current_ratio": 79.82,
            "debt_ratio": 76.57,
            "inventory_turnover_ratio": 2.14,
            "account_receivable_turnover_ratio": null,
            "reinvestment_rate": null,
            "research_to_sale_ratio": null,
            "price_fair": 0,
            "eps_avg_yearly": 0,
            "eps_latest_yearly": 0,
            "eps_growth_yearly": 0
        },
        "20082": {
            "year_quarter": 20082,
            "year": 2008,
            "quarter": 2,
            "eps": 0.1,
            "eps_growth_year": -65.52,
            "eps_4q": -2.23,
            "eps_4q_growth_year": null,
            "roe": 0.83,
            "roe_4q": -17.009999999999998,
            "gross_profit": 38742,
            "gross_margin": 11.39,
            "gross_margin_4q_avg": 10.45,
            "net_income": 1662,
            "revenue": 340191,
            "common_shares": 350299,
            "book_valuer_per_share": 5.19,
            "book_valuer_per_share_4q_avg": 5.62,
            "equity": 195991,
            "current_ratio": 79.42,
            "debt_ratio": 78.97,
            "inventory_turnover_ratio": 2.52,
            "account_receivable_turnover_ratio": null,
            "reinvestment_rate": null,
            "research_to_sale_ratio": null,
            "price_fair": 0,
            "eps_avg_yearly": 0,
            "eps_latest_yearly": 0,
            "eps_growth_yearly": 0
        },
        "20083": {
            "year_quarter": 20083,
            "year": 2008,
            "quarter": 3,
            "eps": 0.25,
            "eps_growth_year": null,
            "eps_4q": -0.18,
            "eps_4q_growth_year": null,
            "roe": 4.76,
            "roe_4q": -2.4099999999999993,
            "gross_profit": 41802,
            "gross_margin": 12.32,
            "gross_margin_4q_avg": 11.52,
            "net_income": 9668,
            "revenue": 339285,
            "common_shares": 350299,
            "book_valuer_per_share": 5.55,
            "book_valuer_per_share_4q_avg": 5.52,
            "equity": 210420,
            "current_ratio": 80.66,
            "debt_ratio": 77.61,
            "inventory_turnover_ratio": 2.53,
            "account_receivable_turnover_ratio": null,
            "reinvestment_rate": null,
            "research_to_sale_ratio": null,
            "price_fair": 35,
            "eps_avg_yearly": 1,
            "eps_latest_yearly": 1,
            "eps_growth_yearly": 600
        },
        "20084": {
            "year_quarter": 20084,
            "year": 2008,
            "quarter": 4,
            "eps": 0.08,
            "eps_growth_year": -72.41,
            "eps_4q": -0.55,
            "eps_4q_growth_year": null,
            "roe": 1,
            "roe_4q": -6.029999999999999,
            "gross_profit": 36917,
            "gross_margin": 13.77,
            "gross_margin_4q_avg": 12.84,
            "net_income": 2122,
            "revenue": 268170,
            "common_shares": 350299,
            "book_valuer_per_share": 5.66,
            "book_valuer_per_share_4q_avg": 5.4,
            "equity": 213501,
            "current_ratio": 79.67,
            "debt_ratio": 73.04,
            "inventory_turnover_ratio": 2.21,
            "account_receivable_turnover_ratio": 2.25,
            "reinvestment_rate": null,
            "research_to_sale_ratio": null,
            "price_fair": 23.1,
            "eps_avg_yearly": 0.66,
            "eps_latest_yearly": 0.32,
            "eps_growth_yearly": 164
        },
        "20091": {
            "year_quarter": 20091,
            "year": 2009,
            "quarter": 1,
            "eps": 0.07,
            "eps_growth_year": null,
            "eps_4q": 0.48,
            "eps_4q_growth_year": null,
            "roe": 1.19,
            "roe_4q": 7.779999999999999,
            "gross_profit": 35035,
            "gross_margin": 16.87,
            "gross_margin_4q_avg": 13.59,
            "net_income": 2561,
            "revenue": 207717,
            "common_shares": 350299,
            "book_valuer_per_share": 5.78,
            "book_valuer_per_share_4q_avg": 5.55,
            "equity": 217826,
            "current_ratio": 81.39,
            "debt_ratio": 71.06,
            "inventory_turnover_ratio": 1.95,
            "account_receivable_turnover_ratio": 0.9,
            "reinvestment_rate": null,
            "research_to_sale_ratio": null,
            "price_fair": 18.67,
            "eps_avg_yearly": 0.53,
            "eps_latest_yearly": 0.28,
            "eps_growth_yearly": 92.67
        },
        "20092": {
            "year_quarter": 20092,
            "year": 2009,
            "quarter": 2,
            "eps": -0.09,
            "eps_growth_year": -190,
            "eps_4q": 0.3,
            "eps_4q_growth_year": null,
            "roe": -1.74,
            "roe_4q": 5.21,
            "gross_profit": 53511,
            "gross_margin": 22.54,
            "gross_margin_4q_avg": 16.38,
            "net_income": -3743,
            "revenue": 237379,
            "common_shares": 350299,
            "book_valuer_per_share": 5.65,
            "book_valuer_per_share_4q_avg": 5.66,
            "equity": 213121,
            "current_ratio": 78.77,
            "debt_ratio": 71.24,
            "inventory_turnover_ratio": 2.18,
            "account_receivable_turnover_ratio": 1.13,
            "reinvestment_rate": null,
            "research_to_sale_ratio": null,
            "price_fair": 18.67,
            "eps_avg_yearly": 0.53,
            "eps_latest_yearly": 0.28,
            "eps_growth_yearly": 92.67
        },
        "20093": {
            "year_quarter": 20093,
            "year": 2009,
            "quarter": 3,
            "eps": 0.02,
            "eps_growth_year": -92,
            "eps_4q": 0.07,
            "eps_4q_growth_year": null,
            "roe": 0.37,
            "roe_4q": 0.8199999999999998,
            "gross_profit": 50549,
            "gross_margin": 19.92,
            "gross_margin_4q_avg": 18.28,
            "net_income": 781,
            "revenue": 253733,
            "common_shares": 350299,
            "book_valuer_per_share": 5.65,
            "book_valuer_per_share_4q_avg": 5.69,
            "equity": 213077,
            "current_ratio": 88.57,
            "debt_ratio": 72.84,
            "inventory_turnover_ratio": 2.23,
            "account_receivable_turnover_ratio": 1.22,
            "reinvestment_rate": null,
            "research_to_sale_ratio": null,
            "price_fair": 18.67,
            "eps_avg_yearly": 0.53,
            "eps_latest_yearly": 0.28,
            "eps_growth_yearly": 92.67
        },
        "20094": {
            "year_quarter": 20094,
            "year": 2009,
            "quarter": 4,
            "eps": 0,
            "eps_growth_year": -100,
            "eps_4q": 0,
            "eps_4q_growth_year": null,
            "roe": 0.27,
            "roe_4q": 0.08999999999999986,
            "gross_profit": 52326,
            "gross_margin": 17.33,
            "gross_margin_4q_avg": 19.17,
            "net_income": 581,
            "revenue": 301871,
            "common_shares": 350299,
            "book_valuer_per_share": 5.63,
            "book_valuer_per_share_4q_avg": 5.68,
            "equity": 212640,
            "current_ratio": 88.42,
            "debt_ratio": 73.01,
            "inventory_turnover_ratio": 2.76,
            "account_receivable_turnover_ratio": 2.54,
            "reinvestment_rate": null,
            "research_to_sale_ratio": null,
            "price_fair": 18.67,
            "eps_avg_yearly": 0.53,
            "eps_latest_yearly": 0.28,
            "eps_growth_yearly": 92.67
        },
        "20101": {
            "year_quarter": 20101,
            "year": 2010,
            "quarter": 1,
            "eps": -0.08,
            "eps_growth_year": -214.29,
            "eps_4q": -0.15,
            "eps_4q_growth_year": -130.63,
            "roe": -1.33,
            "roe_4q": -2.43,
            "gross_profit": 40700,
            "gross_margin": 18.32,
            "gross_margin_4q_avg": 19.53,
            "net_income": -2815,
            "revenue": 222205,
            "common_shares": 350299,
            "book_valuer_per_share": 5.56,
            "book_valuer_per_share_4q_avg": 5.62,
            "equity": 210549,
            "current_ratio": 88.18,
            "debt_ratio": 73.35,
            "inventory_turnover_ratio": 1.82,
            "account_receivable_turnover_ratio": 0.99,
            "reinvestment_rate": null,
            "research_to_sale_ratio": 6.94,
            "price_fair": 18.67,
            "eps_avg_yearly": 0.53,
            "eps_latest_yearly": 0.28,
            "eps_growth_yearly": 92.67
        },
        "20102": {
            "year_quarter": 20102,
            "year": 2010,
            "quarter": 2,
            "eps": 0.08,
            "eps_growth_year": null,
            "eps_4q": 0.03,
            "eps_4q_growth_year": -89.45,
            "roe": 1.59,
            "roe_4q": 0.9,
            "gross_profit": 52345,
            "gross_margin": 17.15,
            "gross_margin_4q_avg": 18.18,
            "net_income": 3389,
            "revenue": 305202,
            "common_shares": 350299,
            "book_valuer_per_share": 5.67,
            "book_valuer_per_share_4q_avg": 5.63,
            "equity": 215057,
            "current_ratio": 88.68,
            "debt_ratio": 74.89,
            "inventory_turnover_ratio": 1.96,
            "account_receivable_turnover_ratio": 1.29,
            "reinvestment_rate": null,
            "research_to_sale_ratio": 4.86,
            "price_fair": 18.67,
            "eps_avg_yearly": 0.53,
            "eps_latest_yearly": 0.28,
            "eps_growth_yearly": 92.67
        },
        "20103": {
            "year_quarter": 20103,
            "year": 2010,
            "quarter": 3,
            "eps": -0,
            "eps_growth_year": -123.12,
            "eps_4q": 0.01,
            "eps_4q_growth_year": -91.75,
            "roe": -0.07,
            "roe_4q": 0.45999999999999996,
            "gross_profit": 54907,
            "gross_margin": 19.44,
            "gross_margin_4q_avg": 18.06,
            "net_income": -148,
            "revenue": 282379,
            "common_shares": 350299,
            "book_valuer_per_share": 5.57,
            "book_valuer_per_share_4q_avg": 5.61,
            "equity": 204687,
            "current_ratio": 88.13,
            "debt_ratio": 74.67,
            "inventory_turnover_ratio": 1.75,
            "account_receivable_turnover_ratio": 1.12,
            "reinvestment_rate": null,
            "research_to_sale_ratio": 4.65,
            "price_fair": 18.67,
            "eps_avg_yearly": 0.53,
            "eps_latest_yearly": 0.28,
            "eps_growth_yearly": 92.67
        },
        "20104": {
            "year_quarter": 20104,
            "year": 2010,
            "quarter": 4,
            "eps": 0.02,
            "eps_growth_year": null,
            "eps_4q": 0.03,
            "eps_4q_growth_year": 1481.49,
            "roe": 0.46,
            "roe_4q": 0.6499999999999999,
            "gross_profit": 49498,
            "gross_margin": 19.87,
            "gross_margin_4q_avg": 18.7,
            "net_income": 930,
            "revenue": 249117,
            "common_shares": 350299,
            "book_valuer_per_share": 5.51,
            "book_valuer_per_share_4q_avg": 5.58,
            "equity": 204021,
            "current_ratio": 88.27,
            "debt_ratio": 73.57,
            "inventory_turnover_ratio": 1.82,
            "account_receivable_turnover_ratio": 1.15,
            "reinvestment_rate": null,
            "research_to_sale_ratio": 5.75,
            "price_fair": 18.67,
            "eps_avg_yearly": 0.53,
            "eps_latest_yearly": 0.28,
            "eps_growth_yearly": 92.67
        },
        "20111": {
            "year_quarter": 20111,
            "year": 2011,
            "quarter": 1,
            "eps": -0.07,
            "eps_growth_year": null,
            "eps_4q": 0.03,
            "eps_4q_growth_year": null,
            "roe": -1.32,
            "roe_4q": 0.6599999999999999,
            "gross_profit": 33993,
            "gross_margin": 16.43,
            "gross_margin_4q_avg": 18.22,
            "net_income": -2640,
            "revenue": 206857,
            "common_shares": 350299,
            "book_valuer_per_share": 5.33,
            "book_valuer_per_share_4q_avg": 5.52,
            "equity": 197119,
            "current_ratio": 86.91,
            "debt_ratio": 74.06,
            "inventory_turnover_ratio": 1.55,
            "account_receivable_turnover_ratio": 1.13,
            "reinvestment_rate": null,
            "research_to_sale_ratio": 6.31,
            "price_fair": 18.67,
            "eps_avg_yearly": 0.53,
            "eps_latest_yearly": 0.28,
            "eps_growth_yearly": 92.67
        },
        "20112": {
            "year_quarter": 20112,
            "year": 2011,
            "quarter": 2,
            "eps": -0.83,
            "eps_growth_year": -1097.14,
            "eps_4q": -0.87,
            "eps_4q_growth_year": -2816.93,
            "roe": -16.71,
            "roe_4q": -17.64,
            "gross_profit": 16061,
            "gross_margin": 6.53,
            "gross_margin_4q_avg": 15.57,
            "net_income": -47196,
            "revenue": 246087,
            "common_shares": 550299,
            "book_valuer_per_share": 6.52,
            "book_valuer_per_share_4q_avg": 5.73,
            "equity": 367725,
            "current_ratio": 128.65,
            "debt_ratio": 58.4,
            "inventory_turnover_ratio": 1.71,
            "account_receivable_turnover_ratio": 1.34,
            "reinvestment_rate": null,
            "research_to_sale_ratio": 5.95,
            "price_fair": 18.67,
            "eps_avg_yearly": 0.53,
            "eps_latest_yearly": 0.28,
            "eps_growth_yearly": 92.67
        },
        "20113": {
            "year_quarter": 20113,
            "year": 2011,
            "quarter": 3,
            "eps": -0.04,
            "eps_growth_year": null,
            "eps_4q": -0.91,
            "eps_4q_growth_year": -16000.84,
            "roe": -0.72,
            "roe_4q": -18.29,
            "gross_profit": 35448,
            "gross_margin": 14.01,
            "gross_margin_4q_avg": 14.21,
            "net_income": -2655,
            "revenue": 253039,
            "common_shares": 550299,
            "book_valuer_per_share": 6.51,
            "book_valuer_per_share_4q_avg": 5.97,
            "equity": 367433,
            "current_ratio": 127.46,
            "debt_ratio": 58.36,
            "inventory_turnover_ratio": 1.54,
            "account_receivable_turnover_ratio": 1.25,
            "reinvestment_rate": null,
            "research_to_sale_ratio": 4.85,
            "price_fair": 18.67,
            "eps_avg_yearly": 0.53,
            "eps_latest_yearly": 0.28,
            "eps_growth_yearly": 92.67
        },
        "20114": {
            "year_quarter": 20114,
            "year": 2011,
            "quarter": 4,
            "eps": -0.32,
            "eps_growth_year": -1374.44,
            "eps_4q": -1.24,
            "eps_4q_growth_year": -4683.2,
            "roe": -5.35,
            "roe_4q": -24.1,
            "gross_profit": 43166,
            "gross_margin": 18.66,
            "gross_margin_4q_avg": 13.91,
            "net_income": -19126,
            "revenue": 231325,
            "common_shares": 550299,
            "book_valuer_per_share": 6.17,
            "book_valuer_per_share_4q_avg": 6.13,
            "equity": 346995,
            "current_ratio": 112.35,
            "debt_ratio": 58.09,
            "inventory_turnover_ratio": 1.48,
            "account_receivable_turnover_ratio": 1.17,
            "reinvestment_rate": null,
            "research_to_sale_ratio": 5.91,
            "price_fair": 18.67,
            "eps_avg_yearly": 0.53,
            "eps_latest_yearly": 0.28,
            "eps_growth_yearly": 92.67
        },
        "20121": {
            "year_quarter": 20121,
            "year": 2012,
            "quarter": 1,
            "eps": -0.54,
            "eps_growth_year": null,
            "eps_4q": -1.72,
            "eps_4q_growth_year": -5395.11,
            "roe": -8.93,
            "roe_4q": -31.71,
            "gross_profit": 32362,
            "gross_margin": 11.34,
            "gross_margin_4q_avg": 12.64,
            "net_income": -29702,
            "revenue": 285309,
            "common_shares": 550299,
            "book_valuer_per_share": 5.67,
            "book_valuer_per_share_4q_avg": 6.22,
            "equity": 317981,
            "current_ratio": 109.89,
            "debt_ratio": 57.85,
            "inventory_turnover_ratio": 2.08,
            "account_receivable_turnover_ratio": 1.66,
            "reinvestment_rate": null,
            "research_to_sale_ratio": 4.86,
            "price_fair": 18.67,
            "eps_avg_yearly": 0.53,
            "eps_latest_yearly": 0.28,
            "eps_growth_yearly": 92.67
        },
        "20122": {
            "year_quarter": 20122,
            "year": 2012,
            "quarter": 2,
            "eps": 0.69,
            "eps_growth_year": null,
            "eps_4q": -0.13,
            "eps_4q_growth_year": null,
            "roe": 9.28,
            "roe_4q": -5.72,
            "gross_profit": 84772,
            "gross_margin": 16.38,
            "gross_margin_4q_avg": 15.1,
            "net_income": 40533,
            "revenue": 517631,
            "common_shares": 550299,
            "book_valuer_per_share": 9.32,
            "book_valuer_per_share_4q_avg": 6.92,
            "equity": 555632,
            "current_ratio": 161.88,
            "debt_ratio": 48.77,
            "inventory_turnover_ratio": 3.08,
            "account_receivable_turnover_ratio": 2.84,
            "reinvestment_rate": null,
            "research_to_sale_ratio": 2.81,
            "price_fair": 18.67,
            "eps_avg_yearly": 0.53,
            "eps_latest_yearly": 0.28,
            "eps_growth_yearly": 92.67
        },
        "20123": {
            "year_quarter": 20123,
            "year": 2012,
            "quarter": 3,
            "eps": 0.35,
            "eps_growth_year": null,
            "eps_4q": 0.27,
            "eps_4q_growth_year": null,
            "roe": 3.55,
            "roe_4q": -1.450000000000001,
            "gross_profit": 88142,
            "gross_margin": 16.87,
            "gross_margin_4q_avg": 15.81,
            "net_income": 20101,
            "revenue": 522503,
            "common_shares": 589799,
            "book_valuer_per_share": 9.72,
            "book_valuer_per_share_4q_avg": 7.72,
            "equity": 578064,
            "current_ratio": 179.82,
            "debt_ratio": 45.47,
            "inventory_turnover_ratio": 3.2,
            "account_receivable_turnover_ratio": 2.68,
            "reinvestment_rate": null,
            "research_to_sale_ratio": 2.51,
            "price_fair": 2,
            "eps_avg_yearly": 0.67,
            "eps_latest_yearly": 1.4,
            "eps_growth_yearly": -173.03
        },
        "20124": {
            "year_quarter": 20124,
            "year": 2012,
            "quarter": 4,
            "eps": 1.38,
            "eps_growth_year": null,
            "eps_4q": 1.94,
            "eps_4q_growth_year": null,
            "roe": 13.09,
            "roe_4q": 16.990000000000002,
            "gross_profit": 82606,
            "gross_margin": 16.76,
            "gross_margin_4q_avg": 15.34,
            "net_income": 81115,
            "revenue": 492837,
            "common_shares": 589799,
            "book_valuer_per_share": 11.13,
            "book_valuer_per_share_4q_avg": 8.96,
            "equity": 660945,
            "current_ratio": 363.73,
            "debt_ratio": 30.2,
            "inventory_turnover_ratio": 4.01,
            "account_receivable_turnover_ratio": 2.94,
            "reinvestment_rate": -331.73,
            "research_to_sale_ratio": 1.22,
            "price_fair": 84,
            "eps_avg_yearly": 2.4,
            "eps_latest_yearly": 5.52,
            "eps_growth_yearly": 310.01
        },
        "20131": {
            "year_quarter": 20131,
            "year": 2013,
            "quarter": 1,
            "eps": 0.11,
            "eps_growth_year": null,
            "eps_4q": 2.54,
            "eps_4q_growth_year": null,
            "roe": 0.73,
            "roe_4q": 26.65,
            "gross_profit": 42009,
            "gross_margin": 9.03,
            "gross_margin_4q_avg": 14.76,
            "net_income": 4827,
            "revenue": 465465,
            "common_shares": 589799,
            "book_valuer_per_share": 11.19,
            "book_valuer_per_share_4q_avg": 10.34,
            "equity": 663280,
            "current_ratio": 334.05,
            "debt_ratio": 30.61,
            "inventory_turnover_ratio": 4.67,
            "account_receivable_turnover_ratio": 2.5,
            "reinvestment_rate": -310.25,
            "research_to_sale_ratio": 1.35,
            "price_fair": 85.87,
            "eps_avg_yearly": 2.45,
            "eps_latest_yearly": 0.44,
            "eps_growth_yearly": 203.98
        },
        "20132": {
            "year_quarter": 20132,
            "year": 2013,
            "quarter": 2,
            "eps": 0.16,
            "eps_growth_year": -76.88,
            "eps_4q": 2.01,
            "eps_4q_growth_year": null,
            "roe": 1.37,
            "roe_4q": 18.74,
            "gross_profit": 43053,
            "gross_margin": 7.17,
            "gross_margin_4q_avg": 12.46,
            "net_income": 9173,
            "revenue": 600570,
            "common_shares": 589799,
            "book_valuer_per_share": 11.34,
            "book_valuer_per_share_4q_avg": 10.85,
            "equity": 671664,
            "current_ratio": 225.09,
            "debt_ratio": 41.5,
            "inventory_turnover_ratio": 6.13,
            "account_receivable_turnover_ratio": 2.11,
            "reinvestment_rate": -219.17,
            "research_to_sale_ratio": 1.02,
            "price_fair": 70,
            "eps_avg_yearly": 2,
            "eps_latest_yearly": 0.64,
            "eps_growth_yearly": 198.44
        },
        "20133": {
            "year_quarter": 20133,
            "year": 2013,
            "quarter": 3,
            "eps": 0.03,
            "eps_growth_year": -91.54,
            "eps_4q": 1.68,
            "eps_4q_growth_year": 532.35,
            "roe": 0.23,
            "roe_4q": 15.42,
            "gross_profit": 42148,
            "gross_margin": 6.29,
            "gross_margin_4q_avg": 9.81,
            "net_income": 1569,
            "revenue": 670249,
            "common_shares": 589799,
            "book_valuer_per_share": 11.41,
            "book_valuer_per_share_4q_avg": 11.27,
            "equity": 676332,
            "current_ratio": 187.78,
            "debt_ratio": 49.76,
            "inventory_turnover_ratio": 6.14,
            "account_receivable_turnover_ratio": 1.68,
            "reinvestment_rate": -169.47,
            "research_to_sale_ratio": 0.95,
            "price_fair": 56.84,
            "eps_avg_yearly": 1.62,
            "eps_latest_yearly": 0.12,
            "eps_growth_yearly": 93.75
        },
        "20134": {
            "year_quarter": 20134,
            "year": 2013,
            "quarter": 4,
            "eps": 0.21,
            "eps_growth_year": -84.64,
            "eps_4q": 0.51,
            "eps_4q_growth_year": -73.65,
            "roe": 1.73,
            "roe_4q": 4.0600000000000005,
            "gross_profit": 43473,
            "gross_margin": 4.08,
            "gross_margin_4q_avg": 6.64,
            "net_income": 11806,
            "revenue": 1065639,
            "common_shares": 589799,
            "book_valuer_per_share": 11.6,
            "book_valuer_per_share_4q_avg": 11.39,
            "equity": 686311,
            "current_ratio": 153.4,
            "debt_ratio": 58.42,
            "inventory_turnover_ratio": 9.95,
            "account_receivable_turnover_ratio": 1.75,
            "reinvestment_rate": -111.23,
            "research_to_sale_ratio": 0.49,
            "price_fair": 52.27,
            "eps_avg_yearly": 1.49,
            "eps_latest_yearly": 0.84,
            "eps_growth_yearly": 478.12
        },
        "20141": {
            "year_quarter": 20141,
            "year": 2014,
            "quarter": 1,
            "eps": 0.71,
            "eps_growth_year": 545.45,
            "eps_4q": 1.1,
            "eps_4q_growth_year": -56.52,
            "roe": 5.88,
            "roe_4q": 9.21,
            "gross_profit": 85885,
            "gross_margin": 7.32,
            "gross_margin_4q_avg": 6.22,
            "net_income": 41562,
            "revenue": 1172969,
            "common_shares": 589799,
            "book_valuer_per_share": 12.31,
            "book_valuer_per_share_4q_avg": 11.67,
            "equity": 728307,
            "current_ratio": 152.23,
            "debt_ratio": 59.61,
            "inventory_turnover_ratio": 12.06,
            "account_receivable_turnover_ratio": 1.33,
            "reinvestment_rate": -45.51,
            "research_to_sale_ratio": 0.57,
            "price_fair": 59,
            "eps_avg_yearly": 1.69,
            "eps_latest_yearly": 2.84,
            "eps_growth_yearly": 545.87
        },
        "20142": {
            "year_quarter": 20142,
            "year": 2014,
            "quarter": 2,
            "eps": 1.02,
            "eps_growth_year": 537.5,
            "eps_4q": 1.96,
            "eps_4q_growth_year": -2.13,
            "roe": 8.39,
            "roe_4q": 16.23,
            "gross_profit": 122591,
            "gross_margin": 8.55,
            "gross_margin_4q_avg": 6.56,
            "net_income": 63575,
            "revenue": 1433340,
            "common_shares": 589799,
            "book_valuer_per_share": 13.26,
            "book_valuer_per_share_4q_avg": 12.15,
            "equity": 787803,
            "current_ratio": 151.22,
            "debt_ratio": 59.64,
            "inventory_turnover_ratio": 15.67,
            "account_receivable_turnover_ratio": 1.3,
            "reinvestment_rate": -30.6,
            "research_to_sale_ratio": 0.55,
            "price_fair": 69.48,
            "eps_avg_yearly": 1.99,
            "eps_latest_yearly": 4.08,
            "eps_growth_yearly": 499.47
        },
        "20143": {
            "year_quarter": 20143,
            "year": 2014,
            "quarter": 3,
            "eps": 2.02,
            "eps_growth_year": 6633.33,
            "eps_4q": 3.96,
            "eps_4q_growth_year": 135.73,
            "roe": 14.09,
            "roe_4q": 30.09,
            "gross_profit": 227662,
            "gross_margin": 11.1,
            "gross_margin_4q_avg": 7.76,
            "net_income": 119141,
            "revenue": 2050487,
            "common_shares": 589799,
            "book_valuer_per_share": 15.31,
            "book_valuer_per_share_4q_avg": 13.12,
            "equity": 903021,
            "current_ratio": 144.05,
            "debt_ratio": 64.04,
            "inventory_turnover_ratio": 24.62,
            "account_receivable_turnover_ratio": 1.36,
            "reinvestment_rate": -17.32,
            "research_to_sale_ratio": 0.27,
            "price_fair": 93.18,
            "eps_avg_yearly": 2.66,
            "eps_latest_yearly": 8.08,
            "eps_growth_yearly": 487.55
        },
        "20144": {
            "year_quarter": 20144,
            "year": 2014,
            "quarter": 4,
            "eps": 0.47,
            "eps_growth_year": 121.49,
            "eps_4q": 4.21,
            "eps_4q_growth_year": 723.84,
            "roe": 3.02,
            "roe_4q": 31.38,
            "gross_profit": 100924,
            "gross_margin": 5.59,
            "gross_margin_4q_avg": 8.14,
            "net_income": 27668,
            "revenue": 1806038,
            "common_shares": 589799,
            "book_valuer_per_share": 15.8,
            "book_valuer_per_share_4q_avg": 14.17,
            "equity": 931620,
            "current_ratio": 152.18,
            "debt_ratio": 60.83,
            "inventory_turnover_ratio": 20.91,
            "account_receivable_turnover_ratio": 1.04,
            "reinvestment_rate": 0.69,
            "research_to_sale_ratio": 0.35,
            "price_fair": 90.44,
            "eps_avg_yearly": 2.58,
            "eps_latest_yearly": 1.88,
            "eps_growth_yearly": 408.1
        },
        "20151": {
            "year_quarter": 20151,
            "year": 2015,
            "quarter": 1,
            "eps": 0.35,
            "eps_growth_year": -50.7,
            "eps_4q": 3.85,
            "eps_4q_growth_year": 249.11,
            "roe": 2.18,
            "roe_4q": 27.68,
            "gross_profit": 44712,
            "gross_margin": 3.57,
            "gross_margin_4q_avg": 7.2,
            "net_income": 20555,
            "revenue": 1251042,
            "common_shares": 589799,
            "book_valuer_per_share": 16.14,
            "book_valuer_per_share_4q_avg": 15.13,
            "equity": 951653,
            "current_ratio": 162.26,
            "debt_ratio": 56.48,
            "inventory_turnover_ratio": 12.48,
            "account_receivable_turnover_ratio": 0.83,
            "reinvestment_rate": 4.5,
            "research_to_sale_ratio": 0.3,
            "price_fair": 86.67,
            "eps_avg_yearly": 2.48,
            "eps_latest_yearly": 1.4,
            "eps_growth_yearly": 361.72
        },
        "20152": {
            "year_quarter": 20152,
            "year": 2015,
            "quarter": 2,
            "eps": 0.43,
            "eps_growth_year": -57.84,
            "eps_4q": 2.7,
            "eps_4q_growth_year": 37.29,
            "roe": 3.22,
            "roe_4q": 22.509999999999998,
            "gross_profit": 67381,
            "gross_margin": 3.47,
            "gross_margin_4q_avg": 5.93,
            "net_income": 31337,
            "revenue": 1943303,
            "common_shares": 589799,
            "book_valuer_per_share": 16.88,
            "book_valuer_per_share_4q_avg": 16.03,
            "equity": 995805,
            "current_ratio": 174.14,
            "debt_ratio": 61.95,
            "inventory_turnover_ratio": 18.06,
            "account_receivable_turnover_ratio": 1.29,
            "reinvestment_rate": 23.95,
            "research_to_sale_ratio": 0.36,
            "price_fair": 84.47,
            "eps_avg_yearly": 2.41,
            "eps_latest_yearly": 1.72,
            "eps_growth_yearly": 339.19
        },
        "20153": {
            "year_quarter": 20153,
            "year": 2015,
            "quarter": 3,
            "eps": 1.32,
            "eps_growth_year": -34.65,
            "eps_4q": 2.4,
            "eps_4q_growth_year": -39.23,
            "roe": 9.3,
            "roe_4q": 17.720000000000002,
            "gross_profit": 122024,
            "gross_margin": 6.95,
            "gross_margin_4q_avg": 4.9,
            "net_income": 97670,
            "revenue": 1755244,
            "common_shares": 737249,
            "book_valuer_per_share": 14.98,
            "book_valuer_per_share_4q_avg": 15.95,
            "equity": 1104561,
            "current_ratio": 151.5,
            "debt_ratio": 66.94,
            "inventory_turnover_ratio": 7.63,
            "account_receivable_turnover_ratio": 0.96,
            "reinvestment_rate": 29.89,
            "research_to_sale_ratio": 0.39,
            "price_fair": 92.18,
            "eps_avg_yearly": 2.63,
            "eps_latest_yearly": 5.28,
            "eps_growth_yearly": 376.79
        },
        "20154": {
            "year_quarter": 20154,
            "year": 2015,
            "quarter": 4,
            "eps": 0.11,
            "eps_growth_year": -76.73,
            "eps_4q": 2.14,
            "eps_4q_growth_year": -49.26,
            "roe": 0.73,
            "roe_4q": 15.430000000000001,
            "gross_profit": 53750,
            "gross_margin": 2.4,
            "gross_margin_4q_avg": 4.1,
            "net_income": 8048,
            "revenue": 2239468,
            "common_shares": 737249,
            "book_valuer_per_share": 15.07,
            "book_valuer_per_share_4q_avg": 15.77,
            "equity": 1111042,
            "current_ratio": 153.36,
            "debt_ratio": 66.95,
            "inventory_turnover_ratio": 8.26,
            "account_receivable_turnover_ratio": 1.05,
            "reinvestment_rate": 14.42,
            "research_to_sale_ratio": 0.37,
            "price_fair": 86.7,
            "eps_avg_yearly": 2.48,
            "eps_latest_yearly": 0.44,
            "eps_growth_yearly": 323.68
        },
        "20161": {
            "year_quarter": 20161,
            "year": 2016,
            "quarter": 1,
            "eps": 1.13,
            "eps_growth_year": 222.86,
            "eps_4q": 2.99,
            "eps_4q_growth_year": -22.44,
            "roe": 7.24,
            "roe_4q": 20.490000000000002,
            "gross_profit": 160020,
            "gross_margin": 5.66,
            "gross_margin_4q_avg": 4.62,
            "net_income": 83479,
            "revenue": 2825735,
            "common_shares": 737249,
            "book_valuer_per_share": 16.19,
            "book_valuer_per_share_4q_avg": 15.78,
            "equity": 1193860,
            "current_ratio": 145.71,
            "debt_ratio": 69.53,
            "inventory_turnover_ratio": 11.84,
            "account_receivable_turnover_ratio": 1.12,
            "reinvestment_rate": 13.49,
            "research_to_sale_ratio": 0.13,
            "price_fair": 91.47,
            "eps_avg_yearly": 2.61,
            "eps_latest_yearly": 4.52,
            "eps_growth_yearly": 549.38
        },
        "20162": {
            "year_quarter": 20162,
            "year": 2016,
            "quarter": 2,
            "eps": 2.07,
            "eps_growth_year": 381.4,
            "eps_4q": 4.29,
            "eps_4q_growth_year": 59.31,
            "roe": 12.09,
            "roe_4q": 29.36,
            "gross_profit": 254594,
            "gross_margin": 6.97,
            "gross_margin_4q_avg": 5.5,
            "net_income": 152816,
            "revenue": 3650691,
            "common_shares": 737557,
            "book_valuer_per_share": 18.1,
            "book_valuer_per_share_4q_avg": 16.09,
            "equity": 1335111,
            "current_ratio": 140.81,
            "debt_ratio": 72.04,
            "inventory_turnover_ratio": 12.91,
            "account_receivable_turnover_ratio": 1.12,
            "reinvestment_rate": 8.13,
            "research_to_sale_ratio": 0.11,
            "price_fair": 103.86,
            "eps_avg_yearly": 2.97,
            "eps_latest_yearly": 8.28,
            "eps_growth_yearly": 535.84
        },
        "20163": {
            "year_quarter": 20163,
            "year": 2016,
            "quarter": 3,
            "eps": -0.1,
            "eps_growth_year": -107.58,
            "eps_4q": 2.97,
            "eps_4q_growth_year": 23.63,
            "roe": -0.57,
            "roe_4q": 19.49,
            "gross_profit": 55861,
            "gross_margin": 1.89,
            "gross_margin_4q_avg": 4.23,
            "net_income": -7605,
            "revenue": 2954143,
            "common_shares": 796562,
            "book_valuer_per_share": 16.64,
            "book_valuer_per_share_4q_avg": 16.5,
            "equity": 1325764,
            "current_ratio": 142.19,
            "debt_ratio": 71.52,
            "inventory_turnover_ratio": 11.44,
            "account_receivable_turnover_ratio": 0.83,
            "reinvestment_rate": 8.79,
            "research_to_sale_ratio": 0.1,
            "price_fair": 107.52,
            "eps_avg_yearly": 3.07,
            "eps_latest_yearly": 8.28,
            "eps_growth_yearly": 584.7
        },
        "20164": {
            "year_quarter": 20164,
            "year": 2016,
            "quarter": 4,
            "eps": 0.09,
            "eps_growth_year": -18.89,
            "eps_4q": 2.96,
            "eps_4q_growth_year": 38.44,
            "roe": 0.53,
            "roe_4q": 19.29,
            "gross_profit": 36255,
            "gross_margin": 1.05,
            "gross_margin_4q_avg": 3.89,
            "net_income": 7053,
            "revenue": 3447831,
            "common_shares": 796562,
            "book_valuer_per_share": 16.82,
            "book_valuer_per_share_4q_avg": 16.94,
            "equity": 1339991,
            "current_ratio": 140.16,
            "debt_ratio": 73.34,
            "inventory_turnover_ratio": 26.98,
            "account_receivable_turnover_ratio": 0.92,
            "reinvestment_rate": 18.68,
            "research_to_sale_ratio": 0.07,
            "price_fair": 101.4,
            "eps_avg_yearly": 2.9,
            "eps_latest_yearly": 8.28,
            "eps_growth_yearly": 542.38
        },
        "20171": {
            "year_quarter": 20171,
            "year": 2017,
            "quarter": 1,
            "eps": -0.79,
            "eps_growth_year": -169.91,
            "eps_4q": 1.12,
            "eps_4q_growth_year": -62.49,
            "roe": -4.81,
            "roe_4q": 7.24,
            "gross_profit": 52833,
            "gross_margin": 1.94,
            "gross_margin_4q_avg": 2.96,
            "net_income": -62847,
            "revenue": 2721075,
            "common_shares": 796562,
            "book_valuer_per_share": 16.01,
            "book_valuer_per_share_4q_avg": 16.89,
            "equity": 1275180,
            "current_ratio": 140.96,
            "debt_ratio": 72.94,
            "inventory_turnover_ratio": 38.54,
            "account_receivable_turnover_ratio": 0.69,
            "reinvestment_rate": 21.48,
            "research_to_sale_ratio": 0.09,
            "price_fair": 108.02,
            "eps_avg_yearly": 3.09,
            "eps_latest_yearly": 8.28,
            "eps_growth_yearly": 612.42
        },
        "20172": {
            "year_quarter": 20172,
            "year": 2017,
            "quarter": 2,
            "eps": 0.01,
            "eps_growth_year": -99.52,
            "eps_4q": -0.72,
            "eps_4q_growth_year": -116.68,
            "roe": 0.06,
            "roe_4q": -4.79,
            "gross_profit": 51033,
            "gross_margin": 2.3,
            "gross_margin_4q_avg": 1.8,
            "net_income": 772,
            "revenue": 2215076,
            "common_shares": 797199,
            "book_valuer_per_share": 15.78,
            "book_valuer_per_share_4q_avg": 16.31,
            "equity": 1257682,
            "current_ratio": 124.02,
            "debt_ratio": 73.37,
            "inventory_turnover_ratio": 19.86,
            "account_receivable_turnover_ratio": 0.58,
            "reinvestment_rate": 17.96,
            "research_to_sale_ratio": 0.1,
            "price_fair": 115.15,
            "eps_avg_yearly": 3.29,
            "eps_latest_yearly": 8.28,
            "eps_growth_yearly": 648.3
        }
    },
    "months": {
        "2001-06": {
            "month": "2001-06",
            "price": "25.94",
            "revenue": 110043
        },
        "2001-07": {
            "month": "2001-07",
            "price": "22.13",
            "revenue": 138660
        },
        "2001-08": {
            "month": "2001-08",
            "price": "12.70",
            "revenue": 131270
        },
        "2001-09": {
            "month": "2001-09",
            "price": "8.19",
            "revenue": 87589
        },
        "2001-10": {
            "month": "2001-10",
            "price": "7.25",
            "revenue": 113594
        },
        "2001-11": {
            "month": "2001-11",
            "price": "9.94",
            "revenue": 139219
        },
        "2001-12": {
            "month": "2001-12",
            "price": "16.26",
            "revenue": 95456
        },
        "2002-01": {
            "month": "2002-01",
            "price": "17.50",
            "revenue": 64948
        },
        "2002-02": {
            "month": "2002-02",
            "price": "16.75",
            "revenue": 51790
        },
        "2002-03": {
            "month": "2002-03",
            "price": "20.26",
            "revenue": 92771
        },
        "2002-04": {
            "month": "2002-04",
            "price": "18.59",
            "revenue": 84753
        },
        "2002-05": {
            "month": "2002-05",
            "price": "13.02",
            "revenue": 86786
        },
        "2002-06": {
            "month": "2002-06",
            "price": "10.76",
            "revenue": 73853
        },
        "2002-07": {
            "month": "2002-07",
            "price": "9.81",
            "revenue": 93168
        },
        "2002-08": {
            "month": "2002-08",
            "price": "8.35",
            "revenue": 96629
        },
        "2002-09": {
            "month": "2002-09",
            "price": "7.18",
            "revenue": 95456
        },
        "2002-10": {
            "month": "2002-10",
            "price": "7.89",
            "revenue": 88124
        },
        "2002-11": {
            "month": "2002-11",
            "price": "7.90",
            "revenue": 80712
        },
        "2002-12": {
            "month": "2002-12",
            "price": "6.62",
            "revenue": 89994
        },
        "2003-01": {
            "month": "2003-01",
            "price": "6.91",
            "revenue": 77120
        },
        "2003-02": {
            "month": "2003-02",
            "price": "6.63",
            "revenue": 74463
        },
        "2003-03": {
            "month": "2003-03",
            "price": "6.48",
            "revenue": 104085
        },
        "2003-04": {
            "month": "2003-04",
            "price": "6.66",
            "revenue": 113912
        },
        "2003-05": {
            "month": "2003-05",
            "price": "6.24",
            "revenue": 96237
        },
        "2003-06": {
            "month": "2003-06",
            "price": "7.46",
            "revenue": 93335
        },
        "2003-07": {
            "month": "2003-07",
            "price": "9.48",
            "revenue": 94266
        },
        "2003-08": {
            "month": "2003-08",
            "price": "8.50",
            "revenue": 100849
        },
        "2003-09": {
            "month": "2003-09",
            "price": "7.05",
            "revenue": 113258
        },
        "2003-10": {
            "month": "2003-10",
            "price": "7.45",
            "revenue": 106800
        },
        "2003-11": {
            "month": "2003-11",
            "price": "8.58",
            "revenue": 105118
        },
        "2003-12": {
            "month": "2003-12",
            "price": "8.89",
            "revenue": 110406
        },
        "2004-01": {
            "month": "2004-01",
            "price": "9.09",
            "revenue": 63907
        },
        "2004-02": {
            "month": "2004-02",
            "price": "9.54",
            "revenue": 84320
        },
        "2004-03": {
            "month": "2004-03",
            "price": "8.61",
            "revenue": 98800
        },
        "2004-04": {
            "month": "2004-04",
            "price": "8.64",
            "revenue": 87587
        },
        "2004-05": {
            "month": "2004-05",
            "price": "6.69",
            "revenue": 87793
        },
        "2004-06": {
            "month": "2004-06",
            "price": "6.60",
            "revenue": 100896
        },
        "2004-07": {
            "month": "2004-07",
            "price": "5.87",
            "revenue": 102163
        },
        "2004-08": {
            "month": "2004-08",
            "price": "5.50",
            "revenue": 102188
        },
        "2004-09": {
            "month": "2004-09",
            "price": "4.75",
            "revenue": 96079
        },
        "2004-10": {
            "month": "2004-10",
            "price": "5.17",
            "revenue": 97331
        },
        "2004-11": {
            "month": "2004-11",
            "price": "4.90",
            "revenue": 94377
        },
        "2004-12": {
            "month": "2004-12",
            "price": "4.70",
            "revenue": 86666
        },
        "2005-01": {
            "month": "2005-01",
            "price": "4.43",
            "revenue": 72393
        },
        "2005-02": {
            "month": "2005-02",
            "price": "4.70",
            "revenue": 40714
        },
        "2005-03": {
            "month": "2005-03",
            "price": "4.70",
            "revenue": 87942
        },
        "2005-04": {
            "month": "2005-04",
            "price": "4.16",
            "revenue": 81862
        },
        "2005-05": {
            "month": "2005-05",
            "price": "3.39",
            "revenue": 63509
        },
        "2005-06": {
            "month": "2005-06",
            "price": "3.68",
            "revenue": 91437
        },
        "2005-07": {
            "month": "2005-07",
            "price": "3.86",
            "revenue": 53685
        },
        "2005-08": {
            "month": "2005-08",
            "price": "3.55",
            "revenue": 80550
        },
        "2005-09": {
            "month": "2005-09",
            "price": "3.13",
            "revenue": 91748
        },
        "2005-10": {
            "month": "2005-10",
            "price": "3.11",
            "revenue": 72219
        },
        "2005-11": {
            "month": "2005-11",
            "price": "2.96",
            "revenue": 73521
        },
        "2005-12": {
            "month": "2005-12",
            "price": "3.08",
            "revenue": 91052
        },
        "2006-01": {
            "month": "2006-01",
            "price": "3.98",
            "revenue": 102463
        },
        "2006-02": {
            "month": "2006-02",
            "price": "4.33",
            "revenue": 94306
        },
        "2006-03": {
            "month": "2006-03",
            "price": "4.27",
            "revenue": 103063
        },
        "2006-04": {
            "month": "2006-04",
            "price": "4.78",
            "revenue": 78257
        },
        "2006-05": {
            "month": "2006-05",
            "price": "3.47",
            "revenue": 81386
        },
        "2006-06": {
            "month": "2006-06",
            "price": "4.04",
            "revenue": 99547
        },
        "2006-07": {
            "month": "2006-07",
            "price": "3.72",
            "revenue": 89102
        },
        "2006-08": {
            "month": "2006-08",
            "price": "3.80",
            "revenue": 112169
        },
        "2006-09": {
            "month": "2006-09",
            "price": "3.67",
            "revenue": 154002
        },
        "2006-10": {
            "month": "2006-10",
            "price": "3.72",
            "revenue": 118390
        },
        "2006-11": {
            "month": "2006-11",
            "price": "3.65",
            "revenue": 105932
        },
        "2006-12": {
            "month": "2006-12",
            "price": "4.06",
            "revenue": 95726
        },
        "2007-01": {
            "month": "2007-01",
            "price": "5.45",
            "revenue": 94599
        },
        "2007-02": {
            "month": "2007-02",
            "price": "5.80",
            "revenue": 44625
        },
        "2007-03": {
            "month": "2007-03",
            "price": "5.24",
            "revenue": 99258
        },
        "2007-04": {
            "month": "2007-04",
            "price": "5.97",
            "revenue": 117028
        },
        "2007-05": {
            "month": "2007-05",
            "price": "5.89",
            "revenue": 105865
        },
        "2007-06": {
            "month": "2007-06",
            "price": "5.67",
            "revenue": 80593
        },
        "2007-07": {
            "month": "2007-07",
            "price": "4.92",
            "revenue": 107857
        },
        "2007-08": {
            "month": "2007-08",
            "price": "4.65",
            "revenue": 102811
        },
        "2007-09": {
            "month": "2007-09",
            "price": "6.78",
            "revenue": 86100
        },
        "2007-10": {
            "month": "2007-10",
            "price": "7.05",
            "revenue": 101199
        },
        "2007-11": {
            "month": "2007-11",
            "price": "7.22",
            "revenue": 88052
        },
        "2007-12": {
            "month": "2007-12",
            "price": "8.11",
            "revenue": 94361
        },
        "2008-01": {
            "month": "2008-01",
            "price": "7.85",
            "revenue": 82610
        },
        "2008-02": {
            "month": "2008-02",
            "price": "7.17",
            "revenue": 45278
        },
        "2008-03": {
            "month": "2008-03",
            "price": "6.66",
            "revenue": 92017
        },
        "2008-04": {
            "month": "2008-04",
            "price": "6.24",
            "revenue": 93769
        },
        "2008-05": {
            "month": "2008-05",
            "price": "6.61",
            "revenue": 99302
        },
        "2008-06": {
            "month": "2008-06",
            "price": "5.33",
            "revenue": 103303
        },
        "2008-07": {
            "month": "2008-07",
            "price": "3.87",
            "revenue": 106924
        },
        "2008-08": {
            "month": "2008-08",
            "price": "3.67",
            "revenue": 90402
        },
        "2008-09": {
            "month": "2008-09",
            "price": "3.17",
            "revenue": 89956
        },
        "2008-10": {
            "month": "2008-10",
            "price": "3.28",
            "revenue": 81836
        },
        "2008-11": {
            "month": "2008-11",
            "price": "3.39",
            "revenue": 68934
        },
        "2008-12": {
            "month": "2008-12",
            "price": "3.62",
            "revenue": 75816
        },
        "2009-01": {
            "month": "2009-01",
            "price": "3.52",
            "revenue": 39933
        },
        "2009-02": {
            "month": "2009-02",
            "price": "3.38",
            "revenue": 52466
        },
        "2009-03": {
            "month": "2009-03",
            "price": "3.51",
            "revenue": 77581
        },
        "2009-04": {
            "month": "2009-04",
            "price": "4.70",
            "revenue": 72359
        },
        "2009-05": {
            "month": "2009-05",
            "price": "4.44",
            "revenue": 71543
        },
        "2009-06": {
            "month": "2009-06",
            "price": "4.77",
            "revenue": 62551
        },
        "2009-07": {
            "month": "2009-07",
            "price": "4.66",
            "revenue": 72223
        },
        "2009-08": {
            "month": "2009-08",
            "price": "4.81",
            "revenue": 78151
        },
        "2009-09": {
            "month": "2009-09",
            "price": "4.85",
            "revenue": 69488
        },
        "2009-10": {
            "month": "2009-10",
            "price": "8.30",
            "revenue": 73718
        },
        "2009-11": {
            "month": "2009-11",
            "price": "10.38",
            "revenue": 68672
        },
        "2009-12": {
            "month": "2009-12",
            "price": "9.70",
            "revenue": 80970
        },
        "2010-01": {
            "month": "2010-01",
            "price": "9.69",
            "revenue": 58410
        },
        "2010-02": {
            "month": "2010-02",
            "price": "9.84",
            "revenue": 41709
        },
        "2010-03": {
            "month": "2010-03",
            "price": "9.87",
            "revenue": 76116
        },
        "2010-04": {
            "month": "2010-04",
            "price": "11.91",
            "revenue": 80716
        },
        "2010-05": {
            "month": "2010-05",
            "price": "11.25",
            "revenue": 80712
        },
        "2010-06": {
            "month": "2010-06",
            "price": "10.51",
            "revenue": 80498
        },
        "2010-07": {
            "month": "2010-07",
            "price": "11.12",
            "revenue": 74095
        },
        "2010-08": {
            "month": "2010-08",
            "price": "11.08",
            "revenue": 87151
        },
        "2010-09": {
            "month": "2010-09",
            "price": "10.52",
            "revenue": 69226
        },
        "2010-10": {
            "month": "2010-10",
            "price": "9.39",
            "revenue": 69510
        },
        "2010-11": {
            "month": "2010-11",
            "price": "7.14",
            "revenue": 63167
        },
        "2010-12": {
            "month": "2010-12",
            "price": "8.11",
            "revenue": 69937
        },
        "2011-01": {
            "month": "2011-01",
            "price": "8.25",
            "revenue": 56199
        },
        "2011-02": {
            "month": "2011-02",
            "price": "8.25",
            "revenue": 39238
        },
        "2011-03": {
            "month": "2011-03",
            "price": "9.87",
            "revenue": 78122
        },
        "2011-04": {
            "month": "2011-04",
            "price": "12.99",
            "revenue": 59230
        },
        "2011-05": {
            "month": "2011-05",
            "price": "22.08",
            "revenue": 70160
        },
        "2011-06": {
            "month": "2011-06",
            "price": "30.33",
            "revenue": 75764
        },
        "2011-07": {
            "month": "2011-07",
            "price": "39.44",
            "revenue": 72475
        },
        "2011-08": {
            "month": "2011-08",
            "price": "40.70",
            "revenue": 62540
        },
        "2011-09": {
            "month": "2011-09",
            "price": "49.82",
            "revenue": 68508
        },
        "2011-10": {
            "month": "2011-10",
            "price": "60.38",
            "revenue": 63637
        },
        "2011-11": {
            "month": "2011-11",
            "price": "72.81",
            "revenue": 62758
        },
        "2011-12": {
            "month": "2011-12",
            "price": "69.17",
            "revenue": 65817
        },
        "2012-01": {
            "month": "2012-01",
            "price": "57.11",
            "revenue": 33063
        },
        "2012-02": {
            "month": "2012-02",
            "price": "57.41",
            "revenue": 69095
        },
        "2012-03": {
            "month": "2012-03",
            "price": "57.60",
            "revenue": 146073
        },
        "2012-04": {
            "month": "2012-04",
            "price": "56.09",
            "revenue": 140078
        },
        "2012-05": {
            "month": "2012-05",
            "price": "52.62",
            "revenue": 148876
        },
        "2012-06": {
            "month": "2012-06",
            "price": "49.14",
            "revenue": 175325
        },
        "2012-07": {
            "month": "2012-07",
            "price": "57.94",
            "revenue": 247913
        },
        "2012-08": {
            "month": "2012-08",
            "price": "55.73",
            "revenue": 124683
        },
        "2012-09": {
            "month": "2012-09",
            "price": "57.69",
            "revenue": 109809
        },
        "2012-10": {
            "month": "2012-10",
            "price": "57.65",
            "revenue": 190659
        },
        "2012-11": {
            "month": "2012-11",
            "price": "51.61",
            "revenue": 95404
        },
        "2012-12": {
            "month": "2012-12",
            "price": "49.14",
            "revenue": 165578
        },
        "2013-01": {
            "month": "2013-01",
            "price": "47.72",
            "revenue": 100684
        },
        "2013-02": {
            "month": "2013-02",
            "price": "45.04",
            "revenue": 74833
        },
        "2013-03": {
            "month": "2013-03",
            "price": "43.30",
            "revenue": 289138
        },
        "2013-04": {
            "month": "2013-04",
            "price": "56.44",
            "revenue": 196417
        },
        "2013-05": {
            "month": "2013-05",
            "price": "59.22",
            "revenue": 196930
        },
        "2013-06": {
            "month": "2013-06",
            "price": "58.14",
            "revenue": 208913
        },
        "2013-07": {
            "month": "2013-07",
            "price": "58.57",
            "revenue": 199037
        },
        "2013-08": {
            "month": "2013-08",
            "price": "62.39",
            "revenue": 190793
        },
        "2013-09": {
            "month": "2013-09",
            "price": "59.66",
            "revenue": 280789
        },
        "2013-10": {
            "month": "2013-10",
            "price": "54.37",
            "revenue": 291852
        },
        "2013-11": {
            "month": "2013-11",
            "price": "53.25",
            "revenue": 318765
        },
        "2013-12": {
            "month": "2013-12",
            "price": "50.25",
            "revenue": 454317
        },
        "2014-01": {
            "month": "2014-01",
            "price": "50.30",
            "revenue": 224921
        },
        "2014-02": {
            "month": "2014-02",
            "price": "58.88",
            "revenue": 199838
        },
        "2014-03": {
            "month": "2014-03",
            "price": "77.68",
            "revenue": 747185
        },
        "2014-04": {
            "month": "2014-04",
            "price": "91.33",
            "revenue": 421555
        },
        "2014-05": {
            "month": "2014-05",
            "price": "86.90",
            "revenue": 285551
        },
        "2014-06": {
            "month": "2014-06",
            "price": "88.56",
            "revenue": 728186
        },
        "2014-07": {
            "month": "2014-07",
            "price": "87.29",
            "revenue": 329315
        },
        "2014-08": {
            "month": "2014-08",
            "price": "85.31",
            "revenue": 603565
        },
        "2014-09": {
            "month": "2014-09",
            "price": "83.50",
            "revenue": 1114093
        },
        "2014-10": {
            "month": "2014-10",
            "price": "85.52",
            "revenue": 339178
        },
        "2014-11": {
            "month": "2014-11",
            "price": "90.06",
            "revenue": 523238
        },
        "2014-12": {
            "month": "2014-12",
            "price": "88.93",
            "revenue": 970948
        },
        "2015-01": {
            "month": "2015-01",
            "price": "88.50",
            "revenue": 368019
        },
        "2015-02": {
            "month": "2015-02",
            "price": "89.48",
            "revenue": 309804
        },
        "2015-03": {
            "month": "2015-03",
            "price": "100.60",
            "revenue": 573657
        },
        "2015-04": {
            "month": "2015-04",
            "price": "93.88",
            "revenue": 606062
        },
        "2015-05": {
            "month": "2015-05",
            "price": "91.58",
            "revenue": 563084
        },
        "2015-06": {
            "month": "2015-06",
            "price": "89.09",
            "revenue": 774098
        },
        "2015-07": {
            "month": "2015-07",
            "price": "82.20",
            "revenue": 510664
        },
        "2015-08": {
            "month": "2015-08",
            "price": "71.91",
            "revenue": 507556
        },
        "2015-09": {
            "month": "2015-09",
            "price": "72.25",
            "revenue": 737040
        },
        "2015-10": {
            "month": "2015-10",
            "price": "78.93",
            "revenue": 528764
        },
        "2015-11": {
            "month": "2015-11",
            "price": "76.73",
            "revenue": 661494
        },
        "2015-12": {
            "month": "2015-12",
            "price": "73.63",
            "revenue": 1050470
        },
        "2016-01": {
            "month": "2016-01",
            "price": "79.00",
            "revenue": 836423
        },
        "2016-02": {
            "month": "2016-02",
            "price": "89.97",
            "revenue": 712017
        },
        "2016-03": {
            "month": "2016-03",
            "price": "91.90",
            "revenue": 1277061
        },
        "2016-04": {
            "month": "2016-04",
            "price": "90.38",
            "revenue": 790566
        },
        "2016-05": {
            "month": "2016-05",
            "price": "83.70",
            "revenue": 1266097
        },
        "2016-06": {
            "month": "2016-06",
            "price": "85.78",
            "revenue": 1594039
        },
        "2016-07": {
            "month": "2016-07",
            "price": "91.86",
            "revenue": 1252186
        },
        "2016-08": {
            "month": "2016-08",
            "price": "85.64",
            "revenue": 954475
        },
        "2016-09": {
            "month": "2016-09",
            "price": "76.18",
            "revenue": 748328
        },
        "2016-10": {
            "month": "2016-10",
            "price": "70.08",
            "revenue": 874049
        },
        "2016-11": {
            "month": "2016-11",
            "price": "65.55",
            "revenue": 1459066
        },
        "2016-12": {
            "month": "2016-12",
            "price": "69.36",
            "revenue": 1118762
        },
        "2017-01": {
            "month": "2017-01",
            "price": "72.27",
            "revenue": 1267730
        },
        "2017-02": {
            "month": "2017-02",
            "price": "78.28",
            "revenue": 534051
        },
        "2017-03": {
            "month": "2017-03",
            "price": "82.13",
            "revenue": 919146
        },
        "2017-04": {
            "month": "2017-04",
            "price": "71.73",
            "revenue": 509027
        },
        "2017-05": {
            "month": "2017-05",
            "price": "63.73",
            "revenue": 723351
        },
        "2017-06": {
            "month": "2017-06",
            "price": "62.96",
            "revenue": 982548
        },
        "2017-07": {
            "month": "2017-07",
            "price": "51.81",
            "revenue": 922056
        },
        "2017-08": {
            "month": "2017-08",
            "price": "35.05",
            "revenue": 297444
        },
        "2017-09": {
            "month": "2017-09",
            "price": "22.65",
            "revenue": 587203
        },
        "2017-10": {
            "month": "2017-10",
            "price": "19.71",
            "revenue": 54520
        },
        "2017-11": {
            "month": "2017-11",
            "price": "6.19",
            "revenue": 22363
        }
    }
}
