{
    "summary": {
        "stock_name": "競國",
        "stock_id": "6108",
        "category": "電子零組件",
        "main_business": "印刷電路板製造及買賣",
        "website_url": "http://www.apcb.com.tw",
        "ceo": "賴進財",
        "pe_ratio": 100,
        "report_year_from": 2001,
        "report_year_to": 2023,
        "age": 22,
        "eps_negative_percentage": 4,
        "eps_growth_avg": {
            "last_all": 0.58,
            "last_2y": -92.72,
            "last_4y": -30.44,
            "last_8y": -7.73,
            "last_12y": -14.8,
            "last_16y": -4.55,
            "last_20y": 0.58,
            "at_2006_last_3y": 22.59,
            "at_2007_last_3y": 22.59,
            "at_2008_last_3y": -2.92,
            "at_2009_last_3y": 26.2,
            "at_2010_last_3y": 33.5,
            "at_2011_last_3y": 6.86,
            "at_2012_last_3y": 9.62,
            "at_2013_last_3y": -28.93,
            "at_2014_last_3y": 3.58,
            "at_2015_last_3y": -18.33,
            "at_2016_last_3y": 12.9,
            "at_2017_last_3y": 14.98,
            "at_2018_last_3y": 14.98,
            "at_2019_last_3y": 29.45,
            "at_2020_last_3y": -20.55,
            "at_2021_last_3y": -12.1,
            "at_2022_last_3y": -73.91,
            "at_2023_last_3y": -73.91,
            "at_2006_last_all": 5,
            "at_2007_last_all": 20.84,
            "at_2008_last_all": 12.72,
            "at_2009_last_all": 23.63,
            "at_2010_last_all": 17.67,
            "at_2011_last_all": 15.25,
            "at_2012_last_all": 11.59,
            "at_2013_last_all": 6.11,
            "at_2014_last_all": 13.33,
            "at_2015_last_all": 5.65,
            "at_2016_last_all": 11.94,
            "at_2017_last_all": 8.33,
            "at_2018_last_all": 13.72,
            "at_2019_last_all": 10.94,
            "at_2020_last_all": 5.1,
            "at_2021_last_all": 5.1,
            "at_2022_last_all": 0.58,
            "at_2023_last_all": 0.58
        },
        "latest_eps": 0.18,
        "latest_price": 18.55,
        "latest_roe": 0.79,
        "latest_gross_margin": 9.03,
        "latest_equity": 3507476,
        "latest_revenue": 1456326,
        "latest_gross_profit": 131480,
        "latest_net_income": 74459,
        "latest_debt_ratio": 61.41,
        "latest_current_ratio": 131.36,
        "latest_account_receivable_turnover_ratio": 0.84,
        "latest_inventory_turnover_ratio": 1.84,
        "latest_reinvestment_rate": -354.27,
        "latest_research_to_sale_ratio": null
    },
    "eps_dividends": {
        "1999": {
            "cash": 0,
            "stock": 4,
            "eps": 0
        },
        "2000": {
            "cash": 0,
            "stock": 2.5,
            "eps": 0
        },
        "2001": {
            "cash": 0,
            "stock": 2,
            "eps": 1.5
        },
        "2002": {
            "cash": 0.2,
            "stock": 0.1,
            "eps": 0.52
        },
        "2003": {
            "cash": 0.2,
            "stock": 1.38,
            "eps": 2.3
        },
        "2004": {
            "cash": 0.51,
            "stock": 1.02,
            "eps": 3.82
        },
        "2005": {
            "cash": 1.02,
            "stock": 1.02,
            "eps": 3.19
        },
        "2006": {
            "cash": 1,
            "stock": 1,
            "eps": 1.3
        },
        "2007": {
            "cash": 0.5,
            "stock": 1,
            "eps": 2.92
        },
        "2008": {
            "cash": 1,
            "stock": 1,
            "eps": 1.87
        },
        "2009": {
            "cash": 0.93,
            "stock": 0,
            "eps": 4.36
        },
        "2010": {
            "cash": 2.8,
            "stock": 0,
            "eps": 3.05
        },
        "2011": {
            "cash": 3.2,
            "stock": 0,
            "eps": 2.85
        },
        "2012": {
            "cash": 0,
            "stock": 0,
            "eps": 2.14
        },
        "2013": {
            "cash": 1.4,
            "stock": 0,
            "eps": 0.98
        },
        "2014": {
            "cash": 0.9,
            "stock": 0,
            "eps": 2.07
        },
        "2015": {
            "cash": 1.1,
            "stock": 0,
            "eps": 0.12
        },
        "2016": {
            "cash": 0,
            "stock": 0,
            "eps": 3.16
        },
        "2017": {
            "cash": 2,
            "stock": 0,
            "eps": 1.71
        },
        "2018": {
            "cash": 1.35,
            "stock": 0,
            "eps": 3.47
        },
        "2019": {
            "cash": 2.5,
            "stock": 0,
            "eps": 2.21
        },
        "2020": {
            "cash": 1.6,
            "stock": 0,
            "eps": -0.52
        },
        "2021": {
            "cash": 0.5,
            "stock": 0,
            "eps": 1.51
        },
        "2022": {
            "cash": 1.05,
            "stock": 0,
            "eps": 0.22
        },
        "2023": {
            "cash": 0.5,
            "stock": 0,
            "eps": 0.02
        }
    },
    "dividends": {
        "1999-05-30": {
            "cash": 0,
            "stock": 4
        },
        "2000-06-18": {
            "cash": 0,
            "stock": 2.5
        },
        "2001-06-03": {
            "cash": 0,
            "stock": 2
        },
        "2002-06-27": {
            "cash": 0.2,
            "stock": 0.1
        },
        "2003-04-29": {
            "cash": 0.2,
            "stock": 1.38
        },
        "2004-05-12": {
            "cash": 0.51,
            "stock": 1.02
        },
        "2005-04-28": {
            "cash": 1.02,
            "stock": 1.02
        },
        "2006-04-28": {
            "cash": 1,
            "stock": 1
        },
        "2007-04-30": {
            "cash": 0.5,
            "stock": 1
        },
        "2008-04-28": {
            "cash": 1,
            "stock": 1
        },
        "2009-04-28": {
            "cash": 0.93,
            "stock": 0
        },
        "2010-04-30": {
            "cash": 2.8,
            "stock": 0
        },
        "2011-01-01": {
            "cash": 1.2,
            "stock": 0
        },
        "2011-04-15": {
            "cash": 2,
            "stock": 0
        },
        "2013-04-30": {
            "cash": 1.4,
            "stock": 0
        },
        "2014-08-22": {
            "cash": 0.9,
            "stock": 0
        },
        "2015-07-24": {
            "cash": 1.1,
            "stock": 0
        },
        "2017-07-28": {
            "cash": 2,
            "stock": 0
        },
        "2018-07-20": {
            "cash": 1.35,
            "stock": 0
        },
        "2019-08-13": {
            "cash": 2.5,
            "stock": 0
        },
        "2020-07-28": {
            "cash": 1.6,
            "stock": 0
        },
        "2021-09-15": {
            "cash": 0.5,
            "stock": 0
        },
        "2022-09-15": {
            "cash": 1.05,
            "stock": 0
        },
        "2023-09-15": {
            "cash": 0.5,
            "stock": 0
        }
    },
    "prices": {
        "200101": "無",
        "200102": "無",
        "200103": "無",
        "200104": "無",
        "200105": "無",
        "200106": "無",
        "200107": "無",
        "200108": "18.50",
        "200109": "12.19",
        "200110": "11.61",
        "200111": "13.41",
        "200112": "16.46",
        "200201": "19.71",
        "200202": "23.62",
        "200203": "25.03",
        "200204": "24.32",
        "200205": "21.51",
        "200206": "21.08",
        "200207": "20.56",
        "200208": "19.40",
        "200209": "13.30",
        "200210": "13.05",
        "200211": "13.06",
        "200212": "13.83",
        "200301": "13.32",
        "200302": "11.36",
        "200303": "10.22",
        "200304": "13.20",
        "200305": "12.22",
        "200306": "14.68",
        "200307": "15.38",
        "200308": "15.64",
        "200309": "13.97",
        "200310": "15.88",
        "200311": "18.79",
        "200312": "21.97",
        "200401": "26.88",
        "200402": "31.80",
        "200403": "37.58",
        "200404": "38.75",
        "200405": "28.80",
        "200406": "26.96",
        "200407": "26.62",
        "200408": "27.76",
        "200409": "28.29",
        "200410": "25.00",
        "200411": "25.36",
        "200412": "24.03",
        "200501": "21.71",
        "200502": "24.56",
        "200503": "31.77",
        "200504": "29.91",
        "200505": "26.56",
        "200506": "29.37",
        "200507": "30.58",
        "200508": "29.07",
        "200509": "23.61",
        "200510": "23.01",
        "200511": "22.45",
        "200512": "25.71",
        "200601": "27.71",
        "200602": "25.26",
        "200603": "24.08",
        "200604": "25.97",
        "200605": "24.66",
        "200606": "21.58",
        "200607": "20.51",
        "200608": "19.80",
        "200609": "17.20",
        "200610": "17.36",
        "200611": "17.88",
        "200612": "23.16",
        "200701": "22.82",
        "200702": "21.26",
        "200703": "21.43",
        "200704": "20.71",
        "200705": "22.97",
        "200706": "27.38",
        "200707": "29.71",
        "200708": "24.90",
        "200709": "25.45",
        "200710": "26.17",
        "200711": "25.70",
        "200712": "22.10",
        "200801": "19.47",
        "200802": "19.91",
        "200803": "20.93",
        "200804": "23.05",
        "200805": "23.63",
        "200806": "19.98",
        "200807": "16.85",
        "200808": "16.47",
        "200809": "13.44",
        "200810": "12.28",
        "200811": "11.16",
        "200812": "10.70",
        "200901": "10.37",
        "200902": "10.23",
        "200903": "12.12",
        "200904": "15.21",
        "200905": "16.47",
        "200906": "17.80",
        "200907": "21.84",
        "200908": "25.64",
        "200909": "36.94",
        "200910": "39.30",
        "200911": "38.25",
        "200912": "40.79",
        "201001": "40.26",
        "201002": "37.26",
        "201003": "41.30",
        "201004": "39.51",
        "201005": "34.53",
        "201006": "32.82",
        "201007": "34.15",
        "201008": "35.38",
        "201009": "31.53",
        "201010": "30.75",
        "201011": "28.29",
        "201012": "29.32",
        "201101": "28.20",
        "201102": "27.47",
        "201103": "28.76",
        "201104": "29.49",
        "201105": "30.74",
        "201106": "32.09",
        "201107": "30.74",
        "201108": "25.05",
        "201109": "25.10",
        "201110": "22.52",
        "201111": "19.97",
        "201112": "17.61",
        "201201": "19.38",
        "201202": "22.56",
        "201203": "23.33",
        "201204": "23.29",
        "201205": "20.91",
        "201206": "20.06",
        "201207": "20.57",
        "201208": "21.04",
        "201209": "22.86",
        "201210": "20.39",
        "201211": "18.80",
        "201212": "19.18",
        "201301": "18.98",
        "201302": "19.13",
        "201303": "20.12",
        "201304": "21.10",
        "201305": "21.55",
        "201306": "20.86",
        "201307": "21.30",
        "201308": "18.75",
        "201309": "18.08",
        "201310": "18.02",
        "201311": "17.58",
        "201312": "17.63",
        "201401": "18.86",
        "201402": "20.28",
        "201403": "21.39",
        "201404": "21.18",
        "201405": "21.57",
        "201406": "23.34",
        "201407": "23.39",
        "201408": "22.60",
        "201409": "22.22",
        "201410": "19.92",
        "201411": "20.79",
        "201412": "22.61",
        "201501": "23.75",
        "201502": "22.86",
        "201503": "23.21",
        "201504": "21.02",
        "201505": "18.40",
        "201506": "16.92",
        "201507": "15.01",
        "201508": "13.09",
        "201509": "12.10",
        "201510": "12.86",
        "201511": "12.68",
        "201512": "12.02",
        "201601": "11.71",
        "201602": "13.08",
        "201603": "15.00",
        "201604": "16.40",
        "201605": "15.72",
        "201606": "15.55",
        "201607": "15.92",
        "201608": "18.52",
        "201609": "19.58",
        "201610": "21.83",
        "201611": "23.12",
        "201612": "26.36",
        "201701": "27.63",
        "201702": "28.27",
        "201703": "30.79",
        "201704": "31.18",
        "201705": "30.72",
        "201706": "31.41",
        "201707": "30.52",
        "201708": "31.46",
        "201709": "31.09",
        "201710": "29.44",
        "201711": "28.56",
        "201712": "27.99",
        "201801": "27.68",
        "201802": "26.01",
        "201803": "25.85",
        "201804": "23.81",
        "201805": "22.45",
        "201806": "23.00",
        "201807": "22.83",
        "201808": "26.34",
        "201809": "27.44",
        "201810": "26.19",
        "201811": "26.33",
        "201812": "27.14",
        "201901": "25.92",
        "201902": "27.37",
        "201903": "27.68",
        "201904": "30.76",
        "201905": "29.49",
        "201906": "29.76",
        "201907": "29.62",
        "201908": "26.93",
        "201909": "27.84",
        "201910": "26.75",
        "201911": "26.15",
        "201912": "25.95",
        "202001": "25.43",
        "202002": "23.67",
        "202003": "20.25",
        "202004": "20.91",
        "202005": "21.66",
        "202006": "22.15",
        "202007": "21.46",
        "202008": "21.46",
        "202009": "21.60",
        "202010": "20.80",
        "202011": "20.57",
        "202012": "20.69",
        "202101": "21.52",
        "202102": "21.29",
        "202103": "21.82",
        "202104": "21.93",
        "202105": "19.11",
        "202106": "19.75",
        "202107": "20.78",
        "202108": "22.34",
        "202109": "22.74",
        "202110": "20.64",
        "202111": "21.41",
        "202112": "21.55",
        "202201": "21.52",
        "202202": "20.67",
        "202203": "20.16",
        "202204": "19.83",
        "202205": "19.10",
        "202206": "18.70",
        "202207": "17.17",
        "202208": "17.38",
        "202209": "16.45",
        "202210": "16.08",
        "202211": "16.56",
        "202212": "16.65",
        "202301": "16.49",
        "202302": "16.75",
        "202303": "17.13",
        "202304": "17.44",
        "202305": "17.39",
        "202306": "17.76",
        "202307": "17.77",
        "202308": "18.33",
        "202309": "19.19",
        "202310": "19.50"
    },
    "quarters": {
        "20011": {
            "year_quarter": 20011,
            "year": 2001,
            "quarter": 1,
            "eps": -0.1,
            "eps_growth_year": null,
            "eps_4q": null,
            "eps_4q_growth_year": null,
            "roe": -0.59,
            "roe_4q": -0.59,
            "gross_profit": 13127,
            "gross_margin": 5.61,
            "gross_margin_4q_avg": 5.61,
            "net_income": -3701,
            "net_income_4q": null,
            "revenue": 234086,
            "revenue_4q": null,
            "common_shares": 387500,
            "book_valuer_per_share": 16.25,
            "book_valuer_per_share_4q_avg": 16.25,
            "equity": 629811,
            "current_ratio": 124.47,
            "debt_ratio": 43.08,
            "inventory_turnover_ratio": 2.11,
            "account_receivable_turnover_ratio": null,
            "reinvestment_rate": null,
            "research_to_sale_ratio": null,
            "price_fair": 0,
            "eps_avg_yearly": 0,
            "eps_latest_yearly": 0,
            "eps_growth_yearly": 0
        },
        "20012": {
            "year_quarter": 20012,
            "year": 2001,
            "quarter": 2,
            "eps": 0.46,
            "eps_growth_year": null,
            "eps_4q": 1.54,
            "eps_4q_growth_year": null,
            "roe": 3.36,
            "roe_4q": 2.77,
            "gross_profit": 25282,
            "gross_margin": 9.5,
            "gross_margin_4q_avg": 7.56,
            "net_income": 21465,
            "net_income_4q": null,
            "revenue": 266033,
            "revenue_4q": null,
            "common_shares": 387500,
            "book_valuer_per_share": 16.74,
            "book_valuer_per_share_4q_avg": 16.5,
            "equity": 648694,
            "current_ratio": 124.37,
            "debt_ratio": 44.35,
            "inventory_turnover_ratio": 2.5,
            "account_receivable_turnover_ratio": null,
            "reinvestment_rate": null,
            "research_to_sale_ratio": null,
            "price_fair": 0,
            "eps_avg_yearly": 0,
            "eps_latest_yearly": 0,
            "eps_growth_yearly": 0
        },
        "20013": {
            "year_quarter": 20013,
            "year": 2001,
            "quarter": 3,
            "eps": 0.64,
            "eps_growth_year": -51.52,
            "eps_4q": 1.29,
            "eps_4q_growth_year": null,
            "roe": 4.56,
            "roe_4q": 7.33,
            "gross_profit": 56913,
            "gross_margin": 18.94,
            "gross_margin_4q_avg": 11.35,
            "net_income": 30244,
            "net_income_4q": null,
            "revenue": 300570,
            "revenue_4q": null,
            "common_shares": 471000,
            "book_valuer_per_share": 14.41,
            "book_valuer_per_share_4q_avg": 15.8,
            "equity": 678938,
            "current_ratio": 135.23,
            "debt_ratio": 43.98,
            "inventory_turnover_ratio": 2.72,
            "account_receivable_turnover_ratio": null,
            "reinvestment_rate": null,
            "research_to_sale_ratio": null,
            "price_fair": 0,
            "eps_avg_yearly": 0,
            "eps_latest_yearly": 0,
            "eps_growth_yearly": 0
        },
        "20014": {
            "year_quarter": 20014,
            "year": 2001,
            "quarter": 4,
            "eps": 0.5,
            "eps_growth_year": 47.06,
            "eps_4q": 1.52,
            "eps_4q_growth_year": null,
            "roe": 3.4,
            "roe_4q": 10.729999999999999,
            "gross_profit": 39069,
            "gross_margin": 13.76,
            "gross_margin_4q_avg": 11.95,
            "net_income": 23468,
            "net_income_4q": null,
            "revenue": 283880,
            "revenue_4q": null,
            "common_shares": 471000,
            "book_valuer_per_share": 14.91,
            "book_valuer_per_share_4q_avg": 15.58,
            "equity": 702406,
            "current_ratio": 126.44,
            "debt_ratio": 45.02,
            "inventory_turnover_ratio": 2.83,
            "account_receivable_turnover_ratio": null,
            "reinvestment_rate": null,
            "research_to_sale_ratio": null,
            "price_fair": 0,
            "eps_avg_yearly": 0,
            "eps_latest_yearly": 0,
            "eps_growth_yearly": 0
        },
        "20021": {
            "year_quarter": 20021,
            "year": 2002,
            "quarter": 1,
            "eps": 0.16,
            "eps_growth_year": null,
            "eps_4q": 1.8,
            "eps_4q_growth_year": null,
            "roe": 1.04,
            "roe_4q": 12.36,
            "gross_profit": 34897,
            "gross_margin": 13.58,
            "gross_margin_4q_avg": 13.95,
            "net_income": 7347,
            "net_income_4q": null,
            "revenue": 256891,
            "revenue_4q": null,
            "common_shares": 471000,
            "book_valuer_per_share": 15.08,
            "book_valuer_per_share_4q_avg": 15.29,
            "equity": 710266,
            "current_ratio": 107.91,
            "debt_ratio": 50.88,
            "inventory_turnover_ratio": 2.4,
            "account_receivable_turnover_ratio": null,
            "reinvestment_rate": null,
            "research_to_sale_ratio": null,
            "price_fair": 1.92,
            "eps_avg_yearly": 0.64,
            "eps_latest_yearly": 0.64,
            "eps_growth_yearly": -272
        },
        "20022": {
            "year_quarter": 20022,
            "year": 2002,
            "quarter": 2,
            "eps": -0.18,
            "eps_growth_year": -139.13,
            "eps_4q": 1.11,
            "eps_4q_growth_year": -27.66,
            "roe": -1.25,
            "roe_4q": 7.75,
            "gross_profit": 35351,
            "gross_margin": 11.26,
            "gross_margin_4q_avg": 14.39,
            "net_income": -8691,
            "net_income_4q": null,
            "revenue": 314091,
            "revenue_4q": null,
            "common_shares": 471000,
            "book_valuer_per_share": 14.55,
            "book_valuer_per_share_4q_avg": 14.74,
            "equity": 685278,
            "current_ratio": 108.16,
            "debt_ratio": 54.84,
            "inventory_turnover_ratio": 2.69,
            "account_receivable_turnover_ratio": null,
            "reinvestment_rate": null,
            "research_to_sale_ratio": null,
            "price_fair": 1.92,
            "eps_avg_yearly": 0.64,
            "eps_latest_yearly": 0.64,
            "eps_growth_yearly": -272
        },
        "20023": {
            "year_quarter": 20023,
            "year": 2002,
            "quarter": 3,
            "eps": 0.01,
            "eps_growth_year": -98.44,
            "eps_4q": 0.43,
            "eps_4q_growth_year": -66.75,
            "roe": 0.05,
            "roe_4q": 3.24,
            "gross_profit": 27463,
            "gross_margin": 9.42,
            "gross_margin_4q_avg": 12.01,
            "net_income": 338,
            "net_income_4q": null,
            "revenue": 291400,
            "revenue_4q": null,
            "common_shares": 523100,
            "book_valuer_per_share": 13.27,
            "book_valuer_per_share_4q_avg": 14.45,
            "equity": 694099,
            "current_ratio": 104.84,
            "debt_ratio": 53.66,
            "inventory_turnover_ratio": 2.79,
            "account_receivable_turnover_ratio": null,
            "reinvestment_rate": null,
            "research_to_sale_ratio": null,
            "price_fair": 1.92,
            "eps_avg_yearly": 0.64,
            "eps_latest_yearly": 0.64,
            "eps_growth_yearly": -272
        },
        "20024": {
            "year_quarter": 20024,
            "year": 2002,
            "quarter": 4,
            "eps": 0.53,
            "eps_growth_year": 6,
            "eps_4q": 0.51,
            "eps_4q_growth_year": -66.45,
            "roe": 3.94,
            "roe_4q": 3.78,
            "gross_profit": 55901,
            "gross_margin": 19.48,
            "gross_margin_4q_avg": 13.44,
            "net_income": 27833,
            "net_income_4q": null,
            "revenue": 286945,
            "revenue_4q": null,
            "common_shares": 523100,
            "book_valuer_per_share": 13.72,
            "book_valuer_per_share_4q_avg": 14.16,
            "equity": 717739,
            "current_ratio": 97.99,
            "debt_ratio": 58.8,
            "inventory_turnover_ratio": 3.13,
            "account_receivable_turnover_ratio": null,
            "reinvestment_rate": null,
            "research_to_sale_ratio": null,
            "price_fair": 48.3,
            "eps_avg_yearly": 1.38,
            "eps_latest_yearly": 2.12,
            "eps_growth_yearly": 10264
        },
        "20031": {
            "year_quarter": 20031,
            "year": 2003,
            "quarter": 1,
            "eps": 0.36,
            "eps_growth_year": 125,
            "eps_4q": 0.73,
            "eps_4q_growth_year": -59.25,
            "roe": 2.59,
            "roe_4q": 5.329999999999999,
            "gross_profit": 51665,
            "gross_margin": 17.2,
            "gross_margin_4q_avg": 14.34,
            "net_income": 18830,
            "net_income_4q": null,
            "revenue": 300351,
            "revenue_4q": null,
            "common_shares": 523100,
            "book_valuer_per_share": 14.03,
            "book_valuer_per_share_4q_avg": 13.89,
            "equity": 733909,
            "current_ratio": 98.51,
            "debt_ratio": 53.68,
            "inventory_turnover_ratio": 3.52,
            "account_receivable_turnover_ratio": null,
            "reinvestment_rate": null,
            "research_to_sale_ratio": null,
            "price_fair": 49,
            "eps_avg_yearly": 1.4,
            "eps_latest_yearly": 1.44,
            "eps_growth_yearly": 6799.9
        },
        "20032": {
            "year_quarter": 20032,
            "year": 2003,
            "quarter": 2,
            "eps": 0.32,
            "eps_growth_year": null,
            "eps_4q": 1.2,
            "eps_4q_growth_year": 8.37,
            "roe": 2.31,
            "roe_4q": 8.89,
            "gross_profit": 45873,
            "gross_margin": 16.37,
            "gross_margin_4q_avg": 15.62,
            "net_income": 16996,
            "net_income_4q": null,
            "revenue": 280166,
            "revenue_4q": null,
            "common_shares": 523100,
            "book_valuer_per_share": 14.12,
            "book_valuer_per_share_4q_avg": 13.79,
            "equity": 738808,
            "current_ratio": 100.82,
            "debt_ratio": 53.27,
            "inventory_turnover_ratio": 2.93,
            "account_receivable_turnover_ratio": null,
            "reinvestment_rate": null,
            "research_to_sale_ratio": null,
            "price_fair": 47.95,
            "eps_avg_yearly": 1.37,
            "eps_latest_yearly": 1.28,
            "eps_growth_yearly": 5088.81
        },
        "20033": {
            "year_quarter": 20033,
            "year": 2003,
            "quarter": 3,
            "eps": 0.56,
            "eps_growth_year": 5500,
            "eps_4q": 1.63,
            "eps_4q_growth_year": 278.64,
            "roe": 4.41,
            "roe_4q": 13.25,
            "gross_profit": 56288,
            "gross_margin": 16.87,
            "gross_margin_4q_avg": 17.48,
            "net_income": 33446,
            "net_income_4q": null,
            "revenue": 333587,
            "revenue_4q": null,
            "common_shares": 600000,
            "book_valuer_per_share": 12.94,
            "book_valuer_per_share_4q_avg": 13.7,
            "equity": 776319,
            "current_ratio": 98.19,
            "debt_ratio": 54,
            "inventory_turnover_ratio": 3.38,
            "account_receivable_turnover_ratio": null,
            "reinvestment_rate": null,
            "research_to_sale_ratio": null,
            "price_fair": 54.04,
            "eps_avg_yearly": 1.54,
            "eps_latest_yearly": 2.24,
            "eps_growth_yearly": 4131.05
        },
        "20034": {
            "year_quarter": 20034,
            "year": 2003,
            "quarter": 4,
            "eps": 1.06,
            "eps_growth_year": 100,
            "eps_4q": 2.22,
            "eps_4q_growth_year": 333.81,
            "roe": 7.9,
            "roe_4q": 17.21,
            "gross_profit": 66398,
            "gross_margin": 17.66,
            "gross_margin_4q_avg": 17.03,
            "net_income": 63515,
            "net_income_4q": null,
            "revenue": 376082,
            "revenue_4q": null,
            "common_shares": 600000,
            "book_valuer_per_share": 13.88,
            "book_valuer_per_share_4q_avg": 13.74,
            "equity": 832660,
            "current_ratio": 102.6,
            "debt_ratio": 69.81,
            "inventory_turnover_ratio": 3.52,
            "account_receivable_turnover_ratio": null,
            "reinvestment_rate": null,
            "research_to_sale_ratio": null,
            "price_fair": 69.77,
            "eps_avg_yearly": 1.99,
            "eps_latest_yearly": 4.24,
            "eps_growth_yearly": 3502.07
        },
        "20041": {
            "year_quarter": 20041,
            "year": 2004,
            "quarter": 1,
            "eps": 0.92,
            "eps_growth_year": 155.56,
            "eps_4q": 2.81,
            "eps_4q_growth_year": 283.65,
            "roe": 6.48,
            "roe_4q": 21.099999999999998,
            "gross_profit": 77903,
            "gross_margin": 21.19,
            "gross_margin_4q_avg": 18.02,
            "net_income": 55472,
            "net_income_4q": null,
            "revenue": 367662,
            "revenue_4q": null,
            "common_shares": 600000,
            "book_valuer_per_share": 14.64,
            "book_valuer_per_share_4q_avg": 13.9,
            "equity": 878576,
            "current_ratio": 123.88,
            "debt_ratio": 53.19,
            "inventory_turnover_ratio": 3.09,
            "account_receivable_turnover_ratio": null,
            "reinvestment_rate": null,
            "research_to_sale_ratio": null,
            "price_fair": 78.2,
            "eps_avg_yearly": 2.23,
            "eps_latest_yearly": 3.68,
            "eps_growth_yearly": 2994.22
        },
        "20042": {
            "year_quarter": 20042,
            "year": 2004,
            "quarter": 2,
            "eps": 0.83,
            "eps_growth_year": 159.38,
            "eps_4q": 3.38,
            "eps_4q_growth_year": 180.73,
            "roe": 5.54,
            "roe_4q": 24.330000000000002,
            "gross_profit": 80492,
            "gross_margin": 21.65,
            "gross_margin_4q_avg": 19.34,
            "net_income": 49565,
            "net_income_4q": null,
            "revenue": 371872,
            "revenue_4q": null,
            "common_shares": 670861,
            "book_valuer_per_share": 13.56,
            "book_valuer_per_share_4q_avg": 13.76,
            "equity": 909376,
            "current_ratio": 115.47,
            "debt_ratio": 55.74,
            "inventory_turnover_ratio": 2.68,
            "account_receivable_turnover_ratio": null,
            "reinvestment_rate": 188.47,
            "research_to_sale_ratio": null,
            "price_fair": 82.95,
            "eps_avg_yearly": 2.37,
            "eps_latest_yearly": 3.32,
            "eps_growth_yearly": 2615.05
        },
        "20043": {
            "year_quarter": 20043,
            "year": 2004,
            "quarter": 3,
            "eps": 1.08,
            "eps_growth_year": 92.86,
            "eps_4q": 3.6,
            "eps_4q_growth_year": 121.16,
            "roe": 7.52,
            "roe_4q": 27.439999999999998,
            "gross_profit": 74147,
            "gross_margin": 19.7,
            "gross_margin_4q_avg": 20.05,
            "net_income": 72359,
            "net_income_4q": null,
            "revenue": 376383,
            "revenue_4q": null,
            "common_shares": 685196,
            "book_valuer_per_share": 14.8,
            "book_valuer_per_share_4q_avg": 14.22,
            "equity": 1014312,
            "current_ratio": 119.77,
            "debt_ratio": 54.65,
            "inventory_turnover_ratio": 2.03,
            "account_receivable_turnover_ratio": null,
            "reinvestment_rate": 32.55,
            "research_to_sale_ratio": null,
            "price_fair": 90.53,
            "eps_avg_yearly": 2.59,
            "eps_latest_yearly": 4.32,
            "eps_growth_yearly": 2337.88
        },
        "20044": {
            "year_quarter": 20044,
            "year": 2004,
            "quarter": 4,
            "eps": 0.99,
            "eps_growth_year": -6.6,
            "eps_4q": 3.61,
            "eps_4q_growth_year": 62.98,
            "roe": 6.48,
            "roe_4q": 26.02,
            "gross_profit": 31443,
            "gross_margin": 8.18,
            "gross_margin_4q_avg": 17.68,
            "net_income": 66986,
            "net_income_4q": null,
            "revenue": 384356,
            "revenue_4q": null,
            "common_shares": 687385,
            "book_valuer_per_share": 15.34,
            "book_valuer_per_share_4q_avg": 14.59,
            "equity": 1054385,
            "current_ratio": 118.06,
            "debt_ratio": 66.59,
            "inventory_turnover_ratio": 2.06,
            "account_receivable_turnover_ratio": null,
            "reinvestment_rate": 24.83,
            "research_to_sale_ratio": null,
            "price_fair": 95.34,
            "eps_avg_yearly": 2.72,
            "eps_latest_yearly": 3.96,
            "eps_growth_yearly": 2100.76
        },
        "20051": {
            "year_quarter": 20051,
            "year": 2005,
            "quarter": 1,
            "eps": 0.88,
            "eps_growth_year": -4.35,
            "eps_4q": 3.63,
            "eps_4q_growth_year": 29.31,
            "roe": 5.43,
            "roe_4q": 24.97,
            "gross_profit": 64405,
            "gross_margin": 15.72,
            "gross_margin_4q_avg": 16.31,
            "net_income": 60373,
            "net_income_4q": null,
            "revenue": 409733,
            "revenue_4q": null,
            "common_shares": 715693,
            "book_valuer_per_share": 16.36,
            "book_valuer_per_share_4q_avg": 15.02,
            "equity": 1170519,
            "current_ratio": 120.31,
            "debt_ratio": 48.7,
            "inventory_turnover_ratio": 2.17,
            "account_receivable_turnover_ratio": null,
            "reinvestment_rate": 15.62,
            "research_to_sale_ratio": null,
            "price_fair": 97.87,
            "eps_avg_yearly": 2.8,
            "eps_latest_yearly": 3.52,
            "eps_growth_yearly": 1905.74
        },
        "20052": {
            "year_quarter": 20052,
            "year": 2005,
            "quarter": 2,
            "eps": 0.53,
            "eps_growth_year": -36.14,
            "eps_4q": 3.38,
            "eps_4q_growth_year": -0.04,
            "roe": 3.23,
            "roe_4q": 22.66,
            "gross_profit": 54500,
            "gross_margin": 13,
            "gross_margin_4q_avg": 14.15,
            "net_income": 37126,
            "net_income_4q": null,
            "revenue": 419261,
            "revenue_4q": null,
            "common_shares": 717135,
            "book_valuer_per_share": 15.75,
            "book_valuer_per_share_4q_avg": 15.56,
            "equity": 1129172,
            "current_ratio": 117.09,
            "debt_ratio": 50.83,
            "inventory_turnover_ratio": 2.61,
            "account_receivable_turnover_ratio": null,
            "reinvestment_rate": 13.87,
            "research_to_sale_ratio": null,
            "price_fair": 95.9,
            "eps_avg_yearly": 2.74,
            "eps_latest_yearly": 2.12,
            "eps_growth_yearly": 1733.67
        },
        "20053": {
            "year_quarter": 20053,
            "year": 2005,
            "quarter": 3,
            "eps": 1.04,
            "eps_growth_year": -3.7,
            "eps_4q": 3.12,
            "eps_4q_growth_year": -13.18,
            "roe": 6.9,
            "roe_4q": 22.04,
            "gross_profit": 57639,
            "gross_margin": 13.72,
            "gross_margin_4q_avg": 12.66,
            "net_income": 82165,
            "net_income_4q": null,
            "revenue": 420189,
            "revenue_4q": null,
            "common_shares": 798864,
            "book_valuer_per_share": 15.66,
            "book_valuer_per_share_4q_avg": 15.78,
            "equity": 1251206,
            "current_ratio": 124.64,
            "debt_ratio": 48.76,
            "inventory_turnover_ratio": 2.6,
            "account_receivable_turnover_ratio": null,
            "reinvestment_rate": 11.36,
            "research_to_sale_ratio": null,
            "price_fair": 99.72,
            "eps_avg_yearly": 2.85,
            "eps_latest_yearly": 4.16,
            "eps_growth_yearly": 1629.92
        },
        "20054": {
            "year_quarter": 20054,
            "year": 2005,
            "quarter": 4,
            "eps": 0.74,
            "eps_growth_year": -25.25,
            "eps_4q": 3.02,
            "eps_4q_growth_year": -16.47,
            "roe": 3.3,
            "roe_4q": 18.86,
            "gross_profit": 77512,
            "gross_margin": 15.43,
            "gross_margin_4q_avg": 14.47,
            "net_income": 58395,
            "net_income_4q": null,
            "revenue": 502186,
            "revenue_4q": null,
            "common_shares": 967484,
            "book_valuer_per_share": 16.94,
            "book_valuer_per_share_4q_avg": 16.18,
            "equity": 2283516,
            "current_ratio": 103.51,
            "debt_ratio": 65.78,
            "inventory_turnover_ratio": 1.32,
            "account_receivable_turnover_ratio": null,
            "reinvestment_rate": 258.86,
            "research_to_sale_ratio": null,
            "price_fair": 100,
            "eps_avg_yearly": 2.86,
            "eps_latest_yearly": 2.96,
            "eps_growth_yearly": 1505.26
        },
        "20061": {
            "year_quarter": 20061,
            "year": 2006,
            "quarter": 1,
            "eps": 0.44,
            "eps_growth_year": -50,
            "eps_4q": 2.23,
            "eps_4q_growth_year": -38.71,
            "roe": 2.18,
            "roe_4q": 15.610000000000001,
            "gross_profit": 57712,
            "gross_margin": 13.09,
            "gross_margin_4q_avg": 13.81,
            "net_income": 43747,
            "net_income_4q": null,
            "revenue": 440977,
            "revenue_4q": null,
            "common_shares": 991074,
            "book_valuer_per_share": 17.37,
            "book_valuer_per_share_4q_avg": 16.43,
            "equity": 1721116,
            "current_ratio": 144.5,
            "debt_ratio": 42.02,
            "inventory_turnover_ratio": 1.16,
            "account_receivable_turnover_ratio": null,
            "reinvestment_rate": 6.65,
            "research_to_sale_ratio": null,
            "price_fair": 102.8,
            "eps_avg_yearly": 2.94,
            "eps_latest_yearly": 1.76,
            "eps_growth_yearly": 1513.1
        },
        "20062": {
            "year_quarter": 20062,
            "year": 2006,
            "quarter": 2,
            "eps": 0.35,
            "eps_growth_year": -33.96,
            "eps_4q": 2.2,
            "eps_4q_growth_year": -35.05,
            "roe": 2.06,
            "roe_4q": 14.440000000000001,
            "gross_profit": 32981,
            "gross_margin": 7.86,
            "gross_margin_4q_avg": 12.53,
            "net_income": 34945,
            "net_income_4q": null,
            "revenue": 419604,
            "revenue_4q": null,
            "common_shares": 999361,
            "book_valuer_per_share": 16.68,
            "book_valuer_per_share_4q_avg": 16.66,
            "equity": 1666500,
            "current_ratio": 127.56,
            "debt_ratio": 47.34,
            "inventory_turnover_ratio": 2.05,
            "account_receivable_turnover_ratio": null,
            "reinvestment_rate": 2.97,
            "research_to_sale_ratio": null,
            "price_fair": 99.21,
            "eps_avg_yearly": 2.83,
            "eps_latest_yearly": 1.4,
            "eps_growth_yearly": 1406.77
        },
        "20063": {
            "year_quarter": 20063,
            "year": 2006,
            "quarter": 3,
            "eps": 0.36,
            "eps_growth_year": -65.38,
            "eps_4q": 1.6,
            "eps_4q_growth_year": -48.89,
            "roe": 2.36,
            "roe_4q": 9.899999999999999,
            "gross_profit": 27784,
            "gross_margin": 6.38,
            "gross_margin_4q_avg": 10.69,
            "net_income": 39942,
            "net_income_4q": null,
            "revenue": 435434,
            "revenue_4q": null,
            "common_shares": 1107819,
            "book_valuer_per_share": 15.56,
            "book_valuer_per_share_4q_avg": 16.64,
            "equity": 1724065,
            "current_ratio": 123.91,
            "debt_ratio": 46.99,
            "inventory_turnover_ratio": 1.97,
            "account_receivable_turnover_ratio": null,
            "reinvestment_rate": -4.48,
            "research_to_sale_ratio": null,
            "price_fair": 96.16,
            "eps_avg_yearly": 2.75,
            "eps_latest_yearly": 1.44,
            "eps_growth_yearly": 1319.56
        },
        "20064": {
            "year_quarter": 20064,
            "year": 2006,
            "quarter": 4,
            "eps": 0.15,
            "eps_growth_year": -79.73,
            "eps_4q": 1.21,
            "eps_4q_growth_year": -59.87,
            "roe": 0.79,
            "roe_4q": 7.390000000000001,
            "gross_profit": 51008,
            "gross_margin": 12.45,
            "gross_margin_4q_avg": 9.95,
            "net_income": 16776,
            "net_income_4q": null,
            "revenue": 409825,
            "revenue_4q": null,
            "common_shares": 1109905,
            "book_valuer_per_share": 15.83,
            "book_valuer_per_share_4q_avg": 16.36,
            "equity": 2518949,
            "current_ratio": 81.12,
            "debt_ratio": 71.21,
            "inventory_turnover_ratio": 0.75,
            "account_receivable_turnover_ratio": null,
            "reinvestment_rate": 402.27,
            "research_to_sale_ratio": null,
            "price_fair": 39.74,
            "eps_avg_yearly": 2.65,
            "eps_latest_yearly": 0.6,
            "eps_growth_yearly": 4.98
        },
        "20071": {
            "year_quarter": 20071,
            "year": 2007,
            "quarter": 1,
            "eps": 0.68,
            "eps_growth_year": 54.55,
            "eps_4q": 1.5,
            "eps_4q_growth_year": -32.62,
            "roe": 3.47,
            "roe_4q": 8.68,
            "gross_profit": 44093,
            "gross_margin": 14.23,
            "gross_margin_4q_avg": 10.23,
            "net_income": 75960,
            "net_income_4q": null,
            "revenue": 309810,
            "revenue_4q": null,
            "common_shares": 1109905,
            "book_valuer_per_share": 16.79,
            "book_valuer_per_share_4q_avg": 16.22,
            "equity": 1863223,
            "current_ratio": 108.48,
            "debt_ratio": 45.56,
            "inventory_turnover_ratio": 0.56,
            "account_receivable_turnover_ratio": null,
            "reinvestment_rate": -1.93,
            "research_to_sale_ratio": null,
            "price_fair": 95.64,
            "eps_avg_yearly": 2.73,
            "eps_latest_yearly": 2.72,
            "eps_growth_yearly": 101.33
        },
        "20072": {
            "year_quarter": 20072,
            "year": 2007,
            "quarter": 2,
            "eps": 0.81,
            "eps_growth_year": 131.43,
            "eps_4q": 1.9,
            "eps_4q_growth_year": -13.63,
            "roe": 5.31,
            "roe_4q": 11.93,
            "gross_profit": 43853,
            "gross_margin": 11.83,
            "gross_margin_4q_avg": 11.22,
            "net_income": 98901,
            "net_income_4q": null,
            "revenue": 370655,
            "revenue_4q": null,
            "common_shares": 1109905,
            "book_valuer_per_share": 16.8,
            "book_valuer_per_share_4q_avg": 16.25,
            "equity": 1865144,
            "current_ratio": 105.43,
            "debt_ratio": 45.68,
            "inventory_turnover_ratio": 1.74,
            "account_receivable_turnover_ratio": null,
            "reinvestment_rate": -2.16,
            "research_to_sale_ratio": null,
            "price_fair": 99.93,
            "eps_avg_yearly": 2.86,
            "eps_latest_yearly": 3.24,
            "eps_growth_yearly": 108.89
        },
        "20073": {
            "year_quarter": 20073,
            "year": 2007,
            "quarter": 3,
            "eps": 0.94,
            "eps_growth_year": 161.11,
            "eps_4q": 2.5,
            "eps_4q_growth_year": 56.37,
            "roe": 6.02,
            "roe_4q": 15.59,
            "gross_profit": 81997,
            "gross_margin": 18.46,
            "gross_margin_4q_avg": 14.24,
            "net_income": 115840,
            "net_income_4q": null,
            "revenue": 444208,
            "revenue_4q": null,
            "common_shares": 1227396,
            "book_valuer_per_share": 16.16,
            "book_valuer_per_share_4q_avg": 16.4,
            "equity": 1982894,
            "current_ratio": 95.22,
            "debt_ratio": 49.85,
            "inventory_turnover_ratio": 1.56,
            "account_receivable_turnover_ratio": null,
            "reinvestment_rate": -5.42,
            "research_to_sale_ratio": null,
            "price_fair": 103.25,
            "eps_avg_yearly": 2.95,
            "eps_latest_yearly": 3.76,
            "eps_growth_yearly": 94.15
        },
        "20074": {
            "year_quarter": 20074,
            "year": 2007,
            "quarter": 4,
            "eps": 0.49,
            "eps_growth_year": 226.67,
            "eps_4q": 2.86,
            "eps_4q_growth_year": 135.92,
            "roe": 2.96,
            "roe_4q": 17.759999999999998,
            "gross_profit": 63832,
            "gross_margin": 14.4,
            "gross_margin_4q_avg": 14.73,
            "net_income": 60195,
            "net_income_4q": null,
            "revenue": 443236,
            "revenue_4q": null,
            "common_shares": 1227396,
            "book_valuer_per_share": 16.93,
            "book_valuer_per_share_4q_avg": 16.67,
            "equity": 2077916,
            "current_ratio": 96.81,
            "debt_ratio": 65.46,
            "inventory_turnover_ratio": 0.98,
            "account_receivable_turnover_ratio": null,
            "reinvestment_rate": 166.97,
            "research_to_sale_ratio": null,
            "price_fair": 98.26,
            "eps_avg_yearly": 2.81,
            "eps_latest_yearly": 1.96,
            "eps_growth_yearly": 59.86
        },
        "20081": {
            "year_quarter": 20081,
            "year": 2008,
            "quarter": 1,
            "eps": 0.34,
            "eps_growth_year": -50,
            "eps_4q": 2.56,
            "eps_4q_growth_year": 70.64,
            "roe": 2.04,
            "roe_4q": 16.33,
            "gross_profit": 189727,
            "gross_margin": 17.08,
            "gross_margin_4q_avg": 15.44,
            "net_income": 42095,
            "net_income_4q": null,
            "revenue": 1110581,
            "revenue_4q": null,
            "common_shares": 1227396,
            "book_valuer_per_share": 16.77,
            "book_valuer_per_share_4q_avg": 16.67,
            "equity": 2058522,
            "current_ratio": 93.84,
            "debt_ratio": 64.65,
            "inventory_turnover_ratio": 1.88,
            "account_receivable_turnover_ratio": null,
            "reinvestment_rate": 178.28,
            "research_to_sale_ratio": null,
            "price_fair": 93.19,
            "eps_avg_yearly": 2.66,
            "eps_latest_yearly": 1.36,
            "eps_growth_yearly": 55.51
        },
        "20082": {
            "year_quarter": 20082,
            "year": 2008,
            "quarter": 2,
            "eps": 0.56,
            "eps_growth_year": -30.86,
            "eps_4q": 2.33,
            "eps_4q_growth_year": 23.08,
            "roe": 3.38,
            "roe_4q": 14.399999999999999,
            "gross_profit": 180352,
            "gross_margin": 16.32,
            "gross_margin_4q_avg": 16.57,
            "net_income": 68839,
            "net_income_4q": null,
            "revenue": 1105112,
            "revenue_4q": null,
            "common_shares": 1227396,
            "book_valuer_per_share": 16.45,
            "book_valuer_per_share_4q_avg": 16.58,
            "equity": 2018555,
            "current_ratio": 83.35,
            "debt_ratio": 69.1,
            "inventory_turnover_ratio": 1.7,
            "account_receivable_turnover_ratio": null,
            "reinvestment_rate": 215.41,
            "research_to_sale_ratio": null,
            "price_fair": 90.83,
            "eps_avg_yearly": 2.6,
            "eps_latest_yearly": 2.24,
            "eps_growth_yearly": 74.13
        },
        "20083": {
            "year_quarter": 20083,
            "year": 2008,
            "quarter": 3,
            "eps": 0.81,
            "eps_growth_year": -13.83,
            "eps_4q": 2.06,
            "eps_4q_growth_year": -17.35,
            "roe": 5.16,
            "roe_4q": 13.54,
            "gross_profit": 228013,
            "gross_margin": 16.64,
            "gross_margin_4q_avg": 16.11,
            "net_income": 110698,
            "net_income_4q": null,
            "revenue": 1369858,
            "revenue_4q": null,
            "common_shares": 1359635,
            "book_valuer_per_share": 16.68,
            "book_valuer_per_share_4q_avg": 16.71,
            "equity": 2268139,
            "current_ratio": 90.98,
            "debt_ratio": 67.72,
            "inventory_turnover_ratio": 1.97,
            "account_receivable_turnover_ratio": null,
            "reinvestment_rate": 229.23,
            "research_to_sale_ratio": null,
            "price_fair": 88.46,
            "eps_avg_yearly": 2.53,
            "eps_latest_yearly": 3.24,
            "eps_growth_yearly": 77.76
        },
        "20084": {
            "year_quarter": 20084,
            "year": 2008,
            "quarter": 4,
            "eps": 0.16,
            "eps_growth_year": -67.35,
            "eps_4q": 1.75,
            "eps_4q_growth_year": -38.64,
            "roe": 0.97,
            "roe_4q": 11.55,
            "gross_profit": 194965,
            "gross_margin": 17.68,
            "gross_margin_4q_avg": 16.93,
            "net_income": 22264,
            "net_income_4q": null,
            "revenue": 1102565,
            "revenue_4q": null,
            "common_shares": 1361169,
            "book_valuer_per_share": 17.18,
            "book_valuer_per_share_4q_avg": 16.77,
            "equity": 2338807,
            "current_ratio": 92.21,
            "debt_ratio": 64.89,
            "inventory_turnover_ratio": 1.82,
            "account_receivable_turnover_ratio": 1.17,
            "reinvestment_rate": 233.42,
            "research_to_sale_ratio": null,
            "price_fair": 81.2,
            "eps_avg_yearly": 2.32,
            "eps_latest_yearly": 0.64,
            "eps_growth_yearly": 59.79
        },
        "20091": {
            "year_quarter": 20091,
            "year": 2009,
            "quarter": 1,
            "eps": 0.17,
            "eps_growth_year": -50,
            "eps_4q": 1.62,
            "eps_4q_growth_year": -36.92,
            "roe": 1,
            "roe_4q": 10.51,
            "gross_profit": 167847,
            "gross_margin": 14.43,
            "gross_margin_4q_avg": 16.27,
            "net_income": 23735,
            "net_income_4q": null,
            "revenue": 1163562,
            "revenue_4q": null,
            "common_shares": 1365636,
            "book_valuer_per_share": 17.81,
            "book_valuer_per_share_4q_avg": 17.03,
            "equity": 2432099,
            "current_ratio": 99.8,
            "debt_ratio": 61.25,
            "inventory_turnover_ratio": 2.52,
            "account_receivable_turnover_ratio": 0.65,
            "reinvestment_rate": 238.63,
            "research_to_sale_ratio": null,
            "price_fair": 74.99,
            "eps_avg_yearly": 2.14,
            "eps_latest_yearly": 0.68,
            "eps_growth_yearly": 64.13
        },
        "20092": {
            "year_quarter": 20092,
            "year": 2009,
            "quarter": 2,
            "eps": 1.6,
            "eps_growth_year": 185.71,
            "eps_4q": 2.74,
            "eps_4q_growth_year": 17.26,
            "roe": 8.88,
            "roe_4q": 16.01,
            "gross_profit": 329442,
            "gross_margin": 25.37,
            "gross_margin_4q_avg": 18.53,
            "net_income": 220437,
            "net_income_4q": null,
            "revenue": 1298666,
            "revenue_4q": null,
            "common_shares": 1458768,
            "book_valuer_per_share": 17.37,
            "book_valuer_per_share_4q_avg": 17.26,
            "equity": 2534525,
            "current_ratio": 101.91,
            "debt_ratio": 57.41,
            "inventory_turnover_ratio": 2.74,
            "account_receivable_turnover_ratio": 0.73,
            "reinvestment_rate": 186.64,
            "research_to_sale_ratio": null,
            "price_fair": 84.35,
            "eps_avg_yearly": 2.41,
            "eps_latest_yearly": 6.4,
            "eps_growth_yearly": 284.36
        },
        "20093": {
            "year_quarter": 20093,
            "year": 2009,
            "quarter": 3,
            "eps": 1.58,
            "eps_growth_year": 95.06,
            "eps_4q": 3.46,
            "eps_4q_growth_year": 67.59,
            "roe": 8.36,
            "roe_4q": 19.21,
            "gross_profit": 356025,
            "gross_margin": 23.86,
            "gross_margin_4q_avg": 20.34,
            "net_income": 224405,
            "net_income_4q": null,
            "revenue": 1491973,
            "revenue_4q": null,
            "common_shares": 1539671,
            "book_valuer_per_share": 18.39,
            "book_valuer_per_share_4q_avg": 17.69,
            "equity": 2830969,
            "current_ratio": 111.3,
            "debt_ratio": 55.05,
            "inventory_turnover_ratio": 2.73,
            "account_receivable_turnover_ratio": 0.75,
            "reinvestment_rate": 158.58,
            "research_to_sale_ratio": null,
            "price_fair": 89.08,
            "eps_avg_yearly": 2.55,
            "eps_latest_yearly": 6.32,
            "eps_growth_yearly": 259.99
        },
        "20094": {
            "year_quarter": 20094,
            "year": 2009,
            "quarter": 4,
            "eps": 1.01,
            "eps_growth_year": 531.25,
            "eps_4q": 3.88,
            "eps_4q_growth_year": 121.57,
            "roe": 5.05,
            "roe_4q": 23.29,
            "gross_profit": 300711,
            "gross_margin": 21.42,
            "gross_margin_4q_avg": 21.27,
            "net_income": 147931,
            "net_income_4q": null,
            "revenue": 1403831,
            "revenue_4q": null,
            "common_shares": 1539669,
            "book_valuer_per_share": 19.68,
            "book_valuer_per_share_4q_avg": 18.31,
            "equity": 3029392,
            "current_ratio": 120.08,
            "debt_ratio": 51.28,
            "inventory_turnover_ratio": 2.41,
            "account_receivable_turnover_ratio": 1.38,
            "reinvestment_rate": 199.28,
            "research_to_sale_ratio": null,
            "price_fair": 91.44,
            "eps_avg_yearly": 2.61,
            "eps_latest_yearly": 4.04,
            "eps_growth_yearly": 258.19
        },
        "20101": {
            "year_quarter": 20101,
            "year": 2010,
            "quarter": 1,
            "eps": 0.66,
            "eps_growth_year": 288.24,
            "eps_4q": 4.38,
            "eps_4q_growth_year": 171.07,
            "roe": 3.43,
            "roe_4q": 25.72,
            "gross_profit": 269842,
            "gross_margin": 18.17,
            "gross_margin_4q_avg": 22.21,
            "net_income": 105642,
            "net_income_4q": null,
            "revenue": 1485078,
            "revenue_4q": null,
            "common_shares": 1587501,
            "book_valuer_per_share": 19.73,
            "book_valuer_per_share_4q_avg": 18.79,
            "equity": 3131792,
            "current_ratio": 126.03,
            "debt_ratio": 50.29,
            "inventory_turnover_ratio": 2.3,
            "account_receivable_turnover_ratio": 0.72,
            "reinvestment_rate": 307.33,
            "research_to_sale_ratio": null,
            "price_fair": 93.36,
            "eps_avg_yearly": 2.67,
            "eps_latest_yearly": 2.64,
            "eps_growth_yearly": 259.66
        },
        "20102": {
            "year_quarter": 20102,
            "year": 2010,
            "quarter": 2,
            "eps": 1.34,
            "eps_growth_year": -16.34,
            "eps_4q": 4.33,
            "eps_4q_growth_year": 58.22,
            "roe": 7.04,
            "roe_4q": 23.88,
            "gross_profit": 302499,
            "gross_margin": 18.7,
            "gross_margin_4q_avg": 20.54,
            "net_income": 213804,
            "net_income_4q": null,
            "revenue": 1617668,
            "revenue_4q": null,
            "common_shares": 1597222,
            "book_valuer_per_share": 18.44,
            "book_valuer_per_share_4q_avg": 19.06,
            "equity": 2944677,
            "current_ratio": 111.64,
            "debt_ratio": 56.65,
            "inventory_turnover_ratio": 2.05,
            "account_receivable_turnover_ratio": 0.72,
            "reinvestment_rate": 290.79,
            "research_to_sale_ratio": null,
            "price_fair": 102.03,
            "eps_avg_yearly": 2.92,
            "eps_latest_yearly": 5.36,
            "eps_growth_yearly": 290.53
        },
        "20103": {
            "year_quarter": 20103,
            "year": 2010,
            "quarter": 3,
            "eps": 0.49,
            "eps_growth_year": -69.17,
            "eps_4q": 3.41,
            "eps_4q_growth_year": -1.31,
            "roe": 2.61,
            "roe_4q": 18.13,
            "gross_profit": 229012,
            "gross_margin": 13.15,
            "gross_margin_4q_avg": 17.86,
            "net_income": 77247,
            "net_income_4q": null,
            "revenue": 1741653,
            "revenue_4q": null,
            "common_shares": 1598620,
            "book_valuer_per_share": 18.63,
            "book_valuer_per_share_4q_avg": 19.12,
            "equity": 2978474,
            "current_ratio": 95.84,
            "debt_ratio": 63.54,
            "inventory_turnover_ratio": 2,
            "account_receivable_turnover_ratio": 0.71,
            "reinvestment_rate": 316.66,
            "research_to_sale_ratio": null,
            "price_fair": 103.16,
            "eps_avg_yearly": 2.95,
            "eps_latest_yearly": 1.96,
            "eps_growth_yearly": 273.96
        },
        "20104": {
            "year_quarter": 20104,
            "year": 2010,
            "quarter": 4,
            "eps": 0.56,
            "eps_growth_year": -44.17,
            "eps_4q": 3.05,
            "eps_4q_growth_year": -21.48,
            "roe": 3.07,
            "roe_4q": 16.15,
            "gross_profit": 277129,
            "gross_margin": 14.03,
            "gross_margin_4q_avg": 16.01,
            "net_income": 90767,
            "net_income_4q": null,
            "revenue": 1975394,
            "revenue_4q": null,
            "common_shares": 1598620,
            "book_valuer_per_share": 18.32,
            "book_valuer_per_share_4q_avg": 18.78,
            "equity": 2928344,
            "current_ratio": 106.09,
            "debt_ratio": 61.75,
            "inventory_turnover_ratio": 2.27,
            "account_receivable_turnover_ratio": 0.79,
            "reinvestment_rate": 124.65,
            "research_to_sale_ratio": null,
            "price_fair": 106.75,
            "eps_avg_yearly": 3.05,
            "eps_latest_yearly": 2.24,
            "eps_growth_yearly": 292.11
        },
        "20111": {
            "year_quarter": 20111,
            "year": 2011,
            "quarter": 1,
            "eps": 0.39,
            "eps_growth_year": -40.91,
            "eps_4q": 2.78,
            "eps_4q_growth_year": -36.62,
            "roe": 2.08,
            "roe_4q": 14.8,
            "gross_profit": 187776,
            "gross_margin": 11.08,
            "gross_margin_4q_avg": 14.24,
            "net_income": 61867,
            "net_income_4q": null,
            "revenue": 1694135,
            "revenue_4q": null,
            "common_shares": 1598620,
            "book_valuer_per_share": 18.91,
            "book_valuer_per_share_4q_avg": 18.58,
            "equity": 3022669,
            "current_ratio": 107.56,
            "debt_ratio": 61.66,
            "inventory_turnover_ratio": 2.01,
            "account_receivable_turnover_ratio": 0.68,
            "reinvestment_rate": 318.24,
            "research_to_sale_ratio": null,
            "price_fair": 104.21,
            "eps_avg_yearly": 2.98,
            "eps_latest_yearly": 1.56,
            "eps_growth_yearly": 196.19
        },
        "20112": {
            "year_quarter": 20112,
            "year": 2011,
            "quarter": 2,
            "eps": 1.05,
            "eps_growth_year": -21.69,
            "eps_4q": 2.49,
            "eps_4q_growth_year": -42.6,
            "roe": 5.72,
            "roe_4q": 13.479999999999999,
            "gross_profit": 379498,
            "gross_margin": 17.57,
            "gross_margin_4q_avg": 13.96,
            "net_income": 167584,
            "net_income_4q": null,
            "revenue": 2160458,
            "revenue_4q": null,
            "common_shares": 1598620,
            "book_valuer_per_share": 17.75,
            "book_valuer_per_share_4q_avg": 18.4,
            "equity": 2836996,
            "current_ratio": 101.93,
            "debt_ratio": 65.87,
            "inventory_turnover_ratio": 2.25,
            "account_receivable_turnover_ratio": 0.82,
            "reinvestment_rate": 317.47,
            "research_to_sale_ratio": null,
            "price_fair": 106.31,
            "eps_avg_yearly": 3.04,
            "eps_latest_yearly": 4.2,
            "eps_growth_yearly": 233.72
        },
        "20113": {
            "year_quarter": 20113,
            "year": 2011,
            "quarter": 3,
            "eps": 0.69,
            "eps_growth_year": 42.36,
            "eps_4q": 2.69,
            "eps_4q_growth_year": -21.06,
            "roe": 3.72,
            "roe_4q": 14.59,
            "gross_profit": 277277,
            "gross_margin": 13.26,
            "gross_margin_4q_avg": 13.99,
            "net_income": 110852,
            "net_income_4q": null,
            "revenue": 2090816,
            "revenue_4q": null,
            "common_shares": 1598654,
            "book_valuer_per_share": 19.58,
            "book_valuer_per_share_4q_avg": 18.64,
            "equity": 3129938,
            "current_ratio": 96.85,
            "debt_ratio": 67.44,
            "inventory_turnover_ratio": 2.47,
            "account_receivable_turnover_ratio": 0.72,
            "reinvestment_rate": 388.91,
            "research_to_sale_ratio": null,
            "price_fair": 104.13,
            "eps_avg_yearly": 2.98,
            "eps_latest_yearly": 2.76,
            "eps_growth_yearly": 221.13
        },
        "20114": {
            "year_quarter": 20114,
            "year": 2011,
            "quarter": 4,
            "eps": 0.72,
            "eps_growth_year": 27.46,
            "eps_4q": 2.85,
            "eps_4q_growth_year": -6.62,
            "roe": 3.61,
            "roe_4q": 15.13,
            "gross_profit": 379106,
            "gross_margin": 20.66,
            "gross_margin_4q_avg": 15.64,
            "net_income": 114902,
            "net_income_4q": null,
            "revenue": 1835318,
            "revenue_4q": null,
            "common_shares": 1598654,
            "book_valuer_per_share": 20.29,
            "book_valuer_per_share_4q_avg": 19.13,
            "equity": 3243494,
            "current_ratio": 103.1,
            "debt_ratio": 64.49,
            "inventory_turnover_ratio": 2.27,
            "account_receivable_turnover_ratio": 0.64,
            "reinvestment_rate": 270.41,
            "research_to_sale_ratio": null,
            "price_fair": 106.14,
            "eps_avg_yearly": 3.03,
            "eps_latest_yearly": 2.88,
            "eps_growth_yearly": 234.19
        },
        "20121": {
            "year_quarter": 20121,
            "year": 2012,
            "quarter": 1,
            "eps": 0.39,
            "eps_growth_year": 0,
            "eps_4q": 2.85,
            "eps_4q_growth_year": 2.53,
            "roe": 1.9,
            "roe_4q": 14.95,
            "gross_profit": 283498,
            "gross_margin": 16.62,
            "gross_margin_4q_avg": 17.03,
            "net_income": 61673,
            "net_income_4q": null,
            "revenue": 1706269,
            "revenue_4q": null,
            "common_shares": 1598993,
            "book_valuer_per_share": 20.23,
            "book_valuer_per_share_4q_avg": 19.46,
            "equity": 3234160,
            "current_ratio": 101.39,
            "debt_ratio": 64.56,
            "inventory_turnover_ratio": 2.35,
            "account_receivable_turnover_ratio": 0.66,
            "reinvestment_rate": 270.78,
            "research_to_sale_ratio": null,
            "price_fair": 106.58,
            "eps_avg_yearly": 3.05,
            "eps_latest_yearly": 1.56,
            "eps_growth_yearly": 230.38
        },
        "20122": {
            "year_quarter": 20122,
            "year": 2012,
            "quarter": 2,
            "eps": 0.84,
            "eps_growth_year": -20.07,
            "eps_4q": 2.64,
            "eps_4q_growth_year": 6,
            "roe": 4.17,
            "roe_4q": 13.4,
            "gross_profit": 399416,
            "gross_margin": 18.99,
            "gross_margin_4q_avg": 17.38,
            "net_income": 133975,
            "net_income_4q": null,
            "revenue": 2103168,
            "revenue_4q": null,
            "common_shares": 1598993,
            "book_valuer_per_share": 19.98,
            "book_valuer_per_share_4q_avg": 20.02,
            "equity": 3194750,
            "current_ratio": 100.64,
            "debt_ratio": 65.82,
            "inventory_turnover_ratio": 2.45,
            "account_receivable_turnover_ratio": 0.78,
            "reinvestment_rate": 243.6,
            "research_to_sale_ratio": null,
            "price_fair": 109.03,
            "eps_avg_yearly": 3.12,
            "eps_latest_yearly": 3.36,
            "eps_growth_yearly": 243.05
        },
        "20123": {
            "year_quarter": 20123,
            "year": 2012,
            "quarter": 3,
            "eps": 0.54,
            "eps_growth_year": -22.07,
            "eps_4q": 2.48,
            "eps_4q_growth_year": -7.8,
            "roe": 2.68,
            "roe_4q": 12.36,
            "gross_profit": 276605,
            "gross_margin": 14.96,
            "gross_margin_4q_avg": 17.81,
            "net_income": 86403,
            "net_income_4q": null,
            "revenue": 1849525,
            "revenue_4q": null,
            "common_shares": 1598993,
            "book_valuer_per_share": 20.28,
            "book_valuer_per_share_4q_avg": 20.2,
            "equity": 3242491,
            "current_ratio": 103.16,
            "debt_ratio": 65.55,
            "inventory_turnover_ratio": 2.17,
            "account_receivable_turnover_ratio": 0.68,
            "reinvestment_rate": 238.54,
            "research_to_sale_ratio": null,
            "price_fair": 106.66,
            "eps_avg_yearly": 3.05,
            "eps_latest_yearly": 2.16,
            "eps_growth_yearly": 222.96
        },
        "20124": {
            "year_quarter": 20124,
            "year": 2012,
            "quarter": 4,
            "eps": 0.37,
            "eps_growth_year": -48.3,
            "eps_4q": 2.14,
            "eps_4q_growth_year": -25,
            "roe": 1.82,
            "roe_4q": 10.57,
            "gross_profit": 125634,
            "gross_margin": 7.97,
            "gross_margin_4q_avg": 14.64,
            "net_income": 59417,
            "net_income_4q": null,
            "revenue": 1575439,
            "revenue_4q": null,
            "common_shares": 1598993,
            "book_valuer_per_share": 20.66,
            "book_valuer_per_share_4q_avg": 20.29,
            "equity": 3303042,
            "current_ratio": 100.94,
            "debt_ratio": 64.21,
            "inventory_turnover_ratio": 2.14,
            "account_receivable_turnover_ratio": 0.63,
            "reinvestment_rate": 247.46,
            "research_to_sale_ratio": null,
            "price_fair": 108.5,
            "eps_avg_yearly": 3.1,
            "eps_latest_yearly": 1.48,
            "eps_growth_yearly": 235.16
        },
        "20131": {
            "year_quarter": 20131,
            "year": 2013,
            "quarter": 1,
            "eps": 0.49,
            "eps_growth_year": 25.64,
            "eps_4q": 2.24,
            "eps_4q_growth_year": -21.16,
            "roe": 2.33,
            "roe_4q": 11,
            "gross_profit": 100333,
            "gross_margin": 5.73,
            "gross_margin_4q_avg": 11.91,
            "net_income": 78939,
            "net_income_4q": null,
            "revenue": 1750465,
            "revenue_4q": null,
            "common_shares": 1598993,
            "book_valuer_per_share": 21.68,
            "book_valuer_per_share_4q_avg": 20.65,
            "equity": 3467294,
            "current_ratio": 103.88,
            "debt_ratio": 64.94,
            "inventory_turnover_ratio": 2.31,
            "account_receivable_turnover_ratio": 0.75,
            "reinvestment_rate": 67.17,
            "research_to_sale_ratio": null,
            "price_fair": 111.3,
            "eps_avg_yearly": 3.18,
            "eps_latest_yearly": 1.96,
            "eps_growth_yearly": 241.7
        },
        "20132": {
            "year_quarter": 20132,
            "year": 2013,
            "quarter": 2,
            "eps": 0.05,
            "eps_growth_year": -94.03,
            "eps_4q": 1.46,
            "eps_4q_growth_year": -44.58,
            "roe": 0.26,
            "roe_4q": 7.09,
            "gross_profit": 273640,
            "gross_margin": 12.27,
            "gross_margin_4q_avg": 10.23,
            "net_income": 8788,
            "net_income_4q": null,
            "revenue": 2230004,
            "revenue_4q": null,
            "common_shares": 1598993,
            "book_valuer_per_share": 20.68,
            "book_valuer_per_share_4q_avg": 20.83,
            "equity": 3307403,
            "current_ratio": 103.11,
            "debt_ratio": 69.87,
            "inventory_turnover_ratio": 2.54,
            "account_receivable_turnover_ratio": 0.89,
            "reinvestment_rate": 97.16,
            "research_to_sale_ratio": null,
            "price_fair": 52.94,
            "eps_avg_yearly": 2.79,
            "eps_latest_yearly": 0.2,
            "eps_growth_yearly": 8.96
        },
        "20133": {
            "year_quarter": 20133,
            "year": 2013,
            "quarter": 3,
            "eps": 0.4,
            "eps_growth_year": -25.98,
            "eps_4q": 1.32,
            "eps_4q_growth_year": -46.9,
            "roe": 1.92,
            "roe_4q": 6.33,
            "gross_profit": 288157,
            "gross_margin": 14.12,
            "gross_margin_4q_avg": 10.02,
            "net_income": 63632,
            "net_income_4q": null,
            "revenue": 2041405,
            "revenue_4q": null,
            "common_shares": 1598993,
            "book_valuer_per_share": 20.78,
            "book_valuer_per_share_4q_avg": 20.95,
            "equity": 3322293,
            "current_ratio": 105.58,
            "debt_ratio": 69.42,
            "inventory_turnover_ratio": 2.33,
            "account_receivable_turnover_ratio": 0.77,
            "reinvestment_rate": 116.22,
            "research_to_sale_ratio": null,
            "price_fair": 87.41,
            "eps_avg_yearly": 2.5,
            "eps_latest_yearly": 1.6,
            "eps_growth_yearly": 184.27
        },
        "20134": {
            "year_quarter": 20134,
            "year": 2013,
            "quarter": 4,
            "eps": 0.04,
            "eps_growth_year": -88.68,
            "eps_4q": 0.99,
            "eps_4q_growth_year": -53.7,
            "roe": 0.2,
            "roe_4q": 4.71,
            "gross_profit": 211951,
            "gross_margin": 10.47,
            "gross_margin_4q_avg": 10.65,
            "net_income": 6725,
            "net_income_4q": null,
            "revenue": 2025247,
            "revenue_4q": null,
            "common_shares": 1598993,
            "book_valuer_per_share": 20.97,
            "book_valuer_per_share_4q_avg": 21.03,
            "equity": 3352828,
            "current_ratio": 102.43,
            "debt_ratio": 69.35,
            "inventory_turnover_ratio": 2.28,
            "account_receivable_turnover_ratio": 0.78,
            "reinvestment_rate": -35.06,
            "research_to_sale_ratio": null,
            "price_fair": 78.93,
            "eps_avg_yearly": 2.26,
            "eps_latest_yearly": 0.16,
            "eps_growth_yearly": 170.79
        },
        "20141": {
            "year_quarter": 20141,
            "year": 2014,
            "quarter": 1,
            "eps": 0.66,
            "eps_growth_year": 34.69,
            "eps_4q": 1.16,
            "eps_4q_growth_year": -48.38,
            "roe": 3.11,
            "roe_4q": 5.49,
            "gross_profit": 274359,
            "gross_margin": 12.75,
            "gross_margin_4q_avg": 12.4,
            "net_income": 106023,
            "net_income_4q": null,
            "revenue": 2151994,
            "revenue_4q": null,
            "common_shares": 1598993,
            "book_valuer_per_share": 21.67,
            "book_valuer_per_share_4q_avg": 21.03,
            "equity": 3464622,
            "current_ratio": 104.47,
            "debt_ratio": 68.7,
            "inventory_turnover_ratio": 2.15,
            "account_receivable_turnover_ratio": 0.81,
            "reinvestment_rate": -37.95,
            "research_to_sale_ratio": null,
            "price_fair": 78.93,
            "eps_avg_yearly": 2.26,
            "eps_latest_yearly": 2.64,
            "eps_growth_yearly": 566.95
        },
        "20142": {
            "year_quarter": 20142,
            "year": 2014,
            "quarter": 2,
            "eps": 0.45,
            "eps_growth_year": 800,
            "eps_4q": 1.55,
            "eps_4q_growth_year": 6.09,
            "roe": 2.11,
            "roe_4q": 7.34,
            "gross_profit": 292223,
            "gross_margin": 12.51,
            "gross_margin_4q_avg": 12.46,
            "net_income": 71393,
            "net_income_4q": null,
            "revenue": 2336443,
            "revenue_4q": null,
            "common_shares": 1598993,
            "book_valuer_per_share": 20.7,
            "book_valuer_per_share_4q_avg": 21.03,
            "equity": 3310242,
            "current_ratio": 104.26,
            "debt_ratio": 69.92,
            "inventory_turnover_ratio": 2.41,
            "account_receivable_turnover_ratio": 0.85,
            "reinvestment_rate": -76.25,
            "research_to_sale_ratio": null,
            "price_fair": 71.14,
            "eps_avg_yearly": 2.03,
            "eps_latest_yearly": 1.8,
            "eps_growth_yearly": 533.24
        },
        "20143": {
            "year_quarter": 20143,
            "year": 2014,
            "quarter": 3,
            "eps": 0.9,
            "eps_growth_year": 125,
            "eps_4q": 2.05,
            "eps_4q_growth_year": 55.67,
            "roe": 4.19,
            "roe_4q": 9.61,
            "gross_profit": 382381,
            "gross_margin": 16.7,
            "gross_margin_4q_avg": 13.11,
            "net_income": 143978,
            "net_income_4q": null,
            "revenue": 2289375,
            "revenue_4q": null,
            "common_shares": 1598993,
            "book_valuer_per_share": 22.27,
            "book_valuer_per_share_4q_avg": 21.4,
            "equity": 3560337,
            "current_ratio": 111.1,
            "debt_ratio": 68.36,
            "inventory_turnover_ratio": 2.34,
            "account_receivable_turnover_ratio": 0.78,
            "reinvestment_rate": -109.18,
            "research_to_sale_ratio": null,
            "price_fair": 74.73,
            "eps_avg_yearly": 2.14,
            "eps_latest_yearly": 3.6,
            "eps_growth_yearly": 574.1
        },
        "20144": {
            "year_quarter": 20144,
            "year": 2014,
            "quarter": 4,
            "eps": 0.06,
            "eps_growth_year": 36.56,
            "eps_4q": 2.07,
            "eps_4q_growth_year": 109.12,
            "roe": 0.25,
            "roe_4q": 9.66,
            "gross_profit": 244216,
            "gross_margin": 11.2,
            "gross_margin_4q_avg": 13.29,
            "net_income": 9184,
            "net_income_4q": null,
            "revenue": 2181121,
            "revenue_4q": null,
            "common_shares": 1598993,
            "book_valuer_per_share": 23.21,
            "book_valuer_per_share_4q_avg": 21.96,
            "equity": 3711117,
            "current_ratio": 123.31,
            "debt_ratio": 65.83,
            "inventory_turnover_ratio": 2.35,
            "account_receivable_turnover_ratio": 0.72,
            "reinvestment_rate": -103.87,
            "research_to_sale_ratio": null,
            "price_fair": 70.35,
            "eps_avg_yearly": 2.01,
            "eps_latest_yearly": 0.24,
            "eps_growth_yearly": 547.19
        },
        "20151": {
            "year_quarter": 20151,
            "year": 2015,
            "quarter": 1,
            "eps": -0.3,
            "eps_growth_year": -145.45,
            "eps_4q": 1.11,
            "eps_4q_growth_year": -4.2,
            "roe": -1.29,
            "roe_4q": 5.26,
            "gross_profit": 113748,
            "gross_margin": 6.33,
            "gross_margin_4q_avg": 11.69,
            "net_income": -47171,
            "net_income_4q": null,
            "revenue": 1798032,
            "revenue_4q": null,
            "common_shares": 1598993,
            "book_valuer_per_share": 22.61,
            "book_valuer_per_share_4q_avg": 22.2,
            "equity": 3615889,
            "current_ratio": 123.02,
            "debt_ratio": 68.86,
            "inventory_turnover_ratio": 2.09,
            "account_receivable_turnover_ratio": 0.65,
            "reinvestment_rate": -150.72,
            "research_to_sale_ratio": null,
            "price_fair": 71.4,
            "eps_avg_yearly": 2.04,
            "eps_latest_yearly": 0.24,
            "eps_growth_yearly": 591.77
        },
        "20152": {
            "year_quarter": 20152,
            "year": 2015,
            "quarter": 2,
            "eps": -0.38,
            "eps_growth_year": -184.44,
            "eps_4q": 0.29,
            "eps_4q_growth_year": -81.52,
            "roe": -1.73,
            "roe_4q": 1.4200000000000004,
            "gross_profit": 278302,
            "gross_margin": 14.35,
            "gross_margin_4q_avg": 12.15,
            "net_income": -60204,
            "net_income_4q": null,
            "revenue": 1938737,
            "revenue_4q": null,
            "common_shares": 1598993,
            "book_valuer_per_share": 20.81,
            "book_valuer_per_share_4q_avg": 22.23,
            "equity": 3328105,
            "current_ratio": 111.08,
            "debt_ratio": 72.02,
            "inventory_turnover_ratio": 2.07,
            "account_receivable_turnover_ratio": 0.79,
            "reinvestment_rate": -201.07,
            "research_to_sale_ratio": null,
            "price_fair": 66,
            "eps_avg_yearly": 1.89,
            "eps_latest_yearly": 0.24,
            "eps_growth_yearly": 585.69
        },
        "20153": {
            "year_quarter": 20153,
            "year": 2015,
            "quarter": 3,
            "eps": -0.82,
            "eps_growth_year": -191.11,
            "eps_4q": -1.44,
            "eps_4q_growth_year": -170,
            "roe": -3.89,
            "roe_4q": -6.66,
            "gross_profit": 256384,
            "gross_margin": 12.67,
            "gross_margin_4q_avg": 11.14,
            "net_income": -131506,
            "net_income_4q": null,
            "revenue": 2023468,
            "revenue_4q": null,
            "common_shares": 1598993,
            "book_valuer_per_share": 21.45,
            "book_valuer_per_share_4q_avg": 22.02,
            "equity": 3429627,
            "current_ratio": 115.9,
            "debt_ratio": 72.35,
            "inventory_turnover_ratio": 2.18,
            "account_receivable_turnover_ratio": 0.81,
            "reinvestment_rate": -434.86,
            "research_to_sale_ratio": null,
            "price_fair": 63.65,
            "eps_avg_yearly": 1.82,
            "eps_latest_yearly": 0.24,
            "eps_growth_yearly": 641.29
        },
        "20154": {
            "year_quarter": 20154,
            "year": 2015,
            "quarter": 4,
            "eps": 1.62,
            "eps_growth_year": 2712.96,
            "eps_4q": 0.12,
            "eps_4q_growth_year": -94.11,
            "roe": 7.41,
            "roe_4q": 0.5,
            "gross_profit": 277941,
            "gross_margin": 13.53,
            "gross_margin_4q_avg": 11.72,
            "net_income": 258342,
            "net_income_4q": null,
            "revenue": 2054479,
            "revenue_4q": null,
            "common_shares": 1598993,
            "book_valuer_per_share": 22.15,
            "book_valuer_per_share_4q_avg": 21.76,
            "equity": 3541663,
            "current_ratio": 125.46,
            "debt_ratio": 64.47,
            "inventory_turnover_ratio": 2.34,
            "account_receivable_turnover_ratio": 0.78,
            "reinvestment_rate": -361.85,
            "research_to_sale_ratio": null,
            "price_fair": 60.55,
            "eps_avg_yearly": 1.73,
            "eps_latest_yearly": 0.24,
            "eps_growth_yearly": 693.28
        },
        "20161": {
            "year_quarter": 20161,
            "year": 2016,
            "quarter": 1,
            "eps": 0.44,
            "eps_growth_year": null,
            "eps_4q": 0.86,
            "eps_4q_growth_year": -22.89,
            "roe": 1.97,
            "roe_4q": 3.7600000000000002,
            "gross_profit": 254406,
            "gross_margin": 12.69,
            "gross_margin_4q_avg": 13.31,
            "net_income": 70152,
            "net_income_4q": null,
            "revenue": 2004082,
            "revenue_4q": null,
            "common_shares": 1598993,
            "book_valuer_per_share": 22.31,
            "book_valuer_per_share_4q_avg": 21.68,
            "equity": 3567110,
            "current_ratio": 126.77,
            "debt_ratio": 64.71,
            "inventory_turnover_ratio": 2.42,
            "account_receivable_turnover_ratio": 0.78,
            "reinvestment_rate": -388.88,
            "research_to_sale_ratio": null,
            "price_fair": 61.13,
            "eps_avg_yearly": 1.75,
            "eps_latest_yearly": 1.76,
            "eps_growth_yearly": 684.28
        },
        "20162": {
            "year_quarter": 20162,
            "year": 2016,
            "quarter": 2,
            "eps": 0.67,
            "eps_growth_year": null,
            "eps_4q": 1.9,
            "eps_4q_growth_year": 564.67,
            "roe": 3,
            "roe_4q": 8.489999999999998,
            "gross_profit": 316346,
            "gross_margin": 14.9,
            "gross_margin_4q_avg": 13.45,
            "net_income": 107346,
            "net_income_4q": null,
            "revenue": 2122497,
            "revenue_4q": null,
            "common_shares": 1598993,
            "book_valuer_per_share": 22.42,
            "book_valuer_per_share_4q_avg": 22.08,
            "equity": 3584809,
            "current_ratio": 131.18,
            "debt_ratio": 65.4,
            "inventory_turnover_ratio": 2.48,
            "account_receivable_turnover_ratio": 0.83,
            "reinvestment_rate": -432.21,
            "research_to_sale_ratio": null,
            "price_fair": 59.15,
            "eps_avg_yearly": 1.69,
            "eps_latest_yearly": 2.68,
            "eps_growth_yearly": 663.24
        },
        "20163": {
            "year_quarter": 20163,
            "year": 2016,
            "quarter": 3,
            "eps": 0.97,
            "eps_growth_year": null,
            "eps_4q": 3.7,
            "eps_4q_growth_year": null,
            "roe": 4.32,
            "roe_4q": 16.700000000000003,
            "gross_profit": 432315,
            "gross_margin": 18.86,
            "gross_margin_4q_avg": 15,
            "net_income": 155058,
            "net_income_4q": null,
            "revenue": 2292661,
            "revenue_4q": null,
            "common_shares": 1598993,
            "book_valuer_per_share": 22.51,
            "book_valuer_per_share_4q_avg": 22.35,
            "equity": 3599732,
            "current_ratio": 134.64,
            "debt_ratio": 65.8,
            "inventory_turnover_ratio": 2.44,
            "account_receivable_turnover_ratio": 0.87,
            "reinvestment_rate": -428.52,
            "research_to_sale_ratio": null,
            "price_fair": 64.17,
            "eps_avg_yearly": 1.83,
            "eps_latest_yearly": 3.88,
            "eps_growth_yearly": 690.07
        },
        "20164": {
            "year_quarter": 20164,
            "year": 2016,
            "quarter": 4,
            "eps": 1.08,
            "eps_growth_year": -33.25,
            "eps_4q": 3.16,
            "eps_4q_growth_year": 2494.96,
            "roe": 4.67,
            "roe_4q": 13.96,
            "gross_profit": 438909,
            "gross_margin": 20.28,
            "gross_margin_4q_avg": 16.68,
            "net_income": 172450,
            "net_income_4q": null,
            "revenue": 2164547,
            "revenue_4q": null,
            "common_shares": 1598993,
            "book_valuer_per_share": 23.7,
            "book_valuer_per_share_4q_avg": 22.74,
            "equity": 3789212,
            "current_ratio": 141.12,
            "debt_ratio": 64.42,
            "inventory_turnover_ratio": 2.05,
            "account_receivable_turnover_ratio": 0.78,
            "reinvestment_rate": -415.88,
            "research_to_sale_ratio": null,
            "price_fair": 72.45,
            "eps_avg_yearly": 2.07,
            "eps_latest_yearly": 4.32,
            "eps_growth_yearly": 704.34
        },
        "20171": {
            "year_quarter": 20171,
            "year": 2017,
            "quarter": 1,
            "eps": 0.57,
            "eps_growth_year": 29.55,
            "eps_4q": 3.29,
            "eps_4q_growth_year": 284.63,
            "roe": 2.45,
            "roe_4q": 14.440000000000001,
            "gross_profit": 299390,
            "gross_margin": 15.07,
            "gross_margin_4q_avg": 17.28,
            "net_income": 91257,
            "net_income_4q": null,
            "revenue": 1986968,
            "revenue_4q": null,
            "common_shares": 1598993,
            "book_valuer_per_share": 22.9,
            "book_valuer_per_share_4q_avg": 22.88,
            "equity": 3661954,
            "current_ratio": 140.95,
            "debt_ratio": 63.9,
            "inventory_turnover_ratio": 1.83,
            "account_receivable_turnover_ratio": 0.73,
            "reinvestment_rate": -85.02,
            "research_to_sale_ratio": null,
            "price_fair": 73.38,
            "eps_avg_yearly": 2.1,
            "eps_latest_yearly": 2.28,
            "eps_growth_yearly": 677.79
        },
        "20172": {
            "year_quarter": 20172,
            "year": 2017,
            "quarter": 2,
            "eps": 0.65,
            "eps_growth_year": -2.99,
            "eps_4q": 3.27,
            "eps_4q_growth_year": 71.74,
            "roe": 2.9,
            "roe_4q": 14.34,
            "gross_profit": 297012,
            "gross_margin": 13.84,
            "gross_margin_4q_avg": 17.01,
            "net_income": 103912,
            "net_income_4q": null,
            "revenue": 2145261,
            "revenue_4q": null,
            "common_shares": 1598993,
            "book_valuer_per_share": 21.93,
            "book_valuer_per_share_4q_avg": 22.76,
            "equity": 3505984,
            "current_ratio": 129.45,
            "debt_ratio": 65.95,
            "inventory_turnover_ratio": 1.9,
            "account_receivable_turnover_ratio": 0.83,
            "reinvestment_rate": -95.64,
            "research_to_sale_ratio": null,
            "price_fair": 80.38,
            "eps_avg_yearly": 2.3,
            "eps_latest_yearly": 2.6,
            "eps_growth_yearly": 712.4
        },
        "20173": {
            "year_quarter": 20173,
            "year": 2017,
            "quarter": 3,
            "eps": 0.28,
            "eps_growth_year": -71.13,
            "eps_4q": 2.58,
            "eps_4q_growth_year": -30.26,
            "roe": 1.25,
            "roe_4q": 11.27,
            "gross_profit": 339536,
            "gross_margin": 14.36,
            "gross_margin_4q_avg": 15.89,
            "net_income": 44481,
            "net_income_4q": null,
            "revenue": 2364882,
            "revenue_4q": null,
            "common_shares": 1598993,
            "book_valuer_per_share": 22.48,
            "book_valuer_per_share_4q_avg": 22.75,
            "equity": 3594136,
            "current_ratio": 129.13,
            "debt_ratio": 65.29,
            "inventory_turnover_ratio": 2.13,
            "account_receivable_turnover_ratio": 0.87,
            "reinvestment_rate": -102.65,
            "research_to_sale_ratio": null,
            "price_fair": 78.98,
            "eps_avg_yearly": 2.26,
            "eps_latest_yearly": 1.12,
            "eps_growth_yearly": 460.1
        },
        "20174": {
            "year_quarter": 20174,
            "year": 2017,
            "quarter": 4,
            "eps": 0.21,
            "eps_growth_year": -80.68,
            "eps_4q": 1.71,
            "eps_4q_growth_year": -45.95,
            "roe": 0.92,
            "roe_4q": 7.5200000000000005,
            "gross_profit": 314609,
            "gross_margin": 14.06,
            "gross_margin_4q_avg": 14.33,
            "net_income": 33320,
            "net_income_4q": null,
            "revenue": 2237167,
            "revenue_4q": null,
            "common_shares": 1598993,
            "book_valuer_per_share": 22.8,
            "book_valuer_per_share_4q_avg": 22.53,
            "equity": 3646059,
            "current_ratio": 127.21,
            "debt_ratio": 65.88,
            "inventory_turnover_ratio": 2.03,
            "account_receivable_turnover_ratio": 0.8,
            "reinvestment_rate": -102.93,
            "research_to_sale_ratio": null,
            "price_fair": 80.97,
            "eps_avg_yearly": 2.31,
            "eps_latest_yearly": 0.84,
            "eps_growth_yearly": 481.76
        },
        "20181": {
            "year_quarter": 20181,
            "year": 2018,
            "quarter": 1,
            "eps": 0.07,
            "eps_growth_year": -87.72,
            "eps_4q": 1.21,
            "eps_4q_growth_year": -63.35,
            "roe": 0.3,
            "roe_4q": 5.369999999999999,
            "gross_profit": 272064,
            "gross_margin": 12.44,
            "gross_margin_4q_avg": 13.68,
            "net_income": 11105,
            "net_income_4q": null,
            "revenue": 2186546,
            "revenue_4q": null,
            "common_shares": 1598993,
            "book_valuer_per_share": 23.23,
            "book_valuer_per_share_4q_avg": 22.61,
            "equity": 3714491,
            "current_ratio": 127.88,
            "debt_ratio": 64.94,
            "inventory_turnover_ratio": 2,
            "account_receivable_turnover_ratio": 0.79,
            "reinvestment_rate": -109.16,
            "research_to_sale_ratio": null,
            "price_fair": 6.35,
            "eps_avg_yearly": 2.12,
            "eps_latest_yearly": 0.28,
            "eps_growth_yearly": -57.13
        },
        "20182": {
            "year_quarter": 20182,
            "year": 2018,
            "quarter": 2,
            "eps": 1.34,
            "eps_growth_year": 106.15,
            "eps_4q": 1.9,
            "eps_4q_growth_year": -41.87,
            "roe": 5.79,
            "roe_4q": 8.26,
            "gross_profit": 359723,
            "gross_margin": 15.61,
            "gross_margin_4q_avg": 14.12,
            "net_income": 214944,
            "net_income_4q": null,
            "revenue": 2304540,
            "revenue_4q": null,
            "common_shares": 1598993,
            "book_valuer_per_share": 23.2,
            "book_valuer_per_share_4q_avg": 22.93,
            "equity": 3709228,
            "current_ratio": 127.12,
            "debt_ratio": 66.52,
            "inventory_turnover_ratio": 2.08,
            "account_receivable_turnover_ratio": 0.82,
            "reinvestment_rate": -89.51,
            "research_to_sale_ratio": null,
            "price_fair": 84.47,
            "eps_avg_yearly": 2.41,
            "eps_latest_yearly": 5.36,
            "eps_growth_yearly": 558.24
        },
        "20183": {
            "year_quarter": 20183,
            "year": 2018,
            "quarter": 3,
            "eps": 1.48,
            "eps_growth_year": 428.57,
            "eps_4q": 3.1,
            "eps_4q_growth_year": 20.39,
            "roe": 6.3,
            "roe_4q": 13.31,
            "gross_profit": 385288,
            "gross_margin": 16.72,
            "gross_margin_4q_avg": 14.71,
            "net_income": 236778,
            "net_income_4q": null,
            "revenue": 2304727,
            "revenue_4q": null,
            "common_shares": 1598993,
            "book_valuer_per_share": 23.79,
            "book_valuer_per_share_4q_avg": 23.26,
            "equity": 3804221,
            "current_ratio": 133.67,
            "debt_ratio": 65.65,
            "inventory_turnover_ratio": 2.09,
            "account_receivable_turnover_ratio": 0.81,
            "reinvestment_rate": -89.52,
            "research_to_sale_ratio": null,
            "price_fair": 91.23,
            "eps_avg_yearly": 2.61,
            "eps_latest_yearly": 5.92,
            "eps_growth_yearly": 528.39
        },
        "20184": {
            "year_quarter": 20184,
            "year": 2018,
            "quarter": 4,
            "eps": 0.58,
            "eps_growth_year": 178.51,
            "eps_4q": 3.47,
            "eps_4q_growth_year": 103.55,
            "roe": 2.4,
            "roe_4q": 14.79,
            "gross_profit": 352712,
            "gross_margin": 16.5,
            "gross_margin_4q_avg": 15.32,
            "net_income": 92801,
            "net_income_4q": null,
            "revenue": 2137343,
            "revenue_4q": null,
            "common_shares": 1598993,
            "book_valuer_per_share": 24.67,
            "book_valuer_per_share_4q_avg": 23.72,
            "equity": 3944147,
            "current_ratio": 134.74,
            "debt_ratio": 64.83,
            "inventory_turnover_ratio": 2.09,
            "account_receivable_turnover_ratio": 0.77,
            "reinvestment_rate": -98.54,
            "research_to_sale_ratio": null,
            "price_fair": 97.3,
            "eps_avg_yearly": 2.78,
            "eps_latest_yearly": 2.32,
            "eps_growth_yearly": 539.23
        },
        "20191": {
            "year_quarter": 20191,
            "year": 2019,
            "quarter": 1,
            "eps": 0.43,
            "eps_growth_year": 514.29,
            "eps_4q": 3.84,
            "eps_4q_growth_year": 218.44,
            "roe": 1.73,
            "roe_4q": 16.22,
            "gross_profit": 261171,
            "gross_margin": 13.98,
            "gross_margin_4q_avg": 15.7,
            "net_income": 69492,
            "net_income_4q": null,
            "revenue": 1868061,
            "revenue_4q": null,
            "common_shares": 1598993,
            "book_valuer_per_share": 25.64,
            "book_valuer_per_share_4q_avg": 24.33,
            "equity": 4099238,
            "current_ratio": 138.9,
            "debt_ratio": 63.27,
            "inventory_turnover_ratio": 2.04,
            "account_receivable_turnover_ratio": 0.75,
            "reinvestment_rate": -74.32,
            "research_to_sale_ratio": null,
            "price_fair": 94.45,
            "eps_avg_yearly": 2.7,
            "eps_latest_yearly": 1.72,
            "eps_growth_yearly": 489.79
        },
        "20192": {
            "year_quarter": 20192,
            "year": 2019,
            "quarter": 2,
            "eps": 1.06,
            "eps_growth_year": -20.9,
            "eps_4q": 3.56,
            "eps_4q_growth_year": 87.3,
            "roe": 4.3,
            "roe_4q": 14.73,
            "gross_profit": 287297,
            "gross_margin": 14.81,
            "gross_margin_4q_avg": 15.5,
            "net_income": 170049,
            "net_income_4q": null,
            "revenue": 1939303,
            "revenue_4q": null,
            "common_shares": 1598993,
            "book_valuer_per_share": 23.88,
            "book_valuer_per_share_4q_avg": 24.5,
            "equity": 3818767,
            "current_ratio": 134.99,
            "debt_ratio": 63.6,
            "inventory_turnover_ratio": 2.09,
            "account_receivable_turnover_ratio": 0.81,
            "reinvestment_rate": -68.6,
            "research_to_sale_ratio": null,
            "price_fair": 98.3,
            "eps_avg_yearly": 2.81,
            "eps_latest_yearly": 4.24,
            "eps_growth_yearly": 496.67
        },
        "20193": {
            "year_quarter": 20193,
            "year": 2019,
            "quarter": 3,
            "eps": 0.64,
            "eps_growth_year": -56.76,
            "eps_4q": 2.72,
            "eps_4q_growth_year": -12.38,
            "roe": 2.69,
            "roe_4q": 11.120000000000001,
            "gross_profit": 286787,
            "gross_margin": 13.73,
            "gross_margin_4q_avg": 14.76,
            "net_income": 102372,
            "net_income_4q": null,
            "revenue": 2088335,
            "revenue_4q": null,
            "common_shares": 1598993,
            "book_valuer_per_share": 23.67,
            "book_valuer_per_share_4q_avg": 24.47,
            "equity": 3784328,
            "current_ratio": 138.35,
            "debt_ratio": 60.56,
            "inventory_turnover_ratio": 2.21,
            "account_receivable_turnover_ratio": 0.84,
            "reinvestment_rate": -68.07,
            "research_to_sale_ratio": null,
            "price_fair": 97.72,
            "eps_avg_yearly": 2.79,
            "eps_latest_yearly": 2.56,
            "eps_growth_yearly": 452.99
        },
        "20194": {
            "year_quarter": 20194,
            "year": 2019,
            "quarter": 4,
            "eps": 0.08,
            "eps_growth_year": -86.17,
            "eps_4q": 2.22,
            "eps_4q_growth_year": -36.15,
            "roe": 0.34,
            "roe_4q": 9.06,
            "gross_profit": 298819,
            "gross_margin": 14.78,
            "gross_margin_4q_avg": 14.33,
            "net_income": 12839,
            "net_income_4q": null,
            "revenue": 2021769,
            "revenue_4q": null,
            "common_shares": 1598993,
            "book_valuer_per_share": 23.6,
            "book_valuer_per_share_4q_avg": 24.2,
            "equity": 3774105,
            "current_ratio": 121.6,
            "debt_ratio": 60.69,
            "inventory_turnover_ratio": 2.06,
            "account_receivable_turnover_ratio": 0.82,
            "reinvestment_rate": -68.63,
            "research_to_sale_ratio": null,
            "price_fair": 92.31,
            "eps_avg_yearly": 2.64,
            "eps_latest_yearly": 0.32,
            "eps_growth_yearly": 402.81
        },
        "20201": {
            "year_quarter": 20201,
            "year": 2020,
            "quarter": 1,
            "eps": -0.79,
            "eps_growth_year": -283.72,
            "eps_4q": 0.99,
            "eps_4q_growth_year": -74.22,
            "roe": -3.43,
            "roe_4q": 3.8999999999999995,
            "gross_profit": 145766,
            "gross_margin": 8.38,
            "gross_margin_4q_avg": 12.93,
            "net_income": -126959,
            "net_income_4q": null,
            "revenue": 1739132,
            "revenue_4q": null,
            "common_shares": 1598993,
            "book_valuer_per_share": 22.76,
            "book_valuer_per_share_4q_avg": 23.48,
            "equity": 3639317,
            "current_ratio": 121.46,
            "debt_ratio": 62.86,
            "inventory_turnover_ratio": 1.77,
            "account_receivable_turnover_ratio": 0.75,
            "reinvestment_rate": -85.23,
            "research_to_sale_ratio": null,
            "price_fair": 94.36,
            "eps_avg_yearly": 2.7,
            "eps_latest_yearly": 0.32,
            "eps_growth_yearly": 449.08
        },
        "20202": {
            "year_quarter": 20202,
            "year": 2020,
            "quarter": 2,
            "eps": 0.93,
            "eps_growth_year": -12.26,
            "eps_4q": 0.86,
            "eps_4q_growth_year": -75.85,
            "roe": 4.19,
            "roe_4q": 3.79,
            "gross_profit": 322037,
            "gross_margin": 14.83,
            "gross_margin_4q_avg": 12.93,
            "net_income": 149208,
            "net_income_4q": null,
            "revenue": 2171770,
            "revenue_4q": null,
            "common_shares": 1598993,
            "book_valuer_per_share": 21.78,
            "book_valuer_per_share_4q_avg": 22.95,
            "equity": 3481858,
            "current_ratio": 119.02,
            "debt_ratio": 65.58,
            "inventory_turnover_ratio": 1.96,
            "account_receivable_turnover_ratio": 0.92,
            "reinvestment_rate": -74.06,
            "research_to_sale_ratio": null,
            "price_fair": 94.4,
            "eps_avg_yearly": 2.7,
            "eps_latest_yearly": 0.32,
            "eps_growth_yearly": 466.23
        },
        "20203": {
            "year_quarter": 20203,
            "year": 2020,
            "quarter": 3,
            "eps": -0.39,
            "eps_growth_year": -160.94,
            "eps_4q": -0.17,
            "eps_4q_growth_year": -106.19,
            "roe": -1.79,
            "roe_4q": -0.6899999999999997,
            "gross_profit": 311479,
            "gross_margin": 14.13,
            "gross_margin_4q_avg": 13.03,
            "net_income": -62007,
            "net_income_4q": null,
            "revenue": 2204000,
            "revenue_4q": null,
            "common_shares": 1598993,
            "book_valuer_per_share": 21.66,
            "book_valuer_per_share_4q_avg": 22.45,
            "equity": 3463050,
            "current_ratio": 118.85,
            "debt_ratio": 65.21,
            "inventory_turnover_ratio": 2.02,
            "account_receivable_turnover_ratio": 0.86,
            "reinvestment_rate": -77.27,
            "research_to_sale_ratio": null,
            "price_fair": 91.22,
            "eps_avg_yearly": 2.61,
            "eps_latest_yearly": 0.32,
            "eps_growth_yearly": 488.31
        },
        "20204": {
            "year_quarter": 20204,
            "year": 2020,
            "quarter": 4,
            "eps": -0.27,
            "eps_growth_year": -438.05,
            "eps_4q": -0.52,
            "eps_4q_growth_year": -123.44,
            "roe": -1.25,
            "roe_4q": -2.28,
            "gross_profit": 207587,
            "gross_margin": 9.46,
            "gross_margin_4q_avg": 11.7,
            "net_income": -43402,
            "net_income_4q": null,
            "revenue": 2193265,
            "revenue_4q": null,
            "common_shares": 1598993,
            "book_valuer_per_share": 21.63,
            "book_valuer_per_share_4q_avg": 21.96,
            "equity": 3457908,
            "current_ratio": 118.79,
            "debt_ratio": 64.44,
            "inventory_turnover_ratio": 2.05,
            "account_receivable_turnover_ratio": 0.82,
            "reinvestment_rate": -76,
            "research_to_sale_ratio": null,
            "price_fair": 86.22,
            "eps_avg_yearly": 2.46,
            "eps_latest_yearly": 0.32,
            "eps_growth_yearly": 525.22
        },
        "20211": {
            "year_quarter": 20211,
            "year": 2021,
            "quarter": 1,
            "eps": 0.21,
            "eps_growth_year": null,
            "eps_4q": 0.48,
            "eps_4q_growth_year": -51.44,
            "roe": 0.96,
            "roe_4q": 2.1100000000000003,
            "gross_profit": 295204,
            "gross_margin": 13.36,
            "gross_margin_4q_avg": 12.95,
            "net_income": 33072,
            "net_income_4q": null,
            "revenue": 2209286,
            "revenue_4q": null,
            "common_shares": 1598993,
            "book_valuer_per_share": 21.69,
            "book_valuer_per_share_4q_avg": 21.69,
            "equity": 3468239,
            "current_ratio": 121.61,
            "debt_ratio": 63.52,
            "inventory_turnover_ratio": 1.82,
            "account_receivable_turnover_ratio": 0.81,
            "reinvestment_rate": -80.62,
            "research_to_sale_ratio": null,
            "price_fair": 86.8,
            "eps_avg_yearly": 2.48,
            "eps_latest_yearly": 0.32,
            "eps_growth_yearly": 590.14
        },
        "20212": {
            "year_quarter": 20212,
            "year": 2021,
            "quarter": 2,
            "eps": 0.69,
            "eps_growth_year": -25.81,
            "eps_4q": 0.23,
            "eps_4q_growth_year": -72.69,
            "roe": 3.14,
            "roe_4q": 1.0599999999999996,
            "gross_profit": 404477,
            "gross_margin": 17.46,
            "gross_margin_4q_avg": 13.6,
            "net_income": 109878,
            "net_income_4q": null,
            "revenue": 2317142,
            "revenue_4q": null,
            "common_shares": 1598993,
            "book_valuer_per_share": 22.09,
            "book_valuer_per_share_4q_avg": 21.77,
            "equity": 3531749,
            "current_ratio": 124.58,
            "debt_ratio": 63.41,
            "inventory_turnover_ratio": 1.51,
            "account_receivable_turnover_ratio": 0.84,
            "reinvestment_rate": -95.77,
            "research_to_sale_ratio": null,
            "price_fair": 87.31,
            "eps_avg_yearly": 2.49,
            "eps_latest_yearly": 2.76,
            "eps_growth_yearly": 668.16
        },
        "20213": {
            "year_quarter": 20213,
            "year": 2021,
            "quarter": 3,
            "eps": 0.32,
            "eps_growth_year": null,
            "eps_4q": 0.94,
            "eps_4q_growth_year": null,
            "roe": 1.44,
            "roe_4q": 4.29,
            "gross_profit": 367628,
            "gross_margin": 15.54,
            "gross_margin_4q_avg": 13.96,
            "net_income": 50558,
            "net_income_4q": null,
            "revenue": 2366020,
            "revenue_4q": null,
            "common_shares": 1598993,
            "book_valuer_per_share": 21.89,
            "book_valuer_per_share_4q_avg": 21.83,
            "equity": 3500981,
            "current_ratio": 124.17,
            "debt_ratio": 62.78,
            "inventory_turnover_ratio": 1.34,
            "account_receivable_turnover_ratio": 0.82,
            "reinvestment_rate": -102.21,
            "research_to_sale_ratio": null,
            "price_fair": 87.82,
            "eps_avg_yearly": 2.51,
            "eps_latest_yearly": 1.28,
            "eps_growth_yearly": 669.36
        },
        "20214": {
            "year_quarter": 20214,
            "year": 2021,
            "quarter": 4,
            "eps": 0.29,
            "eps_growth_year": null,
            "eps_4q": 1.5,
            "eps_4q_growth_year": null,
            "roe": 1.33,
            "roe_4q": 6.87,
            "gross_profit": 197425,
            "gross_margin": 8.93,
            "gross_margin_4q_avg": 13.82,
            "net_income": 46907,
            "net_income_4q": null,
            "revenue": 2211584,
            "revenue_4q": null,
            "common_shares": 1598993,
            "book_valuer_per_share": 22.34,
            "book_valuer_per_share_4q_avg": 22,
            "equity": 3572861,
            "current_ratio": 125.62,
            "debt_ratio": 61.69,
            "inventory_turnover_ratio": 1.42,
            "account_receivable_turnover_ratio": 0.76,
            "reinvestment_rate": -97.8,
            "research_to_sale_ratio": null,
            "price_fair": 88.84,
            "eps_avg_yearly": 2.54,
            "eps_latest_yearly": 1.16,
            "eps_growth_yearly": 675.04
        },
        "20221": {
            "year_quarter": 20221,
            "year": 2022,
            "quarter": 1,
            "eps": 0.16,
            "eps_growth_year": -23.81,
            "eps_4q": 1.46,
            "eps_4q_growth_year": 203.09,
            "roe": 0.7,
            "roe_4q": 6.61,
            "gross_profit": 126113,
            "gross_margin": 6.98,
            "gross_margin_4q_avg": 12.23,
            "net_income": 25644,
            "net_income_4q": null,
            "revenue": 1806343,
            "revenue_4q": null,
            "common_shares": 1598993,
            "book_valuer_per_share": 23.16,
            "book_valuer_per_share_4q_avg": 22.37,
            "equity": 3702607,
            "current_ratio": 131.94,
            "debt_ratio": 61,
            "inventory_turnover_ratio": 1.35,
            "account_receivable_turnover_ratio": 0.68,
            "reinvestment_rate": -93.59,
            "research_to_sale_ratio": null,
            "price_fair": 89.98,
            "eps_avg_yearly": 2.57,
            "eps_latest_yearly": 0.64,
            "eps_growth_yearly": 682.98
        },
        "20222": {
            "year_quarter": 20222,
            "year": 2022,
            "quarter": 2,
            "eps": -0.1,
            "eps_growth_year": -114.49,
            "eps_4q": 0.67,
            "eps_4q_growth_year": 183.82,
            "roe": -0.46,
            "roe_4q": 3.01,
            "gross_profit": 87015,
            "gross_margin": 5.06,
            "gross_margin_4q_avg": 9.13,
            "net_income": -16562,
            "net_income_4q": null,
            "revenue": 1720886,
            "revenue_4q": null,
            "common_shares": 1598993,
            "book_valuer_per_share": 22.17,
            "book_valuer_per_share_4q_avg": 22.39,
            "equity": 3544417,
            "current_ratio": 129.59,
            "debt_ratio": 62.82,
            "inventory_turnover_ratio": 1.42,
            "account_receivable_turnover_ratio": 0.73,
            "reinvestment_rate": -116.52,
            "research_to_sale_ratio": null,
            "price_fair": 80.22,
            "eps_avg_yearly": 2.29,
            "eps_latest_yearly": 0.64,
            "eps_growth_yearly": 25.56
        },
        "20223": {
            "year_quarter": 20223,
            "year": 2022,
            "quarter": 3,
            "eps": 0.39,
            "eps_growth_year": 21.88,
            "eps_4q": 0.74,
            "eps_4q_growth_year": -21.26,
            "roe": 1.72,
            "roe_4q": 3.29,
            "gross_profit": 196454,
            "gross_margin": 10.19,
            "gross_margin_4q_avg": 7.79,
            "net_income": 62206,
            "net_income_4q": null,
            "revenue": 1928110,
            "revenue_4q": null,
            "common_shares": 1598993,
            "book_valuer_per_share": 23.19,
            "book_valuer_per_share_4q_avg": 22.72,
            "equity": 3708724,
            "current_ratio": 135.75,
            "debt_ratio": 60.78,
            "inventory_turnover_ratio": 1.77,
            "account_receivable_turnover_ratio": 0.85,
            "reinvestment_rate": -140.28,
            "research_to_sale_ratio": null,
            "price_fair": 63.77,
            "eps_avg_yearly": 1.89,
            "eps_latest_yearly": 0.64,
            "eps_growth_yearly": 23.76
        },
        "20224": {
            "year_quarter": 20224,
            "year": 2022,
            "quarter": 4,
            "eps": -0.23,
            "eps_growth_year": -177.63,
            "eps_4q": 0.22,
            "eps_4q_growth_year": -85.49,
            "roe": -0.99,
            "roe_4q": 0.97,
            "gross_profit": 100853,
            "gross_margin": 6.73,
            "gross_margin_4q_avg": 7.24,
            "net_income": -36414,
            "net_income_4q": null,
            "revenue": 1499604,
            "revenue_4q": null,
            "common_shares": 1598993,
            "book_valuer_per_share": 22.62,
            "book_valuer_per_share_4q_avg": 22.79,
            "equity": 3616638,
            "current_ratio": 132.9,
            "debt_ratio": 58.7,
            "inventory_turnover_ratio": 1.77,
            "account_receivable_turnover_ratio": 0.74,
            "reinvestment_rate": -174.74,
            "research_to_sale_ratio": null,
            "price_fair": 64.23,
            "eps_avg_yearly": 1.84,
            "eps_latest_yearly": 0.64,
            "eps_growth_yearly": 57.14
        },
        "20231": {
            "year_quarter": 20231,
            "year": 2023,
            "quarter": 1,
            "eps": -0.45,
            "eps_growth_year": -381.25,
            "eps_4q": -0.39,
            "eps_4q_growth_year": -127.04,
            "roe": -2.02,
            "roe_4q": -1.7499999999999998,
            "gross_profit": 91999,
            "gross_margin": 6.5,
            "gross_margin_4q_avg": 7.12,
            "net_income": -72240,
            "net_income_4q": null,
            "revenue": 1414682,
            "revenue_4q": null,
            "common_shares": 1598993,
            "book_valuer_per_share": 22.16,
            "book_valuer_per_share_4q_avg": 22.54,
            "equity": 3542588,
            "current_ratio": 129.37,
            "debt_ratio": 61.36,
            "inventory_turnover_ratio": 1.8,
            "account_receivable_turnover_ratio": 0.8,
            "reinvestment_rate": -246.78,
            "research_to_sale_ratio": null,
            "price_fair": 64.8,
            "eps_avg_yearly": 1.85,
            "eps_latest_yearly": 0.64,
            "eps_growth_yearly": 80.08
        },
        "20232": {
            "year_quarter": 20232,
            "year": 2023,
            "quarter": 2,
            "eps": 0.47,
            "eps_growth_year": null,
            "eps_4q": 0.18,
            "eps_4q_growth_year": -73.71,
            "roe": 2.11,
            "roe_4q": 0.8199999999999998,
            "gross_profit": 131480,
            "gross_margin": 9.03,
            "gross_margin_4q_avg": 8.11,
            "net_income": 74459,
            "net_income_4q": null,
            "revenue": 1456326,
            "revenue_4q": null,
            "common_shares": 1598993,
            "book_valuer_per_share": 21.94,
            "book_valuer_per_share_4q_avg": 22.48,
            "equity": 3507476,
            "current_ratio": 131.36,
            "debt_ratio": 61.41,
            "inventory_turnover_ratio": 1.84,
            "account_receivable_turnover_ratio": 0.84,
            "reinvestment_rate": -354.27,
            "research_to_sale_ratio": null,
            "price_fair": 4.36,
            "eps_avg_yearly": 1.45,
            "eps_latest_yearly": 0.64,
            "eps_growth_yearly": -4.25
        }
    },
    "months": {
        "2001-08": {
            "month": "2001-08",
            "price": "18.50",
            "revenue": 117164
        },
        "2001-09": {
            "month": "2001-09",
            "price": "12.19",
            "revenue": 91555
        },
        "2001-10": {
            "month": "2001-10",
            "price": "11.61",
            "revenue": 98464
        },
        "2001-11": {
            "month": "2001-11",
            "price": "13.41",
            "revenue": 93216
        },
        "2001-12": {
            "month": "2001-12",
            "price": "16.46",
            "revenue": 92395
        },
        "2002-01": {
            "month": "2002-01",
            "price": "19.71",
            "revenue": 93196
        },
        "2002-02": {
            "month": "2002-02",
            "price": "23.62",
            "revenue": 62356
        },
        "2002-03": {
            "month": "2002-03",
            "price": "25.03",
            "revenue": 101481
        },
        "2002-04": {
            "month": "2002-04",
            "price": "24.32",
            "revenue": 109805
        },
        "2002-05": {
            "month": "2002-05",
            "price": "21.51",
            "revenue": 122263
        },
        "2002-06": {
            "month": "2002-06",
            "price": "21.08",
            "revenue": 105858
        },
        "2002-07": {
            "month": "2002-07",
            "price": "20.56",
            "revenue": 97394
        },
        "2002-08": {
            "month": "2002-08",
            "price": "19.40",
            "revenue": 88285
        },
        "2002-09": {
            "month": "2002-09",
            "price": "13.30",
            "revenue": 82068
        },
        "2002-10": {
            "month": "2002-10",
            "price": "13.05",
            "revenue": 106053
        },
        "2002-11": {
            "month": "2002-11",
            "price": "13.06",
            "revenue": 105347
        },
        "2002-12": {
            "month": "2002-12",
            "price": "13.83",
            "revenue": 80412
        },
        "2003-01": {
            "month": "2003-01",
            "price": "13.32",
            "revenue": 87093
        },
        "2003-02": {
            "month": "2003-02",
            "price": "11.36",
            "revenue": 93368
        },
        "2003-03": {
            "month": "2003-03",
            "price": "10.22",
            "revenue": 119885
        },
        "2003-04": {
            "month": "2003-04",
            "price": "13.20",
            "revenue": 97693
        },
        "2003-05": {
            "month": "2003-05",
            "price": "12.22",
            "revenue": 91270
        },
        "2003-06": {
            "month": "2003-06",
            "price": "14.68",
            "revenue": 92148
        },
        "2003-07": {
            "month": "2003-07",
            "price": "15.38",
            "revenue": 100506
        },
        "2003-08": {
            "month": "2003-08",
            "price": "15.64",
            "revenue": 119416
        },
        "2003-09": {
            "month": "2003-09",
            "price": "13.97",
            "revenue": 118641
        },
        "2003-10": {
            "month": "2003-10",
            "price": "15.88",
            "revenue": 131573
        },
        "2003-11": {
            "month": "2003-11",
            "price": "18.79",
            "revenue": 118239
        },
        "2003-12": {
            "month": "2003-12",
            "price": "21.97",
            "revenue": 127426
        },
        "2004-01": {
            "month": "2004-01",
            "price": "26.88",
            "revenue": 117132
        },
        "2004-02": {
            "month": "2004-02",
            "price": "31.80",
            "revenue": 134271
        },
        "2004-03": {
            "month": "2004-03",
            "price": "37.58",
            "revenue": 127010
        },
        "2004-04": {
            "month": "2004-04",
            "price": "38.75",
            "revenue": 118924
        },
        "2004-05": {
            "month": "2004-05",
            "price": "28.80",
            "revenue": 112730
        },
        "2004-06": {
            "month": "2004-06",
            "price": "26.96",
            "revenue": 144381
        },
        "2004-07": {
            "month": "2004-07",
            "price": "26.62",
            "revenue": 138602
        },
        "2004-08": {
            "month": "2004-08",
            "price": "27.76",
            "revenue": 117753
        },
        "2004-09": {
            "month": "2004-09",
            "price": "28.29",
            "revenue": 125330
        },
        "2004-10": {
            "month": "2004-10",
            "price": "25.00",
            "revenue": 142091
        },
        "2004-11": {
            "month": "2004-11",
            "price": "25.36",
            "revenue": 136082
        },
        "2004-12": {
            "month": "2004-12",
            "price": "24.03",
            "revenue": 102041
        },
        "2005-01": {
            "month": "2005-01",
            "price": "21.71",
            "revenue": 135868
        },
        "2005-02": {
            "month": "2005-02",
            "price": "24.56",
            "revenue": 125125
        },
        "2005-03": {
            "month": "2005-03",
            "price": "31.77",
            "revenue": 148384
        },
        "2005-04": {
            "month": "2005-04",
            "price": "29.91",
            "revenue": 151330
        },
        "2005-05": {
            "month": "2005-05",
            "price": "26.56",
            "revenue": 143976
        },
        "2005-06": {
            "month": "2005-06",
            "price": "29.37",
            "revenue": 124002
        },
        "2005-07": {
            "month": "2005-07",
            "price": "30.58",
            "revenue": 119343
        },
        "2005-08": {
            "month": "2005-08",
            "price": "29.07",
            "revenue": 147079
        },
        "2005-09": {
            "month": "2005-09",
            "price": "23.61",
            "revenue": 153788
        },
        "2005-10": {
            "month": "2005-10",
            "price": "23.01",
            "revenue": 186271
        },
        "2005-11": {
            "month": "2005-11",
            "price": "22.45",
            "revenue": 170024
        },
        "2005-12": {
            "month": "2005-12",
            "price": "25.71",
            "revenue": 148526
        },
        "2006-01": {
            "month": "2006-01",
            "price": "27.71",
            "revenue": 143724
        },
        "2006-02": {
            "month": "2006-02",
            "price": "25.26",
            "revenue": 127437
        },
        "2006-03": {
            "month": "2006-03",
            "price": "24.08",
            "revenue": 172775
        },
        "2006-04": {
            "month": "2006-04",
            "price": "25.97",
            "revenue": 158424
        },
        "2006-05": {
            "month": "2006-05",
            "price": "24.66",
            "revenue": 125032
        },
        "2006-06": {
            "month": "2006-06",
            "price": "21.58",
            "revenue": 134173
        },
        "2006-07": {
            "month": "2006-07",
            "price": "20.51",
            "revenue": 141738
        },
        "2006-08": {
            "month": "2006-08",
            "price": "19.80",
            "revenue": 156103
        },
        "2006-09": {
            "month": "2006-09",
            "price": "17.20",
            "revenue": 137958
        },
        "2006-10": {
            "month": "2006-10",
            "price": "17.36",
            "revenue": 136472
        },
        "2006-11": {
            "month": "2006-11",
            "price": "17.88",
            "revenue": 160777
        },
        "2006-12": {
            "month": "2006-12",
            "price": "23.16",
            "revenue": 116440
        },
        "2007-01": {
            "month": "2007-01",
            "price": "22.82",
            "revenue": 135065
        },
        "2007-02": {
            "month": "2007-02",
            "price": "21.26",
            "revenue": 83550
        },
        "2007-03": {
            "month": "2007-03",
            "price": "21.43",
            "revenue": 91690
        },
        "2007-04": {
            "month": "2007-04",
            "price": "20.71",
            "revenue": 113496
        },
        "2007-05": {
            "month": "2007-05",
            "price": "22.97",
            "revenue": 124025
        },
        "2007-06": {
            "month": "2007-06",
            "price": "27.38",
            "revenue": 133131
        },
        "2007-07": {
            "month": "2007-07",
            "price": "29.71",
            "revenue": 150163
        },
        "2007-08": {
            "month": "2007-08",
            "price": "24.90",
            "revenue": 143788
        },
        "2007-09": {
            "month": "2007-09",
            "price": "25.45",
            "revenue": 150393
        },
        "2007-10": {
            "month": "2007-10",
            "price": "26.17",
            "revenue": 192492
        },
        "2007-11": {
            "month": "2007-11",
            "price": "25.70",
            "revenue": 128595
        },
        "2007-12": {
            "month": "2007-12",
            "price": "22.10",
            "revenue": 122148
        },
        "2008-01": {
            "month": "2008-01",
            "price": "19.47",
            "revenue": 380558
        },
        "2008-02": {
            "month": "2008-02",
            "price": "19.91",
            "revenue": 329484
        },
        "2008-03": {
            "month": "2008-03",
            "price": "20.93",
            "revenue": 381292
        },
        "2008-04": {
            "month": "2008-04",
            "price": "23.05",
            "revenue": 357373
        },
        "2008-05": {
            "month": "2008-05",
            "price": "23.63",
            "revenue": 357212
        },
        "2008-06": {
            "month": "2008-06",
            "price": "19.98",
            "revenue": 377760
        },
        "2008-07": {
            "month": "2008-07",
            "price": "16.85",
            "revenue": 421147
        },
        "2008-08": {
            "month": "2008-08",
            "price": "16.47",
            "revenue": 459291
        },
        "2008-09": {
            "month": "2008-09",
            "price": "13.44",
            "revenue": 491426
        },
        "2008-10": {
            "month": "2008-10",
            "price": "12.28",
            "revenue": 525135
        },
        "2008-11": {
            "month": "2008-11",
            "price": "11.16",
            "revenue": 295132
        },
        "2008-12": {
            "month": "2008-12",
            "price": "10.70",
            "revenue": 264903
        },
        "2009-01": {
            "month": "2009-01",
            "price": "10.37",
            "revenue": 310086
        },
        "2009-02": {
            "month": "2009-02",
            "price": "10.23",
            "revenue": 358283
        },
        "2009-03": {
            "month": "2009-03",
            "price": "12.12",
            "revenue": 477484
        },
        "2009-04": {
            "month": "2009-04",
            "price": "15.21",
            "revenue": 490930
        },
        "2009-05": {
            "month": "2009-05",
            "price": "16.47",
            "revenue": 393960
        },
        "2009-06": {
            "month": "2009-06",
            "price": "17.80",
            "revenue": 398072
        },
        "2009-07": {
            "month": "2009-07",
            "price": "21.84",
            "revenue": 460557
        },
        "2009-08": {
            "month": "2009-08",
            "price": "25.64",
            "revenue": 496340
        },
        "2009-09": {
            "month": "2009-09",
            "price": "36.94",
            "revenue": 543330
        },
        "2009-10": {
            "month": "2009-10",
            "price": "39.30",
            "revenue": 486174
        },
        "2009-11": {
            "month": "2009-11",
            "price": "38.25",
            "revenue": 497220
        },
        "2009-12": {
            "month": "2009-12",
            "price": "40.79",
            "revenue": 418938
        },
        "2010-01": {
            "month": "2010-01",
            "price": "40.26",
            "revenue": 463289
        },
        "2010-02": {
            "month": "2010-02",
            "price": "37.26",
            "revenue": 482298
        },
        "2010-03": {
            "month": "2010-03",
            "price": "41.30",
            "revenue": 539518
        },
        "2010-04": {
            "month": "2010-04",
            "price": "39.51",
            "revenue": 547004
        },
        "2010-05": {
            "month": "2010-05",
            "price": "34.53",
            "revenue": 560281
        },
        "2010-06": {
            "month": "2010-06",
            "price": "32.82",
            "revenue": 507601
        },
        "2010-07": {
            "month": "2010-07",
            "price": "34.15",
            "revenue": 544467
        },
        "2010-08": {
            "month": "2010-08",
            "price": "35.38",
            "revenue": 618416
        },
        "2010-09": {
            "month": "2010-09",
            "price": "31.53",
            "revenue": 616576
        },
        "2010-10": {
            "month": "2010-10",
            "price": "30.75",
            "revenue": 699695
        },
        "2010-11": {
            "month": "2010-11",
            "price": "28.29",
            "revenue": 659510
        },
        "2010-12": {
            "month": "2010-12",
            "price": "29.32",
            "revenue": 618575
        },
        "2011-01": {
            "month": "2011-01",
            "price": "28.20",
            "revenue": 562801
        },
        "2011-02": {
            "month": "2011-02",
            "price": "27.47",
            "revenue": 505302
        },
        "2011-03": {
            "month": "2011-03",
            "price": "28.76",
            "revenue": 625896
        },
        "2011-04": {
            "month": "2011-04",
            "price": "29.49",
            "revenue": 733656
        },
        "2011-05": {
            "month": "2011-05",
            "price": "30.74",
            "revenue": 735287
        },
        "2011-06": {
            "month": "2011-06",
            "price": "32.09",
            "revenue": 687725
        },
        "2011-07": {
            "month": "2011-07",
            "price": "30.74",
            "revenue": 704923
        },
        "2011-08": {
            "month": "2011-08",
            "price": "25.05",
            "revenue": 685508
        },
        "2011-09": {
            "month": "2011-09",
            "price": "25.10",
            "revenue": 704738
        },
        "2011-10": {
            "month": "2011-10",
            "price": "22.52",
            "revenue": 651283
        },
        "2011-11": {
            "month": "2011-11",
            "price": "19.97",
            "revenue": 594101
        },
        "2011-12": {
            "month": "2011-12",
            "price": "17.61",
            "revenue": 589490
        },
        "2012-01": {
            "month": "2012-01",
            "price": "19.38",
            "revenue": 540437
        },
        "2012-02": {
            "month": "2012-02",
            "price": "22.56",
            "revenue": 551895
        },
        "2012-03": {
            "month": "2012-03",
            "price": "23.33",
            "revenue": 613683
        },
        "2012-04": {
            "month": "2012-04",
            "price": "23.29",
            "revenue": 717429
        },
        "2012-05": {
            "month": "2012-05",
            "price": "20.91",
            "revenue": 729667
        },
        "2012-06": {
            "month": "2012-06",
            "price": "20.06",
            "revenue": 655699
        },
        "2012-07": {
            "month": "2012-07",
            "price": "20.57",
            "revenue": 624182
        },
        "2012-08": {
            "month": "2012-08",
            "price": "21.04",
            "revenue": 634803
        },
        "2012-09": {
            "month": "2012-09",
            "price": "22.86",
            "revenue": 591004
        },
        "2012-10": {
            "month": "2012-10",
            "price": "20.39",
            "revenue": 577890
        },
        "2012-11": {
            "month": "2012-11",
            "price": "18.80",
            "revenue": 499190
        },
        "2012-12": {
            "month": "2012-12",
            "price": "19.18",
            "revenue": 495610
        },
        "2013-01": {
            "month": "2013-01",
            "price": "18.98",
            "revenue": 578128
        },
        "2013-02": {
            "month": "2013-02",
            "price": "19.13",
            "revenue": 475261
        },
        "2013-03": {
            "month": "2013-03",
            "price": "20.12",
            "revenue": 702060
        },
        "2013-04": {
            "month": "2013-04",
            "price": "21.10",
            "revenue": 745673
        },
        "2013-05": {
            "month": "2013-05",
            "price": "21.55",
            "revenue": 779184
        },
        "2013-06": {
            "month": "2013-06",
            "price": "20.86",
            "revenue": 700526
        },
        "2013-07": {
            "month": "2013-07",
            "price": "21.30",
            "revenue": 734006
        },
        "2013-08": {
            "month": "2013-08",
            "price": "18.75",
            "revenue": 695563
        },
        "2013-09": {
            "month": "2013-09",
            "price": "18.08",
            "revenue": 625908
        },
        "2013-10": {
            "month": "2013-10",
            "price": "18.02",
            "revenue": 612411
        },
        "2013-11": {
            "month": "2013-11",
            "price": "17.58",
            "revenue": 752322
        },
        "2013-12": {
            "month": "2013-12",
            "price": "17.63",
            "revenue": 690976
        },
        "2014-01": {
            "month": "2014-01",
            "price": "18.86",
            "revenue": 703891
        },
        "2014-02": {
            "month": "2014-02",
            "price": "20.28",
            "revenue": 686510
        },
        "2014-03": {
            "month": "2014-03",
            "price": "21.39",
            "revenue": 764136
        },
        "2014-04": {
            "month": "2014-04",
            "price": "21.18",
            "revenue": 780489
        },
        "2014-05": {
            "month": "2014-05",
            "price": "21.57",
            "revenue": 783057
        },
        "2014-06": {
            "month": "2014-06",
            "price": "23.34",
            "revenue": 766139
        },
        "2014-07": {
            "month": "2014-07",
            "price": "23.39",
            "revenue": 801977
        },
        "2014-08": {
            "month": "2014-08",
            "price": "22.60",
            "revenue": 817758
        },
        "2014-09": {
            "month": "2014-09",
            "price": "22.22",
            "revenue": 694113
        },
        "2014-10": {
            "month": "2014-10",
            "price": "19.92",
            "revenue": 706265
        },
        "2014-11": {
            "month": "2014-11",
            "price": "20.79",
            "revenue": 724091
        },
        "2014-12": {
            "month": "2014-12",
            "price": "22.61",
            "revenue": 733469
        },
        "2015-01": {
            "month": "2015-01",
            "price": "23.75",
            "revenue": 653387
        },
        "2015-02": {
            "month": "2015-02",
            "price": "22.86",
            "revenue": 534997
        },
        "2015-03": {
            "month": "2015-03",
            "price": "23.21",
            "revenue": 650033
        },
        "2015-04": {
            "month": "2015-04",
            "price": "21.02",
            "revenue": 670413
        },
        "2015-05": {
            "month": "2015-05",
            "price": "18.40",
            "revenue": 602764
        },
        "2015-06": {
            "month": "2015-06",
            "price": "16.92",
            "revenue": 631571
        },
        "2015-07": {
            "month": "2015-07",
            "price": "15.01",
            "revenue": 649350
        },
        "2015-08": {
            "month": "2015-08",
            "price": "13.09",
            "revenue": 669298
        },
        "2015-09": {
            "month": "2015-09",
            "price": "12.10",
            "revenue": 707849
        },
        "2015-10": {
            "month": "2015-10",
            "price": "12.86",
            "revenue": 688774
        },
        "2015-11": {
            "month": "2015-11",
            "price": "12.68",
            "revenue": 688315
        },
        "2015-12": {
            "month": "2015-12",
            "price": "12.02",
            "revenue": 671615
        },
        "2016-01": {
            "month": "2016-01",
            "price": "11.71",
            "revenue": 699152
        },
        "2016-02": {
            "month": "2016-02",
            "price": "13.08",
            "revenue": 596019
        },
        "2016-03": {
            "month": "2016-03",
            "price": "15.00",
            "revenue": 714170
        },
        "2016-04": {
            "month": "2016-04",
            "price": "16.40",
            "revenue": 717925
        },
        "2016-05": {
            "month": "2016-05",
            "price": "15.72",
            "revenue": 721858
        },
        "2016-06": {
            "month": "2016-06",
            "price": "15.55",
            "revenue": 689996
        },
        "2016-07": {
            "month": "2016-07",
            "price": "15.92",
            "revenue": 756296
        },
        "2016-08": {
            "month": "2016-08",
            "price": "18.52",
            "revenue": 796144
        },
        "2016-09": {
            "month": "2016-09",
            "price": "19.58",
            "revenue": 739023
        },
        "2016-10": {
            "month": "2016-10",
            "price": "21.83",
            "revenue": 695628
        },
        "2016-11": {
            "month": "2016-11",
            "price": "23.12",
            "revenue": 748452
        },
        "2016-12": {
            "month": "2016-12",
            "price": "26.36",
            "revenue": 703789
        },
        "2017-01": {
            "month": "2017-01",
            "price": "27.63",
            "revenue": 645868
        },
        "2017-02": {
            "month": "2017-02",
            "price": "28.27",
            "revenue": 634413
        },
        "2017-03": {
            "month": "2017-03",
            "price": "30.79",
            "revenue": 714661
        },
        "2017-04": {
            "month": "2017-04",
            "price": "31.18",
            "revenue": 741817
        },
        "2017-05": {
            "month": "2017-05",
            "price": "30.72",
            "revenue": 722152
        },
        "2017-06": {
            "month": "2017-06",
            "price": "31.41",
            "revenue": 676593
        },
        "2017-07": {
            "month": "2017-07",
            "price": "30.52",
            "revenue": 754399
        },
        "2017-08": {
            "month": "2017-08",
            "price": "31.46",
            "revenue": 817026
        },
        "2017-09": {
            "month": "2017-09",
            "price": "31.09",
            "revenue": 800964
        },
        "2017-10": {
            "month": "2017-10",
            "price": "29.44",
            "revenue": 738499
        },
        "2017-11": {
            "month": "2017-11",
            "price": "28.56",
            "revenue": 786783
        },
        "2017-12": {
            "month": "2017-12",
            "price": "27.99",
            "revenue": 702591
        },
        "2018-01": {
            "month": "2018-01",
            "price": "27.68",
            "revenue": 831965
        },
        "2018-02": {
            "month": "2018-02",
            "price": "26.01",
            "revenue": 633395
        },
        "2018-03": {
            "month": "2018-03",
            "price": "25.85",
            "revenue": 744712
        },
        "2018-04": {
            "month": "2018-04",
            "price": "23.81",
            "revenue": 747519
        },
        "2018-05": {
            "month": "2018-05",
            "price": "22.45",
            "revenue": 768652
        },
        "2018-06": {
            "month": "2018-06",
            "price": "23.00",
            "revenue": 767101
        },
        "2018-07": {
            "month": "2018-07",
            "price": "22.83",
            "revenue": 786079
        },
        "2018-08": {
            "month": "2018-08",
            "price": "26.34",
            "revenue": 772929
        },
        "2018-09": {
            "month": "2018-09",
            "price": "27.44",
            "revenue": 744879
        },
        "2018-10": {
            "month": "2018-10",
            "price": "26.19",
            "revenue": 735665
        },
        "2018-11": {
            "month": "2018-11",
            "price": "26.33",
            "revenue": 701892
        },
        "2018-12": {
            "month": "2018-12",
            "price": "27.14",
            "revenue": 696109
        },
        "2019-01": {
            "month": "2019-01",
            "price": "25.92",
            "revenue": 701646
        },
        "2019-02": {
            "month": "2019-02",
            "price": "27.37",
            "revenue": 524375
        },
        "2019-03": {
            "month": "2019-03",
            "price": "27.68",
            "revenue": 641114
        },
        "2019-04": {
            "month": "2019-04",
            "price": "30.76",
            "revenue": 633178
        },
        "2019-05": {
            "month": "2019-05",
            "price": "29.49",
            "revenue": 677097
        },
        "2019-06": {
            "month": "2019-06",
            "price": "29.76",
            "revenue": 632335
        },
        "2019-07": {
            "month": "2019-07",
            "price": "29.62",
            "revenue": 668696
        },
        "2019-08": {
            "month": "2019-08",
            "price": "26.93",
            "revenue": 745408
        },
        "2019-09": {
            "month": "2019-09",
            "price": "27.84",
            "revenue": 677237
        },
        "2019-10": {
            "month": "2019-10",
            "price": "26.75",
            "revenue": 698838
        },
        "2019-11": {
            "month": "2019-11",
            "price": "26.15",
            "revenue": 673654
        },
        "2019-12": {
            "month": "2019-12",
            "price": "25.95",
            "revenue": 646650
        },
        "2020-01": {
            "month": "2020-01",
            "price": "25.43",
            "revenue": 573186
        },
        "2020-02": {
            "month": "2020-02",
            "price": "23.67",
            "revenue": 537864
        },
        "2020-03": {
            "month": "2020-03",
            "price": "20.25",
            "revenue": 639483
        },
        "2020-04": {
            "month": "2020-04",
            "price": "20.91",
            "revenue": 762936
        },
        "2020-05": {
            "month": "2020-05",
            "price": "21.66",
            "revenue": 692900
        },
        "2020-06": {
            "month": "2020-06",
            "price": "22.15",
            "revenue": 704291
        },
        "2020-07": {
            "month": "2020-07",
            "price": "21.46",
            "revenue": 714593
        },
        "2020-08": {
            "month": "2020-08",
            "price": "21.46",
            "revenue": 757679
        },
        "2020-09": {
            "month": "2020-09",
            "price": "21.60",
            "revenue": 732063
        },
        "2020-10": {
            "month": "2020-10",
            "price": "20.80",
            "revenue": 770289
        },
        "2020-11": {
            "month": "2020-11",
            "price": "20.57",
            "revenue": 705781
        },
        "2020-12": {
            "month": "2020-12",
            "price": "20.69",
            "revenue": 724684
        },
        "2021-01": {
            "month": "2021-01",
            "price": "21.52",
            "revenue": 810381
        },
        "2021-02": {
            "month": "2021-02",
            "price": "21.29",
            "revenue": 673703
        },
        "2021-03": {
            "month": "2021-03",
            "price": "21.82",
            "revenue": 720767
        },
        "2021-04": {
            "month": "2021-04",
            "price": "21.93",
            "revenue": 778342
        },
        "2021-05": {
            "month": "2021-05",
            "price": "19.11",
            "revenue": 794703
        },
        "2021-06": {
            "month": "2021-06",
            "price": "19.75",
            "revenue": 759597
        },
        "2021-07": {
            "month": "2021-07",
            "price": "20.78",
            "revenue": 836791
        },
        "2021-08": {
            "month": "2021-08",
            "price": "22.34",
            "revenue": 716871
        },
        "2021-09": {
            "month": "2021-09",
            "price": "22.74",
            "revenue": 772507
        },
        "2021-10": {
            "month": "2021-10",
            "price": "20.64",
            "revenue": 817807
        },
        "2021-11": {
            "month": "2021-11",
            "price": "21.41",
            "revenue": 748996
        },
        "2021-12": {
            "month": "2021-12",
            "price": "21.55",
            "revenue": 660461
        },
        "2022-01": {
            "month": "2022-01",
            "price": "21.52",
            "revenue": 605239
        },
        "2022-02": {
            "month": "2022-02",
            "price": "20.67",
            "revenue": 482792
        },
        "2022-03": {
            "month": "2022-03",
            "price": "20.16",
            "revenue": 712020
        },
        "2022-04": {
            "month": "2022-04",
            "price": "19.83",
            "revenue": 389627
        },
        "2022-05": {
            "month": "2022-05",
            "price": "19.10",
            "revenue": 734659
        },
        "2022-06": {
            "month": "2022-06",
            "price": "18.70",
            "revenue": 612533
        },
        "2022-07": {
            "month": "2022-07",
            "price": "17.17",
            "revenue": 650004
        },
        "2022-08": {
            "month": "2022-08",
            "price": "17.38",
            "revenue": 633744
        },
        "2022-09": {
            "month": "2022-09",
            "price": "16.45",
            "revenue": 634372
        },
        "2022-10": {
            "month": "2022-10",
            "price": "16.08",
            "revenue": 490996
        },
        "2022-11": {
            "month": "2022-11",
            "price": "16.56",
            "revenue": 525429
        },
        "2022-12": {
            "month": "2022-12",
            "price": "16.65",
            "revenue": 472409
        },
        "2023-01": {
            "month": "2023-01",
            "price": "16.49",
            "revenue": 432774
        },
        "2023-02": {
            "month": "2023-02",
            "price": "16.75",
            "revenue": 460298
        },
        "2023-03": {
            "month": "2023-03",
            "price": "17.13",
            "revenue": 532815
        },
        "2023-04": {
            "month": "2023-04",
            "price": "17.44",
            "revenue": 510411
        },
        "2023-05": {
            "month": "2023-05",
            "price": "17.39",
            "revenue": 507210
        },
        "2023-06": {
            "month": "2023-06",
            "price": "17.76",
            "revenue": 429105
        },
        "2023-07": {
            "month": "2023-07",
            "price": "17.77",
            "revenue": 537331
        },
        "2023-08": {
            "month": "2023-08",
            "price": "18.33",
            "revenue": 590392
        },
        "2023-09": {
            "month": "2023-09",
            "price": "19.19",
            "revenue": 539934
        }
    }
}
