{
    "summary": {
        "stock_name": "亞元",
        "stock_id": "6109",
        "category": "通信網路",
        "main_business": "電源供應器<br>藍芽無線產品、通訊用變壓器、行動通訊充電器<br>其他電子零件",
        "website_url": "http://www.atechoem.com",
        "ceo": "游偉煌",
        "pe_ratio": 53,
        "report_year_from": 2001,
        "report_year_to": 2023,
        "age": 23,
        "eps_negative_percentage": 39,
        "eps_growth_avg": {
            "last_all": -58.98,
            "last_2y": -76.07,
            "last_4y": -25.36,
            "last_8y": -28.88,
            "last_12y": -37.77,
            "last_16y": -53.06,
            "last_20y": -56.97,
            "at_2006_last_3y": -100,
            "at_2007_last_3y": -81.48,
            "at_2008_last_3y": -90.74,
            "at_2009_last_3y": -90.74,
            "at_2010_last_3y": -93.83,
            "at_2011_last_3y": -100,
            "at_2012_last_3y": -100,
            "at_2013_last_3y": -100,
            "at_2014_last_3y": -100,
            "at_2015_last_3y": -34.71,
            "at_2016_last_3y": -33.06,
            "at_2017_last_3y": -12.04,
            "at_2018_last_3y": -31.53,
            "at_2019_last_3y": -14.17,
            "at_2020_last_3y": -31.73,
            "at_2021_last_3y": -30,
            "at_2022_last_3y": 0,
            "at_2023_last_3y": -88.03,
            "at_2024_last_3y": -88.03,
            "at_2006_last_all": -91.52,
            "at_2007_last_all": -88.17,
            "at_2008_last_all": -91.13,
            "at_2009_last_all": -91.13,
            "at_2010_last_all": -92.9,
            "at_2011_last_all": -92.9,
            "at_2012_last_all": -92.9,
            "at_2013_last_all": -94.09,
            "at_2014_last_all": -94.09,
            "at_2015_last_all": -76.28,
            "at_2016_last_all": -70.46,
            "at_2017_last_all": -66.74,
            "at_2018_last_all": -69.06,
            "at_2019_last_all": -53.69,
            "at_2020_last_all": -57.55,
            "at_2021_last_all": -57.55,
            "at_2022_last_all": -57.55,
            "at_2023_last_all": -58.98,
            "at_2024_last_all": -58.98
        },
        "latest_eps": 0.28,
        "latest_price": 14.95,
        "latest_roe": 2.47,
        "latest_gross_margin": 21.98,
        "latest_equity": 757030,
        "latest_revenue": 191979,
        "latest_gross_profit": 42200,
        "latest_net_income": -22057,
        "latest_debt_ratio": 31.77,
        "latest_current_ratio": 263.26,
        "latest_account_receivable_turnover_ratio": 0.73,
        "latest_inventory_turnover_ratio": 0.74,
        "latest_reinvestment_rate": null,
        "latest_research_to_sale_ratio": 11.03
    },
    "eps_dividends": {
        "1999": {
            "cash": 0,
            "stock": 2.4,
            "eps": 0
        },
        "2000": {
            "cash": 0.5,
            "stock": 2,
            "eps": 0
        },
        "2001": {
            "cash": 0.5,
            "stock": 2,
            "eps": 1.12
        },
        "2002": {
            "cash": 0.5,
            "stock": 1,
            "eps": 0.19
        },
        "2003": {
            "cash": 0.1,
            "stock": 0.3,
            "eps": -0.5
        },
        "2004": {
            "cash": 0,
            "stock": 0,
            "eps": -0.68
        },
        "2005": {
            "cash": 0,
            "stock": 0,
            "eps": -1.03
        },
        "2006": {
            "cash": 0,
            "stock": 0,
            "eps": 0.54
        },
        "2007": {
            "cash": 0,
            "stock": 0,
            "eps": 0.1
        },
        "2008": {
            "cash": 0,
            "stock": 0,
            "eps": -1.21
        },
        "2009": {
            "cash": 0,
            "stock": 0,
            "eps": 0.8
        },
        "2010": {
            "cash": 0.36,
            "stock": 0,
            "eps": -0.62
        },
        "2011": {
            "cash": 0,
            "stock": 0,
            "eps": -1.1
        },
        "2012": {
            "cash": 0,
            "stock": 0,
            "eps": 0.52
        },
        "2013": {
            "cash": 0,
            "stock": 0,
            "eps": -0.55
        },
        "2014": {
            "cash": 0,
            "stock": 0,
            "eps": 1.21
        },
        "2015": {
            "cash": 0.8,
            "stock": 0,
            "eps": 1.58
        },
        "2016": {
            "cash": 1.2,
            "stock": 0,
            "eps": 1.11
        },
        "2017": {
            "cash": 1,
            "stock": 0,
            "eps": 0.7
        },
        "2018": {
            "cash": 0.5,
            "stock": 0,
            "eps": 0.07
        },
        "2019": {
            "cash": 0.1,
            "stock": 0,
            "eps": 0.25
        },
        "2020": {
            "cash": 0,
            "stock": 0,
            "eps": -0.15
        },
        "2021": {
            "cash": 0,
            "stock": 0,
            "eps": -1.38
        },
        "2022": {
            "cash": 0,
            "stock": 0,
            "eps": 1.17
        },
        "2023": {
            "cash": 0.55,
            "stock": 0,
            "eps": 0.28
        },
        "2024": {
            "cash": 0.3,
            "stock": 0,
            "eps": 0
        }
    },
    "dividends": {
        "1999-05-22": {
            "cash": 0,
            "stock": 2.4
        },
        "2000-06-17": {
            "cash": 0.5,
            "stock": 2
        },
        "2001-05-05": {
            "cash": 0.5,
            "stock": 2
        },
        "2002-06-18": {
            "cash": 0.5,
            "stock": 1
        },
        "2003-06-20": {
            "cash": 0.1,
            "stock": 0.3
        },
        "2010-04-23": {
            "cash": 0.36,
            "stock": 0
        },
        "2015-07-28": {
            "cash": 0.8,
            "stock": 0
        },
        "2016-07-29": {
            "cash": 1.2,
            "stock": 0
        },
        "2017-08-03": {
            "cash": 1,
            "stock": 0
        },
        "2018-07-17": {
            "cash": 0.5,
            "stock": 0
        },
        "2019-07-17": {
            "cash": 0.1,
            "stock": 0
        },
        "2023-07-12": {
            "cash": 0.55,
            "stock": 0
        },
        "2024-03-13": {
            "cash": 0.3,
            "stock": 0
        }
    },
    "prices": {
        "200101": "無",
        "200102": "無",
        "200103": "無",
        "200104": "無",
        "200105": "無",
        "200106": "無",
        "200107": "35.03",
        "200108": "31.08",
        "200109": "18.19",
        "200110": "13.74",
        "200111": "16.77",
        "200112": "26.87",
        "200201": "37.85",
        "200202": "38.28",
        "200203": "37.48",
        "200204": "37.44",
        "200205": "27.96",
        "200206": "20.94",
        "200207": "17.89",
        "200208": "16.77",
        "200209": "13.02",
        "200210": "12.66",
        "200211": "12.05",
        "200212": "11.01",
        "200301": "11.71",
        "200302": "11.74",
        "200303": "10.85",
        "200304": "9.41",
        "200305": "8.89",
        "200306": "10.10",
        "200307": "10.42",
        "200308": "9.59",
        "200309": "9.45",
        "200310": "9.26",
        "200311": "9.02",
        "200312": "9.70",
        "200401": "9.73",
        "200402": "10.73",
        "200403": "10.18",
        "200404": "9.88",
        "200405": "9.05",
        "200406": "8.33",
        "200407": "6.76",
        "200408": "6.26",
        "200409": "6.10",
        "200410": "6.14",
        "200411": "5.98",
        "200412": "5.82",
        "200501": "6.25",
        "200502": "7.65",
        "200503": "10.48",
        "200504": "11.99",
        "200505": "9.19",
        "200506": "10.77",
        "200507": "11.66",
        "200508": "12.44",
        "200509": "11.72",
        "200510": "11.72",
        "200511": "10.63",
        "200512": "10.37",
        "200601": "11.80",
        "200602": "11.76",
        "200603": "10.94",
        "200604": "12.71",
        "200605": "12.36",
        "200606": "11.66",
        "200607": "11.25",
        "200608": "10.98",
        "200609": "10.16",
        "200610": "10.28",
        "200611": "11.24",
        "200612": "12.65",
        "200701": "13.11",
        "200702": "12.31",
        "200703": "12.43",
        "200704": "14.32",
        "200705": "14.83",
        "200706": "15.44",
        "200707": "16.45",
        "200708": "14.30",
        "200709": "13.85",
        "200710": "13.93",
        "200711": "12.05",
        "200712": "10.47",
        "200801": "9.19",
        "200802": "8.72",
        "200803": "8.99",
        "200804": "9.70",
        "200805": "11.40",
        "200806": "9.96",
        "200807": "8.65",
        "200808": "8.31",
        "200809": "7.35",
        "200810": "5.72",
        "200811": "4.13",
        "200812": "4.33",
        "200901": "4.16",
        "200902": "4.42",
        "200903": "5.07",
        "200904": "5.92",
        "200905": "5.75",
        "200906": "6.35",
        "200907": "6.06",
        "200908": "7.13",
        "200909": "8.76",
        "200910": "12.70",
        "200911": "13.86",
        "200912": "17.25",
        "201001": "18.53",
        "201002": "17.06",
        "201003": "18.56",
        "201004": "23.26",
        "201005": "18.07",
        "201006": "17.97",
        "201007": "18.40",
        "201008": "19.29",
        "201009": "18.34",
        "201010": "17.15",
        "201011": "14.38",
        "201012": "14.50",
        "201101": "13.95",
        "201102": "13.97",
        "201103": "14.18",
        "201104": "13.73",
        "201105": "12.11",
        "201106": "10.99",
        "201107": "10.18",
        "201108": "7.98",
        "201109": "7.37",
        "201110": "7.20",
        "201111": "7.61",
        "201112": "7.39",
        "201201": "7.39",
        "201202": "8.45",
        "201203": "9.18",
        "201204": "9.63",
        "201205": "9.09",
        "201206": "8.90",
        "201207": "8.96",
        "201208": "9.65",
        "201209": "10.18",
        "201210": "9.83",
        "201211": "9.47",
        "201212": "9.44",
        "201301": "9.75",
        "201302": "11.19",
        "201303": "12.07",
        "201304": "11.14",
        "201305": "11.09",
        "201306": "10.53",
        "201307": "10.34",
        "201308": "9.88",
        "201309": "9.97",
        "201310": "9.61",
        "201311": "8.39",
        "201312": "8.06",
        "201401": "8.91",
        "201402": "8.98",
        "201403": "11.27",
        "201404": "12.04",
        "201405": "11.35",
        "201406": "14.30",
        "201407": "15.78",
        "201408": "15.11",
        "201409": "16.61",
        "201410": "14.67",
        "201411": "14.34",
        "201412": "14.64",
        "201501": "15.64",
        "201502": "15.33",
        "201503": "15.51",
        "201504": "15.15",
        "201505": "13.80",
        "201506": "13.70",
        "201507": "13.14",
        "201508": "12.15",
        "201509": "12.56",
        "201510": "13.10",
        "201511": "13.64",
        "201512": "13.32",
        "201601": "12.77",
        "201602": "13.63",
        "201603": "14.66",
        "201604": "14.22",
        "201605": "13.87",
        "201606": "13.77",
        "201607": "12.00",
        "201608": "12.26",
        "201609": "12.36",
        "201610": "12.31",
        "201611": "12.21",
        "201612": "12.31",
        "201701": "12.71",
        "201702": "12.91",
        "201703": "13.06",
        "201704": "13.43",
        "201705": "13.82",
        "201706": "13.79",
        "201707": "12.81",
        "201708": "12.59",
        "201709": "12.97",
        "201710": "12.90",
        "201711": "12.34",
        "201712": "12.05",
        "201801": "12.04",
        "201802": "11.98",
        "201803": "12.60",
        "201804": "12.52",
        "201805": "12.17",
        "201806": "11.64",
        "201807": "10.61",
        "201808": "11.08",
        "201809": "10.55",
        "201810": "10.10",
        "201811": "10.02",
        "201812": "10.24",
        "201901": "10.24",
        "201902": "10.92",
        "201903": "10.99",
        "201904": "10.83",
        "201905": "10.38",
        "201906": "10.05",
        "201907": "9.87",
        "201908": "9.54",
        "201909": "9.29",
        "201910": "9.28",
        "201911": "9.70",
        "201912": "10.01",
        "202001": "10.90",
        "202002": "10.68",
        "202003": "9.25",
        "202004": "9.49",
        "202005": "10.15",
        "202006": "10.26",
        "202007": "12.33",
        "202008": "15.51",
        "202009": "15.33",
        "202010": "14.66",
        "202011": "12.98",
        "202012": "12.40",
        "202101": "12.07",
        "202102": "11.72",
        "202103": "12.65",
        "202104": "14.41",
        "202105": "12.16",
        "202106": "11.71",
        "202107": "12.77",
        "202108": "11.26",
        "202109": "9.81",
        "202110": "9.92",
        "202111": "9.88",
        "202112": "11.12",
        "202201": "11.22",
        "202202": "11.01",
        "202203": "9.39",
        "202204": "9.56",
        "202205": "10.07",
        "202206": "11.30",
        "202207": "12.64",
        "202208": "15.11",
        "202209": "13.64",
        "202210": "13.11",
        "202211": "14.76",
        "202212": "16.54",
        "202301": "15.92",
        "202302": "17.86",
        "202303": "18.17",
        "202304": "17.69",
        "202305": "16.61",
        "202306": "16.66",
        "202307": "15.74",
        "202308": "15.29",
        "202309": "14.84",
        "202310": "13.68",
        "202311": "14.18",
        "202312": "14.87",
        "202401": "14.96",
        "202402": "15.55",
        "202403": "15.67",
        "202404": "無"
    },
    "quarters": {
        "20011": {
            "year_quarter": 20011,
            "year": 2001,
            "quarter": 1,
            "eps": 0.46,
            "eps_growth_year": -36.11,
            "eps_4q": 2.76,
            "eps_4q_growth_year": null,
            "roe": 2.82,
            "roe_4q": 2.82,
            "gross_profit": 37203,
            "gross_margin": 31.53,
            "gross_margin_4q_avg": 31.53,
            "net_income": 15954,
            "net_income_4q": null,
            "revenue": 118008,
            "revenue_4q": null,
            "common_shares": 350294,
            "book_valuer_per_share": 16.39,
            "book_valuer_per_share_4q_avg": 16.39,
            "equity": 573984,
            "current_ratio": 350.68,
            "debt_ratio": 19.46,
            "inventory_turnover_ratio": 0.86,
            "account_receivable_turnover_ratio": null,
            "reinvestment_rate": null,
            "research_to_sale_ratio": null,
            "price_fair": 0,
            "eps_avg_yearly": 0,
            "eps_latest_yearly": 0,
            "eps_growth_yearly": 0
        },
        "20012": {
            "year_quarter": 20012,
            "year": 2001,
            "quarter": 2,
            "eps": 0.04,
            "eps_growth_year": -96.43,
            "eps_4q": 1.65,
            "eps_4q_growth_year": null,
            "roe": 0.28,
            "roe_4q": 3.0999999999999996,
            "gross_profit": 21520,
            "gross_margin": 25.18,
            "gross_margin_4q_avg": 28.36,
            "net_income": 1568,
            "net_income_4q": null,
            "revenue": 85468,
            "revenue_4q": null,
            "common_shares": 350294,
            "book_valuer_per_share": 15.92,
            "book_valuer_per_share_4q_avg": 16.16,
            "equity": 557602,
            "current_ratio": 288.82,
            "debt_ratio": 21.74,
            "inventory_turnover_ratio": 0.62,
            "account_receivable_turnover_ratio": null,
            "reinvestment_rate": null,
            "research_to_sale_ratio": null,
            "price_fair": 0,
            "eps_avg_yearly": 0,
            "eps_latest_yearly": 0,
            "eps_growth_yearly": 0
        },
        "20013": {
            "year_quarter": 20013,
            "year": 2001,
            "quarter": 3,
            "eps": 0.41,
            "eps_growth_year": -55.43,
            "eps_4q": 1.18,
            "eps_4q_growth_year": null,
            "roe": 3.06,
            "roe_4q": 6.16,
            "gross_profit": 42126,
            "gross_margin": 23.22,
            "gross_margin_4q_avg": 26.64,
            "net_income": 17354,
            "net_income_4q": null,
            "revenue": 181436,
            "revenue_4q": null,
            "common_shares": 427590,
            "book_valuer_per_share": 13.44,
            "book_valuer_per_share_4q_avg": 15.25,
            "equity": 574852,
            "current_ratio": 215.45,
            "debt_ratio": 26.99,
            "inventory_turnover_ratio": 1.32,
            "account_receivable_turnover_ratio": null,
            "reinvestment_rate": null,
            "research_to_sale_ratio": null,
            "price_fair": 0,
            "eps_avg_yearly": 0,
            "eps_latest_yearly": 0,
            "eps_growth_yearly": 0
        },
        "20014": {
            "year_quarter": 20014,
            "year": 2001,
            "quarter": 4,
            "eps": 0.21,
            "eps_growth_year": -51.16,
            "eps_4q": 1.01,
            "eps_4q_growth_year": -65.14,
            "roe": 1.58,
            "roe_4q": 7.74,
            "gross_profit": 33885,
            "gross_margin": 24.06,
            "gross_margin_4q_avg": 26,
            "net_income": 9181,
            "net_income_4q": null,
            "revenue": 140816,
            "revenue_4q": null,
            "common_shares": 427590,
            "book_valuer_per_share": 13.68,
            "book_valuer_per_share_4q_avg": 14.86,
            "equity": 584759,
            "current_ratio": 207.72,
            "debt_ratio": 28.97,
            "inventory_turnover_ratio": 1.02,
            "account_receivable_turnover_ratio": null,
            "reinvestment_rate": null,
            "research_to_sale_ratio": null,
            "price_fair": 0,
            "eps_avg_yearly": 0,
            "eps_latest_yearly": 0,
            "eps_growth_yearly": 0
        },
        "20021": {
            "year_quarter": 20021,
            "year": 2002,
            "quarter": 1,
            "eps": 0.14,
            "eps_growth_year": -69.57,
            "eps_4q": 0.8,
            "eps_4q_growth_year": -71.13,
            "roe": 1.02,
            "roe_4q": 5.94,
            "gross_profit": 28767,
            "gross_margin": 23.13,
            "gross_margin_4q_avg": 23.9,
            "net_income": 5997,
            "net_income_4q": null,
            "revenue": 124366,
            "revenue_4q": null,
            "common_shares": 427590,
            "book_valuer_per_share": 13.82,
            "book_valuer_per_share_4q_avg": 14.22,
            "equity": 590859,
            "current_ratio": 277.49,
            "debt_ratio": 22.15,
            "inventory_turnover_ratio": 0.93,
            "account_receivable_turnover_ratio": null,
            "reinvestment_rate": null,
            "research_to_sale_ratio": null,
            "price_fair": 1.68,
            "eps_avg_yearly": 0.56,
            "eps_latest_yearly": 0.56,
            "eps_growth_yearly": -133.33
        },
        "20022": {
            "year_quarter": 20022,
            "year": 2002,
            "quarter": 2,
            "eps": -0.01,
            "eps_growth_year": -125,
            "eps_4q": 0.75,
            "eps_4q_growth_year": -54.49,
            "roe": -0.06,
            "roe_4q": 5.6,
            "gross_profit": 17990,
            "gross_margin": 18.33,
            "gross_margin_4q_avg": 22.19,
            "net_income": -350,
            "net_income_4q": null,
            "revenue": 98146,
            "revenue_4q": null,
            "common_shares": 427590,
            "book_valuer_per_share": 13.19,
            "book_valuer_per_share_4q_avg": 13.53,
            "equity": 563950,
            "current_ratio": 242.74,
            "debt_ratio": 24.45,
            "inventory_turnover_ratio": 0.79,
            "account_receivable_turnover_ratio": null,
            "reinvestment_rate": null,
            "research_to_sale_ratio": null,
            "price_fair": 1.68,
            "eps_avg_yearly": 0.56,
            "eps_latest_yearly": 0.56,
            "eps_growth_yearly": -133.33
        },
        "20023": {
            "year_quarter": 20023,
            "year": 2002,
            "quarter": 3,
            "eps": 0.09,
            "eps_growth_year": -78.05,
            "eps_4q": 0.42,
            "eps_4q_growth_year": -64.16,
            "roe": 0.71,
            "roe_4q": 3.25,
            "gross_profit": 15210,
            "gross_margin": 17.43,
            "gross_margin_4q_avg": 20.74,
            "net_income": 4021,
            "net_income_4q": null,
            "revenue": 87251,
            "revenue_4q": null,
            "common_shares": 473480,
            "book_valuer_per_share": 12.08,
            "book_valuer_per_share_4q_avg": 13.19,
            "equity": 572073,
            "current_ratio": 259.36,
            "debt_ratio": 22.34,
            "inventory_turnover_ratio": 0.75,
            "account_receivable_turnover_ratio": null,
            "reinvestment_rate": null,
            "research_to_sale_ratio": null,
            "price_fair": 1.68,
            "eps_avg_yearly": 0.56,
            "eps_latest_yearly": 0.56,
            "eps_growth_yearly": -133.33
        },
        "20024": {
            "year_quarter": 20024,
            "year": 2002,
            "quarter": 4,
            "eps": -0.03,
            "eps_growth_year": -114.29,
            "eps_4q": 0.17,
            "eps_4q_growth_year": -83.13,
            "roe": -0.28,
            "roe_4q": 1.39,
            "gross_profit": 15850,
            "gross_margin": 17.78,
            "gross_margin_4q_avg": 19.17,
            "net_income": -1588,
            "net_income_4q": null,
            "revenue": 89166,
            "revenue_4q": null,
            "common_shares": 473480,
            "book_valuer_per_share": 11.92,
            "book_valuer_per_share_4q_avg": 12.75,
            "equity": 564385,
            "current_ratio": 255.52,
            "debt_ratio": 22.79,
            "inventory_turnover_ratio": 0.87,
            "account_receivable_turnover_ratio": null,
            "reinvestment_rate": null,
            "research_to_sale_ratio": null,
            "price_fair": 1.68,
            "eps_avg_yearly": 0.56,
            "eps_latest_yearly": 0.56,
            "eps_growth_yearly": -133.33
        },
        "20031": {
            "year_quarter": 20031,
            "year": 2003,
            "quarter": 1,
            "eps": -0.18,
            "eps_growth_year": -228.57,
            "eps_4q": -0.13,
            "eps_4q_growth_year": -116.91,
            "roe": -1.48,
            "roe_4q": -1.11,
            "gross_profit": 8479,
            "gross_margin": 13.89,
            "gross_margin_4q_avg": 16.86,
            "net_income": -8264,
            "net_income_4q": null,
            "revenue": 61065,
            "revenue_4q": null,
            "common_shares": 473480,
            "book_valuer_per_share": 11.74,
            "book_valuer_per_share_4q_avg": 12.23,
            "equity": 555990,
            "current_ratio": 317.36,
            "debt_ratio": 18.2,
            "inventory_turnover_ratio": 0.63,
            "account_receivable_turnover_ratio": null,
            "reinvestment_rate": null,
            "research_to_sale_ratio": null,
            "price_fair": 1.68,
            "eps_avg_yearly": 0.56,
            "eps_latest_yearly": 0.56,
            "eps_growth_yearly": -133.33
        },
        "20032": {
            "year_quarter": 20032,
            "year": 2003,
            "quarter": 2,
            "eps": -0.17,
            "eps_growth_year": null,
            "eps_4q": -0.29,
            "eps_4q_growth_year": -138.36,
            "roe": -1.43,
            "roe_4q": -2.4800000000000004,
            "gross_profit": 8158,
            "gross_margin": 13.89,
            "gross_margin_4q_avg": 15.75,
            "net_income": -7839,
            "net_income_4q": null,
            "revenue": 58723,
            "revenue_4q": null,
            "common_shares": 473480,
            "book_valuer_per_share": 11.46,
            "book_valuer_per_share_4q_avg": 11.8,
            "equity": 542422,
            "current_ratio": 321.42,
            "debt_ratio": 20.08,
            "inventory_turnover_ratio": 0.62,
            "account_receivable_turnover_ratio": null,
            "reinvestment_rate": null,
            "research_to_sale_ratio": null,
            "price_fair": 1.68,
            "eps_avg_yearly": 0.56,
            "eps_latest_yearly": 0.56,
            "eps_growth_yearly": -133.33
        },
        "20033": {
            "year_quarter": 20033,
            "year": 2003,
            "quarter": 3,
            "eps": -0.05,
            "eps_growth_year": -155.56,
            "eps_4q": -0.42,
            "eps_4q_growth_year": -199.43,
            "roe": -0.4,
            "roe_4q": -3.59,
            "gross_profit": 11638,
            "gross_margin": 16.03,
            "gross_margin_4q_avg": 15.4,
            "net_income": -2171,
            "net_income_4q": null,
            "revenue": 72582,
            "revenue_4q": null,
            "common_shares": 473480,
            "book_valuer_per_share": 11.35,
            "book_valuer_per_share_4q_avg": 11.62,
            "equity": 537365,
            "current_ratio": 347.87,
            "debt_ratio": 17.38,
            "inventory_turnover_ratio": 0.79,
            "account_receivable_turnover_ratio": null,
            "reinvestment_rate": null,
            "research_to_sale_ratio": null,
            "price_fair": 1.68,
            "eps_avg_yearly": 0.56,
            "eps_latest_yearly": 0.56,
            "eps_growth_yearly": -133.33
        },
        "20034": {
            "year_quarter": 20034,
            "year": 2003,
            "quarter": 4,
            "eps": -0.1,
            "eps_growth_year": null,
            "eps_4q": -0.47,
            "eps_4q_growth_year": -376.47,
            "roe": -0.87,
            "roe_4q": -4.18,
            "gross_profit": 17012,
            "gross_margin": 15.8,
            "gross_margin_4q_avg": 14.9,
            "net_income": -4649,
            "net_income_4q": null,
            "revenue": 107659,
            "revenue_4q": null,
            "common_shares": 487539,
            "book_valuer_per_share": 10.94,
            "book_valuer_per_share_4q_avg": 11.37,
            "equity": 533221,
            "current_ratio": 246.54,
            "debt_ratio": 20.24,
            "inventory_turnover_ratio": 1.34,
            "account_receivable_turnover_ratio": null,
            "reinvestment_rate": 50.55,
            "research_to_sale_ratio": null,
            "price_fair": 1.68,
            "eps_avg_yearly": 0.56,
            "eps_latest_yearly": 0.56,
            "eps_growth_yearly": -133.33
        },
        "20041": {
            "year_quarter": 20041,
            "year": 2004,
            "quarter": 1,
            "eps": -0.11,
            "eps_growth_year": null,
            "eps_4q": -0.41,
            "eps_4q_growth_year": null,
            "roe": -1,
            "roe_4q": -3.7,
            "gross_profit": 18249,
            "gross_margin": 20.56,
            "gross_margin_4q_avg": 16.57,
            "net_income": -5308,
            "net_income_4q": null,
            "revenue": 88752,
            "revenue_4q": null,
            "common_shares": 487539,
            "book_valuer_per_share": 10.76,
            "book_valuer_per_share_4q_avg": 11.13,
            "equity": 524384,
            "current_ratio": 265.22,
            "debt_ratio": 19.71,
            "inventory_turnover_ratio": 1.11,
            "account_receivable_turnover_ratio": null,
            "reinvestment_rate": -145.24,
            "research_to_sale_ratio": null,
            "price_fair": 1.68,
            "eps_avg_yearly": 0.56,
            "eps_latest_yearly": 0.56,
            "eps_growth_yearly": -133.33
        },
        "20042": {
            "year_quarter": 20042,
            "year": 2004,
            "quarter": 2,
            "eps": -0.31,
            "eps_growth_year": null,
            "eps_4q": -0.55,
            "eps_4q_growth_year": null,
            "roe": -2.84,
            "roe_4q": -5.11,
            "gross_profit": 12858,
            "gross_margin": 16.11,
            "gross_margin_4q_avg": 17.13,
            "net_income": -14738,
            "net_income_4q": null,
            "revenue": 79818,
            "revenue_4q": null,
            "common_shares": 487539,
            "book_valuer_per_share": 10.51,
            "book_valuer_per_share_4q_avg": 10.89,
            "equity": 512521,
            "current_ratio": 277.15,
            "debt_ratio": 18.74,
            "inventory_turnover_ratio": 0.98,
            "account_receivable_turnover_ratio": null,
            "reinvestment_rate": -291.94,
            "research_to_sale_ratio": null,
            "price_fair": 1.68,
            "eps_avg_yearly": 0.56,
            "eps_latest_yearly": 0.56,
            "eps_growth_yearly": -133.33
        },
        "20043": {
            "year_quarter": 20043,
            "year": 2004,
            "quarter": 3,
            "eps": 0.16,
            "eps_growth_year": null,
            "eps_4q": -0.36,
            "eps_4q_growth_year": null,
            "roe": 1.47,
            "roe_4q": -3.24,
            "gross_profit": 27338,
            "gross_margin": 16.01,
            "gross_margin_4q_avg": 17.12,
            "net_income": 7602,
            "net_income_4q": null,
            "revenue": 170737,
            "revenue_4q": null,
            "common_shares": 487539,
            "book_valuer_per_share": 10.68,
            "book_valuer_per_share_4q_avg": 10.72,
            "equity": 520570,
            "current_ratio": 223.16,
            "debt_ratio": 24.6,
            "inventory_turnover_ratio": 2.09,
            "account_receivable_turnover_ratio": null,
            "reinvestment_rate": -540.89,
            "research_to_sale_ratio": null,
            "price_fair": 1.68,
            "eps_avg_yearly": 0.56,
            "eps_latest_yearly": 0.56,
            "eps_growth_yearly": -133.33
        },
        "20044": {
            "year_quarter": 20044,
            "year": 2004,
            "quarter": 4,
            "eps": -0.42,
            "eps_growth_year": null,
            "eps_4q": -0.68,
            "eps_4q_growth_year": null,
            "roe": -4.05,
            "roe_4q": -6.42,
            "gross_profit": 31150,
            "gross_margin": 23.01,
            "gross_margin_4q_avg": 18.92,
            "net_income": -20498,
            "net_income_4q": null,
            "revenue": 135386,
            "revenue_4q": null,
            "common_shares": 487129,
            "book_valuer_per_share": 10.07,
            "book_valuer_per_share_4q_avg": 10.51,
            "equity": 490675,
            "current_ratio": 276.21,
            "debt_ratio": 21.24,
            "inventory_turnover_ratio": 1.61,
            "account_receivable_turnover_ratio": null,
            "reinvestment_rate": null,
            "research_to_sale_ratio": null,
            "price_fair": 1.68,
            "eps_avg_yearly": 0.56,
            "eps_latest_yearly": 0.56,
            "eps_growth_yearly": -133.33
        },
        "20051": {
            "year_quarter": 20051,
            "year": 2005,
            "quarter": 1,
            "eps": -0.11,
            "eps_growth_year": null,
            "eps_4q": -0.67,
            "eps_4q_growth_year": null,
            "roe": -1.11,
            "roe_4q": -6.53,
            "gross_profit": 27773,
            "gross_margin": 19.72,
            "gross_margin_4q_avg": 18.71,
            "net_income": -5394,
            "net_income_4q": null,
            "revenue": 140838,
            "revenue_4q": null,
            "common_shares": 487129,
            "book_valuer_per_share": 9.95,
            "book_valuer_per_share_4q_avg": 10.3,
            "equity": 484609,
            "current_ratio": 220.88,
            "debt_ratio": 25.34,
            "inventory_turnover_ratio": 2.07,
            "account_receivable_turnover_ratio": null,
            "reinvestment_rate": null,
            "research_to_sale_ratio": null,
            "price_fair": 1.68,
            "eps_avg_yearly": 0.56,
            "eps_latest_yearly": 0.56,
            "eps_growth_yearly": -133.33
        },
        "20052": {
            "year_quarter": 20052,
            "year": 2005,
            "quarter": 2,
            "eps": 0.05,
            "eps_growth_year": null,
            "eps_4q": -0.31,
            "eps_4q_growth_year": null,
            "roe": 0.53,
            "roe_4q": -3.16,
            "gross_profit": 33053,
            "gross_margin": 20,
            "gross_margin_4q_avg": 19.69,
            "net_income": 2560,
            "net_income_4q": null,
            "revenue": 165229,
            "revenue_4q": null,
            "common_shares": 487129,
            "book_valuer_per_share": 10.01,
            "book_valuer_per_share_4q_avg": 10.18,
            "equity": 487419,
            "current_ratio": 209.1,
            "debt_ratio": 26.36,
            "inventory_turnover_ratio": 2.88,
            "account_receivable_turnover_ratio": null,
            "reinvestment_rate": null,
            "research_to_sale_ratio": null,
            "price_fair": 1.68,
            "eps_avg_yearly": 0.56,
            "eps_latest_yearly": 0.56,
            "eps_growth_yearly": -133.33
        },
        "20053": {
            "year_quarter": 20053,
            "year": 2005,
            "quarter": 3,
            "eps": -0.03,
            "eps_growth_year": -118.75,
            "eps_4q": -0.51,
            "eps_4q_growth_year": null,
            "roe": -0.26,
            "roe_4q": -4.89,
            "gross_profit": 36218,
            "gross_margin": 20.56,
            "gross_margin_4q_avg": 20.82,
            "net_income": -1278,
            "net_income_4q": null,
            "revenue": 176171,
            "revenue_4q": null,
            "common_shares": 487129,
            "book_valuer_per_share": 10.19,
            "book_valuer_per_share_4q_avg": 10.06,
            "equity": 496480,
            "current_ratio": 211.02,
            "debt_ratio": 26.85,
            "inventory_turnover_ratio": 3.25,
            "account_receivable_turnover_ratio": null,
            "reinvestment_rate": null,
            "research_to_sale_ratio": null,
            "price_fair": 1.68,
            "eps_avg_yearly": 0.56,
            "eps_latest_yearly": 0.56,
            "eps_growth_yearly": -133.33
        },
        "20054": {
            "year_quarter": 20054,
            "year": 2005,
            "quarter": 4,
            "eps": -0.94,
            "eps_growth_year": null,
            "eps_4q": -1.03,
            "eps_4q_growth_year": null,
            "roe": -9.63,
            "roe_4q": -10.47,
            "gross_profit": 28565,
            "gross_margin": 15.12,
            "gross_margin_4q_avg": 18.85,
            "net_income": -45566,
            "net_income_4q": null,
            "revenue": 188860,
            "revenue_4q": null,
            "common_shares": 482709,
            "book_valuer_per_share": 9.31,
            "book_valuer_per_share_4q_avg": 9.87,
            "equity": 449487,
            "current_ratio": 170,
            "debt_ratio": 37.83,
            "inventory_turnover_ratio": 2.19,
            "account_receivable_turnover_ratio": null,
            "reinvestment_rate": null,
            "research_to_sale_ratio": null,
            "price_fair": 1.68,
            "eps_avg_yearly": 0.56,
            "eps_latest_yearly": 0.56,
            "eps_growth_yearly": -133.33
        },
        "20061": {
            "year_quarter": 20061,
            "year": 2006,
            "quarter": 1,
            "eps": 0.01,
            "eps_growth_year": null,
            "eps_4q": -1.32,
            "eps_4q_growth_year": null,
            "roe": 0.07,
            "roe_4q": -9.290000000000001,
            "gross_profit": 35430,
            "gross_margin": 21.8,
            "gross_margin_4q_avg": 19.37,
            "net_income": 334,
            "net_income_4q": null,
            "revenue": 162493,
            "revenue_4q": null,
            "common_shares": 482709,
            "book_valuer_per_share": 9.3,
            "book_valuer_per_share_4q_avg": 9.7,
            "equity": 449125,
            "current_ratio": 250.22,
            "debt_ratio": 25.72,
            "inventory_turnover_ratio": 1.86,
            "account_receivable_turnover_ratio": null,
            "reinvestment_rate": null,
            "research_to_sale_ratio": null,
            "price_fair": 0,
            "eps_avg_yearly": 0,
            "eps_latest_yearly": 0,
            "eps_growth_yearly": 0
        },
        "20062": {
            "year_quarter": 20062,
            "year": 2006,
            "quarter": 2,
            "eps": 0.2,
            "eps_growth_year": 300,
            "eps_4q": -0.76,
            "eps_4q_growth_year": null,
            "roe": 2.13,
            "roe_4q": -7.690000000000001,
            "gross_profit": 40769,
            "gross_margin": 18.66,
            "gross_margin_4q_avg": 19.04,
            "net_income": 9686,
            "net_income_4q": null,
            "revenue": 218466,
            "revenue_4q": null,
            "common_shares": 482709,
            "book_valuer_per_share": 9.54,
            "book_valuer_per_share_4q_avg": 9.59,
            "equity": 460659,
            "current_ratio": 231.63,
            "debt_ratio": 28.5,
            "inventory_turnover_ratio": 5.35,
            "account_receivable_turnover_ratio": null,
            "reinvestment_rate": null,
            "research_to_sale_ratio": null,
            "price_fair": 28,
            "eps_avg_yearly": 0.8,
            "eps_latest_yearly": 0.8,
            "eps_growth_yearly": 7600
        },
        "20063": {
            "year_quarter": 20063,
            "year": 2006,
            "quarter": 3,
            "eps": 0.23,
            "eps_growth_year": null,
            "eps_4q": -0.5,
            "eps_4q_growth_year": null,
            "roe": 2.39,
            "roe_4q": -5.040000000000001,
            "gross_profit": 41454,
            "gross_margin": 17.84,
            "gross_margin_4q_avg": 18.36,
            "net_income": 11183,
            "net_income_4q": null,
            "revenue": 232375,
            "revenue_4q": null,
            "common_shares": 484699,
            "book_valuer_per_share": 9.83,
            "book_valuer_per_share_4q_avg": 9.5,
            "equity": 476467,
            "current_ratio": 248.62,
            "debt_ratio": 26.95,
            "inventory_turnover_ratio": 6.04,
            "account_receivable_turnover_ratio": null,
            "reinvestment_rate": null,
            "research_to_sale_ratio": null,
            "price_fair": 30.1,
            "eps_avg_yearly": 0.86,
            "eps_latest_yearly": 0.92,
            "eps_growth_yearly": 3830
        },
        "20064": {
            "year_quarter": 20064,
            "year": 2006,
            "quarter": 4,
            "eps": 0.1,
            "eps_growth_year": null,
            "eps_4q": 0.55,
            "eps_4q_growth_year": null,
            "roe": 0.98,
            "roe_4q": 5.57,
            "gross_profit": 42490,
            "gross_margin": 15.48,
            "gross_margin_4q_avg": 18.45,
            "net_income": 4713,
            "net_income_4q": null,
            "revenue": 274484,
            "revenue_4q": null,
            "common_shares": 484699,
            "book_valuer_per_share": 9.92,
            "book_valuer_per_share_4q_avg": 9.65,
            "equity": 480681,
            "current_ratio": 172.32,
            "debt_ratio": 43.3,
            "inventory_turnover_ratio": 2.96,
            "account_receivable_turnover_ratio": null,
            "reinvestment_rate": null,
            "research_to_sale_ratio": null,
            "price_fair": 24.73,
            "eps_avg_yearly": 0.71,
            "eps_latest_yearly": 0.4,
            "eps_growth_yearly": 2477.97
        },
        "20071": {
            "year_quarter": 20071,
            "year": 2007,
            "quarter": 1,
            "eps": 0.31,
            "eps_growth_year": 3000,
            "eps_4q": 0.83,
            "eps_4q_growth_year": null,
            "roe": 3.12,
            "roe_4q": 8.620000000000001,
            "gross_profit": 27326,
            "gross_margin": 15.72,
            "gross_margin_4q_avg": 16.93,
            "net_income": 15248,
            "net_income_4q": null,
            "revenue": 173833,
            "revenue_4q": null,
            "common_shares": 484699,
            "book_valuer_per_share": 10.26,
            "book_valuer_per_share_4q_avg": 9.89,
            "equity": 497313,
            "current_ratio": 263.3,
            "debt_ratio": 25.94,
            "inventory_turnover_ratio": 1.96,
            "account_receivable_turnover_ratio": null,
            "reinvestment_rate": null,
            "research_to_sale_ratio": null,
            "price_fair": 29.4,
            "eps_avg_yearly": 0.84,
            "eps_latest_yearly": 1.24,
            "eps_growth_yearly": 2068.48
        },
        "20072": {
            "year_quarter": 20072,
            "year": 2007,
            "quarter": 2,
            "eps": 0.09,
            "eps_growth_year": -55,
            "eps_4q": 0.74,
            "eps_4q_growth_year": null,
            "roe": 0.86,
            "roe_4q": 7.35,
            "gross_profit": 30247,
            "gross_margin": 16.13,
            "gross_margin_4q_avg": 16.29,
            "net_income": 4329,
            "net_income_4q": null,
            "revenue": 187467,
            "revenue_4q": null,
            "common_shares": 486279,
            "book_valuer_per_share": 10.41,
            "book_valuer_per_share_4q_avg": 10.11,
            "equity": 506447,
            "current_ratio": 356.69,
            "debt_ratio": 19.32,
            "inventory_turnover_ratio": 8.79,
            "account_receivable_turnover_ratio": null,
            "reinvestment_rate": null,
            "research_to_sale_ratio": null,
            "price_fair": 26.04,
            "eps_avg_yearly": 0.74,
            "eps_latest_yearly": 0.36,
            "eps_growth_yearly": 1598.01
        },
        "20073": {
            "year_quarter": 20073,
            "year": 2007,
            "quarter": 3,
            "eps": 0.1,
            "eps_growth_year": -56.52,
            "eps_4q": 0.61,
            "eps_4q_growth_year": null,
            "roe": 0.93,
            "roe_4q": 5.890000000000001,
            "gross_profit": 33236,
            "gross_margin": 15.12,
            "gross_margin_4q_avg": 15.61,
            "net_income": 4750,
            "net_income_4q": null,
            "revenue": 219861,
            "revenue_4q": null,
            "common_shares": 487669,
            "book_valuer_per_share": 10.5,
            "book_valuer_per_share_4q_avg": 10.27,
            "equity": 512192,
            "current_ratio": 332.22,
            "debt_ratio": 20.91,
            "inventory_turnover_ratio": 12.28,
            "account_receivable_turnover_ratio": null,
            "reinvestment_rate": null,
            "research_to_sale_ratio": null,
            "price_fair": 24.03,
            "eps_avg_yearly": 0.69,
            "eps_latest_yearly": 0.4,
            "eps_growth_yearly": 1339.08
        },
        "20074": {
            "year_quarter": 20074,
            "year": 2007,
            "quarter": 4,
            "eps": -0.4,
            "eps_growth_year": -500,
            "eps_4q": 0.1,
            "eps_4q_growth_year": -81.81,
            "roe": -3.85,
            "roe_4q": 1.06,
            "gross_profit": 19480,
            "gross_margin": 15.12,
            "gross_margin_4q_avg": 15.52,
            "net_income": -19366,
            "net_income_4q": null,
            "revenue": 128856,
            "revenue_4q": null,
            "common_shares": 487669,
            "book_valuer_per_share": 10.14,
            "book_valuer_per_share_4q_avg": 10.33,
            "equity": 494494,
            "current_ratio": 240.58,
            "debt_ratio": 29.22,
            "inventory_turnover_ratio": 1.89,
            "account_receivable_turnover_ratio": null,
            "reinvestment_rate": null,
            "research_to_sale_ratio": null,
            "price_fair": 24.03,
            "eps_avg_yearly": 0.69,
            "eps_latest_yearly": 0.4,
            "eps_growth_yearly": 1339.08
        },
        "20081": {
            "year_quarter": 20081,
            "year": 2008,
            "quarter": 1,
            "eps": -0.36,
            "eps_growth_year": -216.13,
            "eps_4q": -0.57,
            "eps_4q_growth_year": -168.74,
            "roe": -3.63,
            "roe_4q": -5.69,
            "gross_profit": 21293,
            "gross_margin": 19.8,
            "gross_margin_4q_avg": 16.54,
            "net_income": -17583,
            "net_income_4q": null,
            "revenue": 107530,
            "revenue_4q": null,
            "common_shares": 487669,
            "book_valuer_per_share": 9.75,
            "book_valuer_per_share_4q_avg": 10.2,
            "equity": 475307,
            "current_ratio": 267.53,
            "debt_ratio": 25.74,
            "inventory_turnover_ratio": 0.89,
            "account_receivable_turnover_ratio": null,
            "reinvestment_rate": null,
            "research_to_sale_ratio": null,
            "price_fair": 24.03,
            "eps_avg_yearly": 0.69,
            "eps_latest_yearly": 0.4,
            "eps_growth_yearly": 1339.08
        },
        "20082": {
            "year_quarter": 20082,
            "year": 2008,
            "quarter": 2,
            "eps": -0.28,
            "eps_growth_year": -411.11,
            "eps_4q": -0.94,
            "eps_4q_growth_year": -227.27,
            "roe": -2.89,
            "roe_4q": -9.44,
            "gross_profit": 7321,
            "gross_margin": 6.78,
            "gross_margin_4q_avg": 14.21,
            "net_income": -13574,
            "net_income_4q": null,
            "revenue": 107999,
            "revenue_4q": null,
            "common_shares": 487669,
            "book_valuer_per_share": 9.51,
            "book_valuer_per_share_4q_avg": 9.98,
            "equity": 463776,
            "current_ratio": 288.69,
            "debt_ratio": 25.63,
            "inventory_turnover_ratio": 1.19,
            "account_receivable_turnover_ratio": null,
            "reinvestment_rate": null,
            "research_to_sale_ratio": null,
            "price_fair": 24.03,
            "eps_avg_yearly": 0.69,
            "eps_latest_yearly": 0.4,
            "eps_growth_yearly": 1339.08
        },
        "20083": {
            "year_quarter": 20083,
            "year": 2008,
            "quarter": 3,
            "eps": -0.1,
            "eps_growth_year": -200,
            "eps_4q": -1.13,
            "eps_4q_growth_year": -285.56,
            "roe": -1.03,
            "roe_4q": -11.4,
            "gross_profit": 21094,
            "gross_margin": 15.81,
            "gross_margin_4q_avg": 14.38,
            "net_income": -4800,
            "net_income_4q": null,
            "revenue": 133461,
            "revenue_4q": null,
            "common_shares": 487669,
            "book_valuer_per_share": 9.52,
            "book_valuer_per_share_4q_avg": 9.73,
            "equity": 464191,
            "current_ratio": 210.98,
            "debt_ratio": 32.98,
            "inventory_turnover_ratio": 1.39,
            "account_receivable_turnover_ratio": null,
            "reinvestment_rate": null,
            "research_to_sale_ratio": null,
            "price_fair": 24.03,
            "eps_avg_yearly": 0.69,
            "eps_latest_yearly": 0.4,
            "eps_growth_yearly": 1339.08
        },
        "20084": {
            "year_quarter": 20084,
            "year": 2008,
            "quarter": 4,
            "eps": -0.47,
            "eps_growth_year": null,
            "eps_4q": -1.21,
            "eps_4q_growth_year": -1310,
            "roe": -5.07,
            "roe_4q": -12.620000000000001,
            "gross_profit": 11896,
            "gross_margin": 10.65,
            "gross_margin_4q_avg": 13.26,
            "net_income": -23010,
            "net_income_4q": null,
            "revenue": 111678,
            "revenue_4q": null,
            "common_shares": 487669,
            "book_valuer_per_share": 9.1,
            "book_valuer_per_share_4q_avg": 9.47,
            "equity": 443730,
            "current_ratio": 230.58,
            "debt_ratio": 28.46,
            "inventory_turnover_ratio": 1.26,
            "account_receivable_turnover_ratio": 1.84,
            "reinvestment_rate": null,
            "research_to_sale_ratio": null,
            "price_fair": 24.03,
            "eps_avg_yearly": 0.69,
            "eps_latest_yearly": 0.4,
            "eps_growth_yearly": 1339.08
        },
        "20091": {
            "year_quarter": 20091,
            "year": 2009,
            "quarter": 1,
            "eps": -0.24,
            "eps_growth_year": null,
            "eps_4q": -1.08,
            "eps_4q_growth_year": null,
            "roe": -2.62,
            "roe_4q": -11.610000000000001,
            "gross_profit": 12826,
            "gross_margin": 13.81,
            "gross_margin_4q_avg": 11.76,
            "net_income": -11509,
            "net_income_4q": null,
            "revenue": 92853,
            "revenue_4q": null,
            "common_shares": 487669,
            "book_valuer_per_share": 8.94,
            "book_valuer_per_share_4q_avg": 9.27,
            "equity": 435815,
            "current_ratio": 274.89,
            "debt_ratio": 23.14,
            "inventory_turnover_ratio": 1.15,
            "account_receivable_turnover_ratio": 0.91,
            "reinvestment_rate": null,
            "research_to_sale_ratio": null,
            "price_fair": 24.03,
            "eps_avg_yearly": 0.69,
            "eps_latest_yearly": 0.4,
            "eps_growth_yearly": 1339.08
        },
        "20092": {
            "year_quarter": 20092,
            "year": 2009,
            "quarter": 2,
            "eps": -0.15,
            "eps_growth_year": null,
            "eps_4q": -0.95,
            "eps_4q_growth_year": null,
            "roe": -1.67,
            "roe_4q": -10.389999999999999,
            "gross_profit": 17165,
            "gross_margin": 18.87,
            "gross_margin_4q_avg": 14.79,
            "net_income": -7203,
            "net_income_4q": null,
            "revenue": 90952,
            "revenue_4q": null,
            "common_shares": 487669,
            "book_valuer_per_share": 8.71,
            "book_valuer_per_share_4q_avg": 9.07,
            "equity": 424982,
            "current_ratio": 319.7,
            "debt_ratio": 20.02,
            "inventory_turnover_ratio": 1.24,
            "account_receivable_turnover_ratio": 1.22,
            "reinvestment_rate": null,
            "research_to_sale_ratio": null,
            "price_fair": 24.03,
            "eps_avg_yearly": 0.69,
            "eps_latest_yearly": 0.4,
            "eps_growth_yearly": 1339.08
        },
        "20093": {
            "year_quarter": 20093,
            "year": 2009,
            "quarter": 3,
            "eps": 0.38,
            "eps_growth_year": null,
            "eps_4q": -0.61,
            "eps_4q_growth_year": null,
            "roe": 3.7,
            "roe_4q": -5.66,
            "gross_profit": 25155,
            "gross_margin": 29.89,
            "gross_margin_4q_avg": 18.31,
            "net_income": 16026,
            "net_income_4q": null,
            "revenue": 84153,
            "revenue_4q": null,
            "common_shares": 425735,
            "book_valuer_per_share": 10.34,
            "book_valuer_per_share_4q_avg": 9.27,
            "equity": 440315,
            "current_ratio": 387.34,
            "debt_ratio": 16.7,
            "inventory_turnover_ratio": 1.37,
            "account_receivable_turnover_ratio": 1.28,
            "reinvestment_rate": null,
            "research_to_sale_ratio": null,
            "price_fair": 24.03,
            "eps_avg_yearly": 0.69,
            "eps_latest_yearly": 0.4,
            "eps_growth_yearly": 1339.08
        },
        "20094": {
            "year_quarter": 20094,
            "year": 2009,
            "quarter": 4,
            "eps": 0.81,
            "eps_growth_year": null,
            "eps_4q": 0.62,
            "eps_4q_growth_year": null,
            "roe": 6.87,
            "roe_4q": 6.28,
            "gross_profit": 14111,
            "gross_margin": 14.17,
            "gross_margin_4q_avg": 19.19,
            "net_income": 35230,
            "net_income_4q": null,
            "revenue": 99600,
            "revenue_4q": null,
            "common_shares": 526865,
            "book_valuer_per_share": 11.11,
            "book_valuer_per_share_4q_avg": 9.78,
            "equity": 585571,
            "current_ratio": 613.29,
            "debt_ratio": 14.6,
            "inventory_turnover_ratio": 2.59,
            "account_receivable_turnover_ratio": 2.62,
            "reinvestment_rate": 683.39,
            "research_to_sale_ratio": null,
            "price_fair": 36.8,
            "eps_avg_yearly": 1.05,
            "eps_latest_yearly": 3.24,
            "eps_growth_yearly": 1212.45
        },
        "20101": {
            "year_quarter": 20101,
            "year": 2010,
            "quarter": 1,
            "eps": -0.26,
            "eps_growth_year": null,
            "eps_4q": 0.57,
            "eps_4q_growth_year": null,
            "roe": -2.41,
            "roe_4q": 6.49,
            "gross_profit": 67146,
            "gross_margin": 13.92,
            "gross_margin_4q_avg": 19.21,
            "net_income": -13930,
            "net_income_4q": null,
            "revenue": 482438,
            "revenue_4q": null,
            "common_shares": 526865,
            "book_valuer_per_share": 10.79,
            "book_valuer_per_share_4q_avg": 10.24,
            "equity": 568693,
            "current_ratio": 132.27,
            "debt_ratio": 62.77,
            "inventory_turnover_ratio": 3.18,
            "account_receivable_turnover_ratio": 1.84,
            "reinvestment_rate": null,
            "research_to_sale_ratio": 2.68,
            "price_fair": 36.8,
            "eps_avg_yearly": 1.05,
            "eps_latest_yearly": 3.24,
            "eps_growth_yearly": 1212.45
        },
        "20102": {
            "year_quarter": 20102,
            "year": 2010,
            "quarter": 2,
            "eps": 0.36,
            "eps_growth_year": null,
            "eps_4q": 0.88,
            "eps_4q_growth_year": null,
            "roe": 3.74,
            "roe_4q": 11.899999999999999,
            "gross_profit": 77637,
            "gross_margin": 13.61,
            "gross_margin_4q_avg": 17.9,
            "net_income": 26500,
            "net_income_4q": null,
            "revenue": 570349,
            "revenue_4q": null,
            "common_shares": 726865,
            "book_valuer_per_share": 11.68,
            "book_valuer_per_share_4q_avg": 10.98,
            "equity": 848943,
            "current_ratio": 159.17,
            "debt_ratio": 52.07,
            "inventory_turnover_ratio": 2.05,
            "account_receivable_turnover_ratio": 1.05,
            "reinvestment_rate": 5120.87,
            "research_to_sale_ratio": -0.01,
            "price_fair": 38.27,
            "eps_avg_yearly": 1.09,
            "eps_latest_yearly": 3.24,
            "eps_growth_yearly": 147.85
        },
        "20103": {
            "year_quarter": 20103,
            "year": 2010,
            "quarter": 3,
            "eps": -0.04,
            "eps_growth_year": -111.34,
            "eps_4q": 0.61,
            "eps_4q_growth_year": null,
            "roe": -0.37,
            "roe_4q": 7.83,
            "gross_profit": 77890,
            "gross_margin": 13.99,
            "gross_margin_4q_avg": 13.92,
            "net_income": -3131,
            "net_income_4q": null,
            "revenue": 556931,
            "revenue_4q": null,
            "common_shares": 726865,
            "book_valuer_per_share": 11.53,
            "book_valuer_per_share_4q_avg": 11.28,
            "equity": 838223,
            "current_ratio": 165.83,
            "debt_ratio": 49.08,
            "inventory_turnover_ratio": 1.6,
            "account_receivable_turnover_ratio": 0.9,
            "reinvestment_rate": null,
            "research_to_sale_ratio": 4.65,
            "price_fair": 39.48,
            "eps_avg_yearly": 1.13,
            "eps_latest_yearly": 3.24,
            "eps_growth_yearly": 165.42
        },
        "20104": {
            "year_quarter": 20104,
            "year": 2010,
            "quarter": 4,
            "eps": -0.68,
            "eps_growth_year": -183.92,
            "eps_4q": -0.55,
            "eps_4q_growth_year": -189.02,
            "roe": -6.14,
            "roe_4q": -5.18,
            "gross_profit": 38820,
            "gross_margin": 7.89,
            "gross_margin_4q_avg": 12.35,
            "net_income": -49409,
            "net_income_4q": null,
            "revenue": 492321,
            "revenue_4q": null,
            "common_shares": 726865,
            "book_valuer_per_share": 10.61,
            "book_valuer_per_share_4q_avg": 11.15,
            "equity": 770929,
            "current_ratio": 169.73,
            "debt_ratio": 46.9,
            "inventory_turnover_ratio": 1.53,
            "account_receivable_turnover_ratio": 0.89,
            "reinvestment_rate": null,
            "research_to_sale_ratio": 3.07,
            "price_fair": 45.85,
            "eps_avg_yearly": 1.31,
            "eps_latest_yearly": 3.24,
            "eps_growth_yearly": 263.3
        },
        "20111": {
            "year_quarter": 20111,
            "year": 2011,
            "quarter": 1,
            "eps": -0.31,
            "eps_growth_year": null,
            "eps_4q": -0.67,
            "eps_4q_growth_year": -216.8,
            "roe": -2.95,
            "roe_4q": -5.719999999999999,
            "gross_profit": 27522,
            "gross_margin": 6.77,
            "gross_margin_4q_avg": 10.57,
            "net_income": -22500,
            "net_income_4q": null,
            "revenue": 406629,
            "revenue_4q": null,
            "common_shares": 726865,
            "book_valuer_per_share": 10.38,
            "book_valuer_per_share_4q_avg": 11.05,
            "equity": 754560,
            "current_ratio": 164.97,
            "debt_ratio": 48.22,
            "inventory_turnover_ratio": 1.49,
            "account_receivable_turnover_ratio": 0.84,
            "reinvestment_rate": null,
            "research_to_sale_ratio": 3.16,
            "price_fair": 46.67,
            "eps_avg_yearly": 1.33,
            "eps_latest_yearly": 3.24,
            "eps_growth_yearly": 71.07
        },
        "20112": {
            "year_quarter": 20112,
            "year": 2011,
            "quarter": 2,
            "eps": -0.55,
            "eps_growth_year": -250.43,
            "eps_4q": -1.58,
            "eps_4q_growth_year": -280.03,
            "roe": -5.44,
            "roe_4q": -14.9,
            "gross_profit": 37142,
            "gross_margin": 8.62,
            "gross_margin_4q_avg": 9.32,
            "net_income": -39863,
            "net_income_4q": null,
            "revenue": 430744,
            "revenue_4q": null,
            "common_shares": 726865,
            "book_valuer_per_share": 9.8,
            "book_valuer_per_share_4q_avg": 10.58,
            "equity": 712075,
            "current_ratio": 164.67,
            "debt_ratio": 47.69,
            "inventory_turnover_ratio": 1.61,
            "account_receivable_turnover_ratio": 1,
            "reinvestment_rate": null,
            "research_to_sale_ratio": 3.42,
            "price_fair": 63.7,
            "eps_avg_yearly": 1.82,
            "eps_latest_yearly": 3.24,
            "eps_growth_yearly": 248.54
        },
        "20113": {
            "year_quarter": 20113,
            "year": 2011,
            "quarter": 3,
            "eps": -0.16,
            "eps_growth_year": null,
            "eps_4q": -1.7,
            "eps_4q_growth_year": -376.05,
            "roe": -1.61,
            "roe_4q": -16.14,
            "gross_profit": 40556,
            "gross_margin": 8.77,
            "gross_margin_4q_avg": 8.01,
            "net_income": -11535,
            "net_income_4q": null,
            "revenue": 462507,
            "revenue_4q": null,
            "common_shares": 726865,
            "book_valuer_per_share": 9.92,
            "book_valuer_per_share_4q_avg": 10.18,
            "equity": 721113,
            "current_ratio": 163.37,
            "debt_ratio": 48.1,
            "inventory_turnover_ratio": 1.99,
            "account_receivable_turnover_ratio": 1.04,
            "reinvestment_rate": null,
            "research_to_sale_ratio": 3.11,
            "price_fair": 113.4,
            "eps_avg_yearly": 3.24,
            "eps_latest_yearly": 3.24,
            "eps_growth_yearly": 452.63
        },
        "20114": {
            "year_quarter": 20114,
            "year": 2011,
            "quarter": 4,
            "eps": -0.08,
            "eps_growth_year": null,
            "eps_4q": -1.1,
            "eps_4q_growth_year": null,
            "roe": -0.79,
            "roe_4q": -10.790000000000001,
            "gross_profit": 59277,
            "gross_margin": 13.14,
            "gross_margin_4q_avg": 9.33,
            "net_income": -5714,
            "net_income_4q": null,
            "revenue": 451058,
            "revenue_4q": null,
            "common_shares": 726865,
            "book_valuer_per_share": 9.86,
            "book_valuer_per_share_4q_avg": 9.99,
            "equity": 716683,
            "current_ratio": 162.08,
            "debt_ratio": 48.93,
            "inventory_turnover_ratio": 1.86,
            "account_receivable_turnover_ratio": 0.94,
            "reinvestment_rate": null,
            "research_to_sale_ratio": 2.84,
            "price_fair": 113.4,
            "eps_avg_yearly": 3.24,
            "eps_latest_yearly": 3.24,
            "eps_growth_yearly": 452.63
        },
        "20121": {
            "year_quarter": 20121,
            "year": 2012,
            "quarter": 1,
            "eps": 0.04,
            "eps_growth_year": null,
            "eps_4q": -0.75,
            "eps_4q_growth_year": null,
            "roe": 0.36,
            "roe_4q": -7.48,
            "gross_profit": 65652,
            "gross_margin": 13.18,
            "gross_margin_4q_avg": 10.93,
            "net_income": 2575,
            "net_income_4q": null,
            "revenue": 498010,
            "revenue_4q": null,
            "common_shares": 726865,
            "book_valuer_per_share": 9.79,
            "book_valuer_per_share_4q_avg": 9.84,
            "equity": 711793,
            "current_ratio": 151.77,
            "debt_ratio": 53.45,
            "inventory_turnover_ratio": 1.74,
            "account_receivable_turnover_ratio": 0.99,
            "reinvestment_rate": null,
            "research_to_sale_ratio": 2.63,
            "price_fair": 113.4,
            "eps_avg_yearly": 3.24,
            "eps_latest_yearly": 3.24,
            "eps_growth_yearly": 452.63
        },
        "20122": {
            "year_quarter": 20122,
            "year": 2012,
            "quarter": 2,
            "eps": 0.28,
            "eps_growth_year": null,
            "eps_4q": 0.08,
            "eps_4q_growth_year": null,
            "roe": 2.82,
            "roe_4q": 0.7799999999999996,
            "gross_profit": 83093,
            "gross_margin": 14.96,
            "gross_margin_4q_avg": 12.51,
            "net_income": 20368,
            "net_income_4q": null,
            "revenue": 555498,
            "revenue_4q": null,
            "common_shares": 726865,
            "book_valuer_per_share": 10.09,
            "book_valuer_per_share_4q_avg": 9.92,
            "equity": 733444,
            "current_ratio": 150.51,
            "debt_ratio": 54.74,
            "inventory_turnover_ratio": 1.78,
            "account_receivable_turnover_ratio": 0.99,
            "reinvestment_rate": null,
            "research_to_sale_ratio": 2.37,
            "price_fair": 76.3,
            "eps_avg_yearly": 2.18,
            "eps_latest_yearly": 1.12,
            "eps_growth_yearly": 1426.32
        },
        "20123": {
            "year_quarter": 20123,
            "year": 2012,
            "quarter": 3,
            "eps": 0.19,
            "eps_growth_year": null,
            "eps_4q": 0.42,
            "eps_4q_growth_year": null,
            "roe": 1.84,
            "roe_4q": 4.23,
            "gross_profit": 80055,
            "gross_margin": 14.66,
            "gross_margin_4q_avg": 13.99,
            "net_income": 13585,
            "net_income_4q": null,
            "revenue": 546094,
            "revenue_4q": null,
            "common_shares": 726865,
            "book_valuer_per_share": 10.24,
            "book_valuer_per_share_4q_avg": 10,
            "equity": 744101,
            "current_ratio": 157.05,
            "debt_ratio": 51.95,
            "inventory_turnover_ratio": 1.81,
            "account_receivable_turnover_ratio": 0.95,
            "reinvestment_rate": null,
            "research_to_sale_ratio": 2.54,
            "price_fair": 59.73,
            "eps_avg_yearly": 1.71,
            "eps_latest_yearly": 0.76,
            "eps_growth_yearly": 908.02
        },
        "20124": {
            "year_quarter": 20124,
            "year": 2012,
            "quarter": 4,
            "eps": 0.01,
            "eps_growth_year": null,
            "eps_4q": 0.51,
            "eps_4q_growth_year": null,
            "roe": 0.07,
            "roe_4q": 5.090000000000001,
            "gross_profit": 73088,
            "gross_margin": 14.45,
            "gross_margin_4q_avg": 14.31,
            "net_income": 521,
            "net_income_4q": null,
            "revenue": 505840,
            "revenue_4q": null,
            "common_shares": 726865,
            "book_valuer_per_share": 10.25,
            "book_valuer_per_share_4q_avg": 10.09,
            "equity": 745888,
            "current_ratio": 160.16,
            "debt_ratio": 50.49,
            "inventory_turnover_ratio": 1.71,
            "account_receivable_turnover_ratio": 0.95,
            "reinvestment_rate": null,
            "research_to_sale_ratio": 2.86,
            "price_fair": 45.15,
            "eps_avg_yearly": 1.29,
            "eps_latest_yearly": 0.04,
            "eps_growth_yearly": 586.28
        },
        "20131": {
            "year_quarter": 20131,
            "year": 2013,
            "quarter": 1,
            "eps": 0.02,
            "eps_growth_year": -50,
            "eps_4q": 0.49,
            "eps_4q_growth_year": null,
            "roe": 0.06,
            "roe_4q": 4.79,
            "gross_profit": 66257,
            "gross_margin": 14.78,
            "gross_margin_4q_avg": 14.71,
            "net_income": 487,
            "net_income_4q": null,
            "revenue": 448416,
            "revenue_4q": null,
            "common_shares": 726865,
            "book_valuer_per_share": 10.45,
            "book_valuer_per_share_4q_avg": 10.26,
            "equity": 759754,
            "current_ratio": 166.07,
            "debt_ratio": 47.84,
            "inventory_turnover_ratio": 1.43,
            "account_receivable_turnover_ratio": 0.9,
            "reinvestment_rate": null,
            "research_to_sale_ratio": 3.06,
            "price_fair": 36.68,
            "eps_avg_yearly": 1.05,
            "eps_latest_yearly": 0.08,
            "eps_growth_yearly": 549.02
        },
        "20132": {
            "year_quarter": 20132,
            "year": 2013,
            "quarter": 2,
            "eps": -0.14,
            "eps_growth_year": -149.96,
            "eps_4q": 0.07,
            "eps_4q_growth_year": -11.63,
            "roe": -1.47,
            "roe_4q": 0.5000000000000002,
            "gross_profit": 68130,
            "gross_margin": 13.62,
            "gross_margin_4q_avg": 14.38,
            "net_income": -11088,
            "net_income_4q": null,
            "revenue": 500198,
            "revenue_4q": null,
            "common_shares": 726865,
            "book_valuer_per_share": 10.37,
            "book_valuer_per_share_4q_avg": 10.33,
            "equity": 753203,
            "current_ratio": 155.56,
            "debt_ratio": 51.79,
            "inventory_turnover_ratio": 1.59,
            "account_receivable_turnover_ratio": 0.95,
            "reinvestment_rate": null,
            "research_to_sale_ratio": 3.52,
            "price_fair": 36.68,
            "eps_avg_yearly": 1.05,
            "eps_latest_yearly": 0.08,
            "eps_growth_yearly": 549.02
        },
        "20133": {
            "year_quarter": 20133,
            "year": 2013,
            "quarter": 3,
            "eps": -0.27,
            "eps_growth_year": -244.46,
            "eps_4q": -0.39,
            "eps_4q_growth_year": -191.21,
            "roe": -2.73,
            "roe_4q": -4.07,
            "gross_profit": 55640,
            "gross_margin": 11.63,
            "gross_margin_4q_avg": 13.62,
            "net_income": -20239,
            "net_income_4q": null,
            "revenue": 478343,
            "revenue_4q": null,
            "common_shares": 726865,
            "book_valuer_per_share": 10.06,
            "book_valuer_per_share_4q_avg": 10.28,
            "equity": 729471,
            "current_ratio": 160.96,
            "debt_ratio": 49.14,
            "inventory_turnover_ratio": 1.74,
            "account_receivable_turnover_ratio": 0.86,
            "reinvestment_rate": null,
            "research_to_sale_ratio": 3.63,
            "price_fair": 36.68,
            "eps_avg_yearly": 1.05,
            "eps_latest_yearly": 0.08,
            "eps_growth_yearly": 549.02
        },
        "20134": {
            "year_quarter": 20134,
            "year": 2013,
            "quarter": 4,
            "eps": -0.16,
            "eps_growth_year": -2387.44,
            "eps_4q": -0.56,
            "eps_4q_growth_year": -209.43,
            "roe": -1.71,
            "roe_4q": -5.85,
            "gross_profit": 47608,
            "gross_margin": 10.9,
            "gross_margin_4q_avg": 12.73,
            "net_income": -12422,
            "net_income_4q": null,
            "revenue": 436936,
            "revenue_4q": null,
            "common_shares": 726865,
            "book_valuer_per_share": 10.01,
            "book_valuer_per_share_4q_avg": 10.22,
            "equity": 725328,
            "current_ratio": 152.59,
            "debt_ratio": 52.26,
            "inventory_turnover_ratio": 1.58,
            "account_receivable_turnover_ratio": 0.81,
            "reinvestment_rate": null,
            "research_to_sale_ratio": 3.7,
            "price_fair": 17.5,
            "eps_avg_yearly": 0.5,
            "eps_latest_yearly": 0.08,
            "eps_growth_yearly": 573.12
        },
        "20141": {
            "year_quarter": 20141,
            "year": 2014,
            "quarter": 1,
            "eps": 0.19,
            "eps_growth_year": 850,
            "eps_4q": -0.39,
            "eps_4q_growth_year": -178.52,
            "roe": 1.78,
            "roe_4q": -4.13,
            "gross_profit": 74255,
            "gross_margin": 12.93,
            "gross_margin_4q_avg": 12.27,
            "net_income": 13031,
            "net_income_4q": null,
            "revenue": 574334,
            "revenue_4q": null,
            "common_shares": 726865,
            "book_valuer_per_share": 10.18,
            "book_valuer_per_share_4q_avg": 10.16,
            "equity": 737174,
            "current_ratio": 148.87,
            "debt_ratio": 54.84,
            "inventory_turnover_ratio": 1.84,
            "account_receivable_turnover_ratio": 0.94,
            "reinvestment_rate": null,
            "research_to_sale_ratio": 2.64,
            "price_fair": 17.5,
            "eps_avg_yearly": 0.5,
            "eps_latest_yearly": 0.08,
            "eps_growth_yearly": 573.12
        },
        "20142": {
            "year_quarter": 20142,
            "year": 2014,
            "quarter": 2,
            "eps": 0.5,
            "eps_growth_year": null,
            "eps_4q": 0.26,
            "eps_4q_growth_year": 273.41,
            "roe": 4.85,
            "roe_4q": 2.19,
            "gross_profit": 108539,
            "gross_margin": 17.38,
            "gross_margin_4q_avg": 13.21,
            "net_income": 36538,
            "net_income_4q": null,
            "revenue": 624684,
            "revenue_4q": null,
            "common_shares": 726865,
            "book_valuer_per_share": 10.61,
            "book_valuer_per_share_4q_avg": 10.22,
            "equity": 768294,
            "current_ratio": 152.21,
            "debt_ratio": 53.83,
            "inventory_turnover_ratio": 2.02,
            "account_receivable_turnover_ratio": 0.86,
            "reinvestment_rate": null,
            "research_to_sale_ratio": 2.55,
            "price_fair": 28,
            "eps_avg_yearly": 0.8,
            "eps_latest_yearly": 2,
            "eps_growth_yearly": 589.02
        },
        "20143": {
            "year_quarter": 20143,
            "year": 2014,
            "quarter": 3,
            "eps": 0.37,
            "eps_growth_year": null,
            "eps_4q": 0.9,
            "eps_4q_growth_year": null,
            "roe": 3.43,
            "roe_4q": 8.349999999999998,
            "gross_profit": 96034,
            "gross_margin": 17.22,
            "gross_margin_4q_avg": 14.61,
            "net_income": 26948,
            "net_income_4q": null,
            "revenue": 557695,
            "revenue_4q": null,
            "common_shares": 726865,
            "book_valuer_per_share": 11.08,
            "book_valuer_per_share_4q_avg": 10.47,
            "equity": 803049,
            "current_ratio": 162.02,
            "debt_ratio": 50.55,
            "inventory_turnover_ratio": 2.02,
            "account_receivable_turnover_ratio": 0.73,
            "reinvestment_rate": null,
            "research_to_sale_ratio": 3.05,
            "price_fair": 31.97,
            "eps_avg_yearly": 0.91,
            "eps_latest_yearly": 1.48,
            "eps_growth_yearly": 473.52
        },
        "20144": {
            "year_quarter": 20144,
            "year": 2014,
            "quarter": 4,
            "eps": 0.15,
            "eps_growth_year": null,
            "eps_4q": 1.21,
            "eps_4q_growth_year": null,
            "roe": 1.31,
            "roe_4q": 11.37,
            "gross_profit": 71684,
            "gross_margin": 15.27,
            "gross_margin_4q_avg": 15.7,
            "net_income": 10718,
            "net_income_4q": null,
            "revenue": 469592,
            "revenue_4q": null,
            "common_shares": 726865,
            "book_valuer_per_share": 11.58,
            "book_valuer_per_share_4q_avg": 10.86,
            "equity": 838846,
            "current_ratio": 173.78,
            "debt_ratio": 48.02,
            "inventory_turnover_ratio": 1.65,
            "account_receivable_turnover_ratio": 0.68,
            "reinvestment_rate": -5061.4,
            "research_to_sale_ratio": 3.28,
            "price_fair": 30.4,
            "eps_avg_yearly": 0.87,
            "eps_latest_yearly": 0.6,
            "eps_growth_yearly": 371.9
        },
        "20151": {
            "year_quarter": 20151,
            "year": 2015,
            "quarter": 1,
            "eps": 0.11,
            "eps_growth_year": -42.11,
            "eps_4q": 1.13,
            "eps_4q_growth_year": null,
            "roe": 0.95,
            "roe_4q": 10.54,
            "gross_profit": 76164,
            "gross_margin": 16.04,
            "gross_margin_4q_avg": 16.48,
            "net_income": 8003,
            "net_income_4q": null,
            "revenue": 474863,
            "revenue_4q": null,
            "common_shares": 726865,
            "book_valuer_per_share": 11.64,
            "book_valuer_per_share_4q_avg": 11.23,
            "equity": 843365,
            "current_ratio": 173.99,
            "debt_ratio": 48.1,
            "inventory_turnover_ratio": 1.47,
            "account_receivable_turnover_ratio": 0.8,
            "reinvestment_rate": -716.94,
            "research_to_sale_ratio": 3.17,
            "price_fair": 28.53,
            "eps_avg_yearly": 0.82,
            "eps_latest_yearly": 0.44,
            "eps_growth_yearly": 312.08
        },
        "20152": {
            "year_quarter": 20152,
            "year": 2015,
            "quarter": 2,
            "eps": 0.52,
            "eps_growth_year": 4,
            "eps_4q": 1.15,
            "eps_4q_growth_year": 345.64,
            "roe": 4.58,
            "roe_4q": 10.27,
            "gross_profit": 86564,
            "gross_margin": 15.93,
            "gross_margin_4q_avg": 16.12,
            "net_income": 38074,
            "net_income_4q": null,
            "revenue": 543554,
            "revenue_4q": null,
            "common_shares": 726865,
            "book_valuer_per_share": 11.3,
            "book_valuer_per_share_4q_avg": 11.4,
            "equity": 818733,
            "current_ratio": 171.88,
            "debt_ratio": 48.52,
            "inventory_turnover_ratio": 1.79,
            "account_receivable_turnover_ratio": 0.91,
            "reinvestment_rate": -196.48,
            "research_to_sale_ratio": 3.44,
            "price_fair": 33.44,
            "eps_avg_yearly": 0.96,
            "eps_latest_yearly": 2.08,
            "eps_growth_yearly": 443.06
        },
        "20153": {
            "year_quarter": 20153,
            "year": 2015,
            "quarter": 3,
            "eps": 0.56,
            "eps_growth_year": 51.35,
            "eps_4q": 1.36,
            "eps_4q_growth_year": 51.72,
            "roe": 4.87,
            "roe_4q": 11.709999999999999,
            "gross_profit": 105118,
            "gross_margin": 20.57,
            "gross_margin_4q_avg": 16.95,
            "net_income": 40973,
            "net_income_4q": null,
            "revenue": 510903,
            "revenue_4q": null,
            "common_shares": 726865,
            "book_valuer_per_share": 12.06,
            "book_valuer_per_share_4q_avg": 11.65,
            "equity": 863830,
            "current_ratio": 179.06,
            "debt_ratio": 47.33,
            "inventory_turnover_ratio": 1.68,
            "account_receivable_turnover_ratio": 0.77,
            "reinvestment_rate": -139.49,
            "research_to_sale_ratio": 3.68,
            "price_fair": 37.94,
            "eps_avg_yearly": 1.08,
            "eps_latest_yearly": 2.24,
            "eps_growth_yearly": 401.83
        },
        "20154": {
            "year_quarter": 20154,
            "year": 2015,
            "quarter": 4,
            "eps": 0.39,
            "eps_growth_year": 161.45,
            "eps_4q": 1.61,
            "eps_4q_growth_year": 32.82,
            "roe": 3.18,
            "roe_4q": 13.58,
            "gross_profit": 90663,
            "gross_margin": 20.1,
            "gross_margin_4q_avg": 18.16,
            "net_income": 27726,
            "net_income_4q": null,
            "revenue": 451110,
            "revenue_4q": null,
            "common_shares": 726865,
            "book_valuer_per_share": 12.34,
            "book_valuer_per_share_4q_avg": 11.84,
            "equity": 878895,
            "current_ratio": 190.93,
            "debt_ratio": 43.85,
            "inventory_turnover_ratio": 1.43,
            "account_receivable_turnover_ratio": 0.7,
            "reinvestment_rate": -115.3,
            "research_to_sale_ratio": 4.43,
            "price_fair": 39.45,
            "eps_avg_yearly": 1.13,
            "eps_latest_yearly": 1.56,
            "eps_growth_yearly": 354.26
        },
        "20161": {
            "year_quarter": 20161,
            "year": 2016,
            "quarter": 1,
            "eps": 0.2,
            "eps_growth_year": 81.82,
            "eps_4q": 1.7,
            "eps_4q_growth_year": 50.08,
            "roe": 1.64,
            "roe_4q": 14.270000000000001,
            "gross_profit": 90899,
            "gross_margin": 22.52,
            "gross_margin_4q_avg": 19.78,
            "net_income": 14465,
            "net_income_4q": null,
            "revenue": 403638,
            "revenue_4q": null,
            "common_shares": 726865,
            "book_valuer_per_share": 12.39,
            "book_valuer_per_share_4q_avg": 12.02,
            "equity": 882780,
            "current_ratio": 199.54,
            "debt_ratio": 42.12,
            "inventory_turnover_ratio": 1.18,
            "account_receivable_turnover_ratio": 0.71,
            "reinvestment_rate": -113.82,
            "research_to_sale_ratio": 4.96,
            "price_fair": 38.5,
            "eps_avg_yearly": 1.1,
            "eps_latest_yearly": 0.8,
            "eps_growth_yearly": 308.5
        },
        "20162": {
            "year_quarter": 20162,
            "year": 2016,
            "quarter": 2,
            "eps": 0.34,
            "eps_growth_year": -34.62,
            "eps_4q": 1.5,
            "eps_4q_growth_year": 29.89,
            "roe": 2.9,
            "roe_4q": 12.59,
            "gross_profit": 85768,
            "gross_margin": 22.77,
            "gross_margin_4q_avg": 21.49,
            "net_income": 24427,
            "net_income_4q": null,
            "revenue": 376649,
            "revenue_4q": null,
            "common_shares": 726865,
            "book_valuer_per_share": 11.22,
            "book_valuer_per_share_4q_avg": 12,
            "equity": 802456,
            "current_ratio": 198.06,
            "debt_ratio": 42.12,
            "inventory_turnover_ratio": 1.19,
            "account_receivable_turnover_ratio": 0.73,
            "reinvestment_rate": -128.09,
            "research_to_sale_ratio": 5.5,
            "price_fair": 39.2,
            "eps_avg_yearly": 1.12,
            "eps_latest_yearly": 1.36,
            "eps_growth_yearly": 131.83
        },
        "20163": {
            "year_quarter": 20163,
            "year": 2016,
            "quarter": 3,
            "eps": 0.14,
            "eps_growth_year": -75,
            "eps_4q": 1.07,
            "eps_4q_growth_year": -21.62,
            "roe": 1.28,
            "roe_4q": 9,
            "gross_profit": 68660,
            "gross_margin": 21.48,
            "gross_margin_4q_avg": 21.72,
            "net_income": 10227,
            "net_income_4q": null,
            "revenue": 319590,
            "revenue_4q": null,
            "common_shares": 726865,
            "book_valuer_per_share": 11.1,
            "book_valuer_per_share_4q_avg": 11.76,
            "equity": 794189,
            "current_ratio": 224.16,
            "debt_ratio": 36.86,
            "inventory_turnover_ratio": 1.15,
            "account_receivable_turnover_ratio": 0.73,
            "reinvestment_rate": -153.68,
            "research_to_sale_ratio": 5.92,
            "price_fair": 38.62,
            "eps_avg_yearly": 1.1,
            "eps_latest_yearly": 0.56,
            "eps_growth_yearly": 122.94
        },
        "20164": {
            "year_quarter": 20164,
            "year": 2016,
            "quarter": 4,
            "eps": 0.43,
            "eps_growth_year": 12.28,
            "eps_4q": 1.12,
            "eps_4q_growth_year": -30.5,
            "roe": 3.88,
            "roe_4q": 9.700000000000001,
            "gross_profit": 80023,
            "gross_margin": 22.66,
            "gross_margin_4q_avg": 22.36,
            "net_income": 31246,
            "net_income_4q": null,
            "revenue": 353222,
            "revenue_4q": null,
            "common_shares": 726865,
            "book_valuer_per_share": 11.41,
            "book_valuer_per_share_4q_avg": 11.53,
            "equity": 816438,
            "current_ratio": 224.43,
            "debt_ratio": 37.35,
            "inventory_turnover_ratio": 1.26,
            "account_receivable_turnover_ratio": 0.87,
            "reinvestment_rate": -138.47,
            "research_to_sale_ratio": 5.27,
            "price_fair": 43.52,
            "eps_avg_yearly": 1.24,
            "eps_latest_yearly": 1.72,
            "eps_growth_yearly": 223.57
        },
        "20171": {
            "year_quarter": 20171,
            "year": 2017,
            "quarter": 1,
            "eps": 0.2,
            "eps_growth_year": 0,
            "eps_4q": 1.12,
            "eps_4q_growth_year": -34.22,
            "roe": 1.78,
            "roe_4q": 9.84,
            "gross_profit": 76194,
            "gross_margin": 22.15,
            "gross_margin_4q_avg": 22.27,
            "net_income": 14580,
            "net_income_4q": null,
            "revenue": 343948,
            "revenue_4q": null,
            "common_shares": 726865,
            "book_valuer_per_share": 11.44,
            "book_valuer_per_share_4q_avg": 11.29,
            "equity": 819034,
            "current_ratio": 229.99,
            "debt_ratio": 36.09,
            "inventory_turnover_ratio": 1.29,
            "account_receivable_turnover_ratio": 0.91,
            "reinvestment_rate": -18.47,
            "research_to_sale_ratio": 4.32,
            "price_fair": 45.62,
            "eps_avg_yearly": 1.3,
            "eps_latest_yearly": 0.8,
            "eps_growth_yearly": 172.4
        },
        "20172": {
            "year_quarter": 20172,
            "year": 2017,
            "quarter": 2,
            "eps": 0.25,
            "eps_growth_year": -26.47,
            "eps_4q": 1.03,
            "eps_4q_growth_year": -31.2,
            "roe": 2.3,
            "roe_4q": 9.24,
            "gross_profit": 76858,
            "gross_margin": 23.54,
            "gross_margin_4q_avg": 22.46,
            "net_income": 18325,
            "net_income_4q": null,
            "revenue": 326560,
            "revenue_4q": null,
            "common_shares": 726865,
            "book_valuer_per_share": 10.8,
            "book_valuer_per_share_4q_avg": 11.19,
            "equity": 773133,
            "current_ratio": 205.1,
            "debt_ratio": 40.68,
            "inventory_turnover_ratio": 1.21,
            "account_receivable_turnover_ratio": 0.86,
            "reinvestment_rate": -18.89,
            "research_to_sale_ratio": 4.6,
            "price_fair": 44.8,
            "eps_avg_yearly": 1.28,
            "eps_latest_yearly": 1,
            "eps_growth_yearly": 166.83
        },
        "20173": {
            "year_quarter": 20173,
            "year": 2017,
            "quarter": 3,
            "eps": 0.16,
            "eps_growth_year": 14.29,
            "eps_4q": 1.05,
            "eps_4q_growth_year": -1.52,
            "roe": 1.52,
            "roe_4q": 9.48,
            "gross_profit": 67123,
            "gross_margin": 21.64,
            "gross_margin_4q_avg": 22.5,
            "net_income": 11843,
            "net_income_4q": null,
            "revenue": 310110,
            "revenue_4q": null,
            "common_shares": 726865,
            "book_valuer_per_share": 11,
            "book_valuer_per_share_4q_avg": 11.16,
            "equity": 787289,
            "current_ratio": 251.85,
            "debt_ratio": 32.52,
            "inventory_turnover_ratio": 1.23,
            "account_receivable_turnover_ratio": 0.8,
            "reinvestment_rate": -17.7,
            "research_to_sale_ratio": 4.84,
            "price_fair": 43.2,
            "eps_avg_yearly": 1.23,
            "eps_latest_yearly": 0.64,
            "eps_growth_yearly": 144.63
        },
        "20174": {
            "year_quarter": 20174,
            "year": 2017,
            "quarter": 4,
            "eps": 0.09,
            "eps_growth_year": -80.27,
            "eps_4q": 0.7,
            "eps_4q_growth_year": -37.11,
            "roe": 0.75,
            "roe_4q": 6.3500000000000005,
            "gross_profit": 50344,
            "gross_margin": 19.68,
            "gross_margin_4q_avg": 21.75,
            "net_income": 5971,
            "net_income_4q": null,
            "revenue": 255809,
            "revenue_4q": null,
            "common_shares": 726865,
            "book_valuer_per_share": 11.15,
            "book_valuer_per_share_4q_avg": 11.1,
            "equity": 797873,
            "current_ratio": 255.51,
            "debt_ratio": 33.63,
            "inventory_turnover_ratio": 1.04,
            "account_receivable_turnover_ratio": 0.73,
            "reinvestment_rate": -41.69,
            "research_to_sale_ratio": 5.94,
            "price_fair": 41.16,
            "eps_avg_yearly": 1.18,
            "eps_latest_yearly": 0.36,
            "eps_growth_yearly": 123.32
        },
        "20181": {
            "year_quarter": 20181,
            "year": 2018,
            "quarter": 1,
            "eps": -0.2,
            "eps_growth_year": -200,
            "eps_4q": 0.3,
            "eps_4q_growth_year": -73.36,
            "roe": -1.84,
            "roe_4q": 2.7299999999999995,
            "gross_profit": 42359,
            "gross_margin": 16.77,
            "gross_margin_4q_avg": 20.41,
            "net_income": -14611,
            "net_income_4q": null,
            "revenue": 252514,
            "revenue_4q": null,
            "common_shares": 726865,
            "book_valuer_per_share": 11.05,
            "book_valuer_per_share_4q_avg": 11,
            "equity": 790973,
            "current_ratio": 264.83,
            "debt_ratio": 32.33,
            "inventory_turnover_ratio": 0.97,
            "account_receivable_turnover_ratio": 0.8,
            "reinvestment_rate": -41.96,
            "research_to_sale_ratio": 6.81,
            "price_fair": 41.16,
            "eps_avg_yearly": 1.18,
            "eps_latest_yearly": 0.36,
            "eps_growth_yearly": 123.32
        },
        "20182": {
            "year_quarter": 20182,
            "year": 2018,
            "quarter": 2,
            "eps": 0.01,
            "eps_growth_year": -96,
            "eps_4q": 0.05,
            "eps_4q_growth_year": -94.7,
            "roe": 0.11,
            "roe_4q": 0.54,
            "gross_profit": 45948,
            "gross_margin": 17.24,
            "gross_margin_4q_avg": 18.83,
            "net_income": 864,
            "net_income_4q": null,
            "revenue": 266571,
            "revenue_4q": null,
            "common_shares": 726865,
            "book_valuer_per_share": 10.5,
            "book_valuer_per_share_4q_avg": 10.93,
            "equity": 751548,
            "current_ratio": 256.03,
            "debt_ratio": 33.34,
            "inventory_turnover_ratio": 1.02,
            "account_receivable_turnover_ratio": 0.85,
            "reinvestment_rate": -48.65,
            "research_to_sale_ratio": 5.24,
            "price_fair": 39.1,
            "eps_avg_yearly": 1.12,
            "eps_latest_yearly": 0.36,
            "eps_growth_yearly": 85.51
        },
        "20183": {
            "year_quarter": 20183,
            "year": 2018,
            "quarter": 3,
            "eps": 0.01,
            "eps_growth_year": -93.75,
            "eps_4q": -0.12,
            "eps_4q_growth_year": -111.41,
            "roe": 0.14,
            "roe_4q": -0.8400000000000001,
            "gross_profit": 45335,
            "gross_margin": 19.51,
            "gross_margin_4q_avg": 18.3,
            "net_income": 964,
            "net_income_4q": null,
            "revenue": 232333,
            "revenue_4q": null,
            "common_shares": 581492,
            "book_valuer_per_share": 10.41,
            "book_valuer_per_share_4q_avg": 10.78,
            "equity": 595748,
            "current_ratio": 226.92,
            "debt_ratio": 36.22,
            "inventory_turnover_ratio": 0.92,
            "account_receivable_turnover_ratio": 0.74,
            "reinvestment_rate": -53.69,
            "research_to_sale_ratio": 5.9,
            "price_fair": 35.5,
            "eps_avg_yearly": 1.01,
            "eps_latest_yearly": 0.04,
            "eps_growth_yearly": 92.94
        },
        "20184": {
            "year_quarter": 20184,
            "year": 2018,
            "quarter": 4,
            "eps": 0.25,
            "eps_growth_year": 195.86,
            "eps_4q": 0.03,
            "eps_4q_growth_year": -96.21,
            "roe": 2.42,
            "roe_4q": 0.8299999999999998,
            "gross_profit": 62039,
            "gross_margin": 22.53,
            "gross_margin_4q_avg": 19.01,
            "net_income": 14638,
            "net_income_4q": null,
            "revenue": 275368,
            "revenue_4q": null,
            "common_shares": 574004,
            "book_valuer_per_share": 10.71,
            "book_valuer_per_share_4q_avg": 10.67,
            "equity": 613298,
            "current_ratio": 230.09,
            "debt_ratio": 36,
            "inventory_turnover_ratio": 1.13,
            "account_receivable_turnover_ratio": 0.88,
            "reinvestment_rate": -50.48,
            "research_to_sale_ratio": 5.79,
            "price_fair": 36.5,
            "eps_avg_yearly": 1.04,
            "eps_latest_yearly": 1,
            "eps_growth_yearly": 795.65
        },
        "20191": {
            "year_quarter": 20191,
            "year": 2019,
            "quarter": 1,
            "eps": 0.01,
            "eps_growth_year": null,
            "eps_4q": 0.3,
            "eps_4q_growth_year": -0.56,
            "roe": 0.11,
            "roe_4q": 2.78,
            "gross_profit": 57095,
            "gross_margin": 21.3,
            "gross_margin_4q_avg": 20.15,
            "net_income": 686,
            "net_income_4q": null,
            "revenue": 268045,
            "revenue_4q": null,
            "common_shares": 574004,
            "book_valuer_per_share": 10.89,
            "book_valuer_per_share_4q_avg": 10.63,
            "equity": 623249,
            "current_ratio": 222.49,
            "debt_ratio": 38.96,
            "inventory_turnover_ratio": 1.13,
            "account_receivable_turnover_ratio": 0.81,
            "reinvestment_rate": -49.06,
            "research_to_sale_ratio": 5.75,
            "price_fair": 35.5,
            "eps_avg_yearly": 1.01,
            "eps_latest_yearly": 0.04,
            "eps_growth_yearly": 775.84
        },
        "20192": {
            "year_quarter": 20192,
            "year": 2019,
            "quarter": 2,
            "eps": 0.07,
            "eps_growth_year": 600,
            "eps_4q": 0.35,
            "eps_4q_growth_year": 545.92,
            "roe": 0.65,
            "roe_4q": 3.32,
            "gross_profit": 51346,
            "gross_margin": 21,
            "gross_margin_4q_avg": 21.09,
            "net_income": 4035,
            "net_income_4q": null,
            "revenue": 244460,
            "revenue_4q": null,
            "common_shares": 574004,
            "book_valuer_per_share": 10.77,
            "book_valuer_per_share_4q_avg": 10.7,
            "equity": 616399,
            "current_ratio": 236.85,
            "debt_ratio": 36.37,
            "inventory_turnover_ratio": 1.07,
            "account_receivable_turnover_ratio": 0.75,
            "reinvestment_rate": -55.4,
            "research_to_sale_ratio": 5.81,
            "price_fair": 31,
            "eps_avg_yearly": 0.89,
            "eps_latest_yearly": 0.28,
            "eps_growth_yearly": 840.77
        },
        "20193": {
            "year_quarter": 20193,
            "year": 2019,
            "quarter": 3,
            "eps": 0.12,
            "eps_growth_year": 1100,
            "eps_4q": 0.45,
            "eps_4q_growth_year": null,
            "roe": 1.08,
            "roe_4q": 4.26,
            "gross_profit": 48959,
            "gross_margin": 22.09,
            "gross_margin_4q_avg": 21.73,
            "net_income": 6608,
            "net_income_4q": null,
            "revenue": 221663,
            "revenue_4q": null,
            "common_shares": 574004,
            "book_valuer_per_share": 10.62,
            "book_valuer_per_share_4q_avg": 10.75,
            "equity": 608261,
            "current_ratio": 242.72,
            "debt_ratio": 35.44,
            "inventory_turnover_ratio": 1.04,
            "account_receivable_turnover_ratio": 0.75,
            "reinvestment_rate": -67.9,
            "research_to_sale_ratio": 6.24,
            "price_fair": 26.6,
            "eps_avg_yearly": 0.76,
            "eps_latest_yearly": 0.48,
            "eps_growth_yearly": 858.98
        },
        "20194": {
            "year_quarter": 20194,
            "year": 2019,
            "quarter": 4,
            "eps": 0.05,
            "eps_growth_year": -80.35,
            "eps_4q": 0.25,
            "eps_4q_growth_year": 833.77,
            "roe": 0.5,
            "roe_4q": 2.34,
            "gross_profit": 53407,
            "gross_margin": 20.77,
            "gross_margin_4q_avg": 21.29,
            "net_income": 3023,
            "net_income_4q": null,
            "revenue": 257091,
            "revenue_4q": null,
            "common_shares": 574004,
            "book_valuer_per_share": 10.59,
            "book_valuer_per_share_4q_avg": 10.72,
            "equity": 606611,
            "current_ratio": 239.08,
            "debt_ratio": 35.97,
            "inventory_turnover_ratio": 1.33,
            "account_receivable_turnover_ratio": 0.9,
            "reinvestment_rate": -81.2,
            "research_to_sale_ratio": 5.25,
            "price_fair": 23.2,
            "eps_avg_yearly": 0.66,
            "eps_latest_yearly": 0.2,
            "eps_growth_yearly": 850.99
        },
        "20201": {
            "year_quarter": 20201,
            "year": 2020,
            "quarter": 1,
            "eps": -0.13,
            "eps_growth_year": -1400,
            "eps_4q": 0.11,
            "eps_4q_growth_year": -62.98,
            "roe": -1.18,
            "roe_4q": 1.0500000000000003,
            "gross_profit": 28279,
            "gross_margin": 17.69,
            "gross_margin_4q_avg": 20.39,
            "net_income": -7097,
            "net_income_4q": null,
            "revenue": 159879,
            "revenue_4q": null,
            "common_shares": 574004,
            "book_valuer_per_share": 10.39,
            "book_valuer_per_share_4q_avg": 10.59,
            "equity": 594913,
            "current_ratio": 221.22,
            "debt_ratio": 38.84,
            "inventory_turnover_ratio": 0.94,
            "account_receivable_turnover_ratio": 0.59,
            "reinvestment_rate": -83.84,
            "research_to_sale_ratio": 6.35,
            "price_fair": 22.83,
            "eps_avg_yearly": 0.65,
            "eps_latest_yearly": 0.2,
            "eps_growth_yearly": 931.44
        },
        "20202": {
            "year_quarter": 20202,
            "year": 2020,
            "quarter": 2,
            "eps": 0.08,
            "eps_growth_year": 14.29,
            "eps_4q": 0.12,
            "eps_4q_growth_year": -67.27,
            "roe": 0.74,
            "roe_4q": 1.1400000000000001,
            "gross_profit": 55208,
            "gross_margin": 25.46,
            "gross_margin_4q_avg": 21.5,
            "net_income": 4402,
            "net_income_4q": null,
            "revenue": 216816,
            "revenue_4q": null,
            "common_shares": 574004,
            "book_valuer_per_share": 10.36,
            "book_valuer_per_share_4q_avg": 10.49,
            "equity": 593292,
            "current_ratio": 219.61,
            "debt_ratio": 41.24,
            "inventory_turnover_ratio": 1.17,
            "account_receivable_turnover_ratio": 0.84,
            "reinvestment_rate": -80.91,
            "research_to_sale_ratio": 6.82,
            "price_fair": 20.77,
            "eps_avg_yearly": 0.59,
            "eps_latest_yearly": 0.2,
            "eps_growth_yearly": 985.73
        },
        "20203": {
            "year_quarter": 20203,
            "year": 2020,
            "quarter": 3,
            "eps": -0.11,
            "eps_growth_year": -191.67,
            "eps_4q": -0.11,
            "eps_4q_growth_year": -124.25,
            "roe": -1.05,
            "roe_4q": -0.99,
            "gross_profit": 54659,
            "gross_margin": 19.5,
            "gross_margin_4q_avg": 20.86,
            "net_income": -6375,
            "net_income_4q": null,
            "revenue": 280242,
            "revenue_4q": null,
            "common_shares": 594004,
            "book_valuer_per_share": 10.43,
            "book_valuer_per_share_4q_avg": 10.44,
            "equity": 618373,
            "current_ratio": 190.95,
            "debt_ratio": 49.08,
            "inventory_turnover_ratio": 1.39,
            "account_receivable_turnover_ratio": 0.96,
            "reinvestment_rate": -72.06,
            "research_to_sale_ratio": 7.01,
            "price_fair": 20.87,
            "eps_avg_yearly": 0.6,
            "eps_latest_yearly": 0.2,
            "eps_growth_yearly": 1096.73
        },
        "20204": {
            "year_quarter": 20204,
            "year": 2020,
            "quarter": 4,
            "eps": 0.01,
            "eps_growth_year": -86.96,
            "eps_4q": -0.15,
            "eps_4q_growth_year": -160.9,
            "roe": 0.05,
            "roe_4q": -1.44,
            "gross_profit": 53341,
            "gross_margin": 17.47,
            "gross_margin_4q_avg": 20.03,
            "net_income": 288,
            "net_income_4q": null,
            "revenue": 305329,
            "revenue_4q": null,
            "common_shares": 594004,
            "book_valuer_per_share": 10.61,
            "book_valuer_per_share_4q_avg": 10.45,
            "equity": 628816,
            "current_ratio": 182.19,
            "debt_ratio": 50.31,
            "inventory_turnover_ratio": 1.17,
            "account_receivable_turnover_ratio": 0.98,
            "reinvestment_rate": -77.39,
            "research_to_sale_ratio": 7.29,
            "price_fair": 16.94,
            "eps_avg_yearly": 0.48,
            "eps_latest_yearly": 0.2,
            "eps_growth_yearly": 1123.54
        },
        "20211": {
            "year_quarter": 20211,
            "year": 2021,
            "quarter": 1,
            "eps": -0.3,
            "eps_growth_year": null,
            "eps_4q": -0.33,
            "eps_4q_growth_year": -398.68,
            "roe": -2.85,
            "roe_4q": -3.1100000000000003,
            "gross_profit": 37857,
            "gross_margin": 14.09,
            "gross_margin_4q_avg": 19.13,
            "net_income": -17601,
            "net_income_4q": null,
            "revenue": 268765,
            "revenue_4q": null,
            "common_shares": 594004,
            "book_valuer_per_share": 10.26,
            "book_valuer_per_share_4q_avg": 10.42,
            "equity": 608399,
            "current_ratio": 185.7,
            "debt_ratio": 48.84,
            "inventory_turnover_ratio": 0.89,
            "account_receivable_turnover_ratio": 0.92,
            "reinvestment_rate": -201.85,
            "research_to_sale_ratio": 7.07,
            "price_fair": 15.71,
            "eps_avg_yearly": 0.45,
            "eps_latest_yearly": 0.2,
            "eps_growth_yearly": 1272.15
        },
        "20212": {
            "year_quarter": 20212,
            "year": 2021,
            "quarter": 2,
            "eps": -0.21,
            "eps_growth_year": -362.5,
            "eps_4q": -0.61,
            "eps_4q_growth_year": -632.78,
            "roe": -2.13,
            "roe_4q": -5.98,
            "gross_profit": 53063,
            "gross_margin": 17.24,
            "gross_margin_4q_avg": 17.08,
            "net_income": -12810,
            "net_income_4q": null,
            "revenue": 307866,
            "revenue_4q": null,
            "common_shares": 594004,
            "book_valuer_per_share": 10,
            "book_valuer_per_share_4q_avg": 10.33,
            "equity": 592836,
            "current_ratio": 173.51,
            "debt_ratio": 51.61,
            "inventory_turnover_ratio": 0.85,
            "account_receivable_turnover_ratio": 1.07,
            "reinvestment_rate": null,
            "research_to_sale_ratio": 6.79,
            "price_fair": 13.3,
            "eps_avg_yearly": 0.38,
            "eps_latest_yearly": 0.2,
            "eps_growth_yearly": 1418.67
        },
        "20213": {
            "year_quarter": 20213,
            "year": 2021,
            "quarter": 3,
            "eps": -0.1,
            "eps_growth_year": null,
            "eps_4q": -0.61,
            "eps_4q_growth_year": null,
            "roe": -1.04,
            "roe_4q": -5.97,
            "gross_profit": 57512,
            "gross_margin": 18.44,
            "gross_margin_4q_avg": 16.81,
            "net_income": -6161,
            "net_income_4q": null,
            "revenue": 311960,
            "revenue_4q": null,
            "common_shares": 594004,
            "book_valuer_per_share": 9.9,
            "book_valuer_per_share_4q_avg": 10.19,
            "equity": 586917,
            "current_ratio": 180.66,
            "debt_ratio": 49.26,
            "inventory_turnover_ratio": 0.79,
            "account_receivable_turnover_ratio": 0.98,
            "reinvestment_rate": null,
            "research_to_sale_ratio": 6.36,
            "price_fair": 12,
            "eps_avg_yearly": 0.34,
            "eps_latest_yearly": 0.2,
            "eps_growth_yearly": 1641.91
        },
        "20214": {
            "year_quarter": 20214,
            "year": 2021,
            "quarter": 4,
            "eps": -0.77,
            "eps_growth_year": -11984.95,
            "eps_4q": -1.39,
            "eps_4q_growth_year": null,
            "roe": -8.14,
            "roe_4q": -14.159999999999998,
            "gross_profit": 52382,
            "gross_margin": 15.7,
            "gross_margin_4q_avg": 16.37,
            "net_income": -46042,
            "net_income_4q": null,
            "revenue": 333640,
            "revenue_4q": null,
            "common_shares": 594004,
            "book_valuer_per_share": 9.19,
            "book_valuer_per_share_4q_avg": 9.84,
            "equity": 544375,
            "current_ratio": 163.96,
            "debt_ratio": 54.34,
            "inventory_turnover_ratio": 0.89,
            "account_receivable_turnover_ratio": 0.97,
            "reinvestment_rate": null,
            "research_to_sale_ratio": 5.87,
            "price_fair": 11.9,
            "eps_avg_yearly": 0.34,
            "eps_latest_yearly": 0.2,
            "eps_growth_yearly": 1944.73
        },
        "20221": {
            "year_quarter": 20221,
            "year": 2022,
            "quarter": 1,
            "eps": 0.11,
            "eps_growth_year": null,
            "eps_4q": -0.98,
            "eps_4q_growth_year": null,
            "roe": 1.18,
            "roe_4q": -10.129999999999999,
            "gross_profit": 64516,
            "gross_margin": 20.62,
            "gross_margin_4q_avg": 18,
            "net_income": 6568,
            "net_income_4q": null,
            "revenue": 312841,
            "revenue_4q": null,
            "common_shares": 594004,
            "book_valuer_per_share": 9.54,
            "book_valuer_per_share_4q_avg": 9.66,
            "equity": 564788,
            "current_ratio": 163.2,
            "debt_ratio": 54.56,
            "inventory_turnover_ratio": 0.77,
            "account_receivable_turnover_ratio": 0.85,
            "reinvestment_rate": null,
            "research_to_sale_ratio": 5.97,
            "price_fair": 11.9,
            "eps_avg_yearly": 0.34,
            "eps_latest_yearly": 0.2,
            "eps_growth_yearly": 1944.73
        },
        "20222": {
            "year_quarter": 20222,
            "year": 2022,
            "quarter": 2,
            "eps": 0.39,
            "eps_growth_year": null,
            "eps_4q": -0.45,
            "eps_4q_growth_year": null,
            "roe": 3.71,
            "roe_4q": -4.290000000000001,
            "gross_profit": 79213,
            "gross_margin": 23.64,
            "gross_margin_4q_avg": 19.6,
            "net_income": 21243,
            "net_income_4q": null,
            "revenue": 335054,
            "revenue_4q": null,
            "common_shares": 544004,
            "book_valuer_per_share": 10.71,
            "book_valuer_per_share_4q_avg": 9.84,
            "equity": 581127,
            "current_ratio": 169.7,
            "debt_ratio": 52.25,
            "inventory_turnover_ratio": 0.81,
            "account_receivable_turnover_ratio": 0.91,
            "reinvestment_rate": null,
            "research_to_sale_ratio": 5.96,
            "price_fair": 18,
            "eps_avg_yearly": 0.51,
            "eps_latest_yearly": 1.56,
            "eps_growth_yearly": 1812.37
        },
        "20223": {
            "year_quarter": 20223,
            "year": 2022,
            "quarter": 3,
            "eps": 0.49,
            "eps_growth_year": null,
            "eps_4q": 0.16,
            "eps_4q_growth_year": null,
            "roe": 4.5,
            "roe_4q": 1.25,
            "gross_profit": 87373,
            "gross_margin": 25.57,
            "gross_margin_4q_avg": 21.38,
            "net_income": 27116,
            "net_income_4q": null,
            "revenue": 341761,
            "revenue_4q": null,
            "common_shares": 544004,
            "book_valuer_per_share": 11.35,
            "book_valuer_per_share_4q_avg": 10.2,
            "equity": 624162,
            "current_ratio": 174.35,
            "debt_ratio": 50.73,
            "inventory_turnover_ratio": 0.88,
            "account_receivable_turnover_ratio": 0.89,
            "reinvestment_rate": null,
            "research_to_sale_ratio": 6.52,
            "price_fair": 27.6,
            "eps_avg_yearly": 0.79,
            "eps_latest_yearly": 1.96,
            "eps_growth_yearly": 1827.02
        },
        "20224": {
            "year_quarter": 20224,
            "year": 2022,
            "quarter": 4,
            "eps": 0.18,
            "eps_growth_year": null,
            "eps_4q": 1,
            "eps_4q_growth_year": null,
            "roe": 1.71,
            "roe_4q": 11.1,
            "gross_profit": 86502,
            "gross_margin": 25.81,
            "gross_margin_4q_avg": 23.91,
            "net_income": 11935,
            "net_income_4q": null,
            "revenue": 335099,
            "revenue_4q": null,
            "common_shares": 666994,
            "book_valuer_per_share": 11.57,
            "book_valuer_per_share_4q_avg": 10.79,
            "equity": 770385,
            "current_ratio": 204.7,
            "debt_ratio": 42.01,
            "inventory_turnover_ratio": 0.91,
            "account_receivable_turnover_ratio": 0.84,
            "reinvestment_rate": null,
            "research_to_sale_ratio": 6.24,
            "price_fair": 26.2,
            "eps_avg_yearly": 0.75,
            "eps_latest_yearly": 0.72,
            "eps_growth_yearly": 419.44
        },
        "20231": {
            "year_quarter": 20231,
            "year": 2023,
            "quarter": 1,
            "eps": 0.06,
            "eps_growth_year": -45.45,
            "eps_4q": 0.96,
            "eps_4q_growth_year": null,
            "roe": 0.56,
            "roe_4q": 10.48,
            "gross_profit": 74458,
            "gross_margin": 25.84,
            "gross_margin_4q_avg": 25.22,
            "net_income": 4330,
            "net_income_4q": null,
            "revenue": 288147,
            "revenue_4q": null,
            "common_shares": 666994,
            "book_valuer_per_share": 11.7,
            "book_valuer_per_share_4q_avg": 11.33,
            "equity": 779440,
            "current_ratio": 219.34,
            "debt_ratio": 39.03,
            "inventory_turnover_ratio": 0.82,
            "account_receivable_turnover_ratio": 0.76,
            "reinvestment_rate": null,
            "research_to_sale_ratio": 6.85,
            "price_fair": 27.2,
            "eps_avg_yearly": 0.78,
            "eps_latest_yearly": 0.24,
            "eps_growth_yearly": 436.2
        },
        "20232": {
            "year_quarter": 20232,
            "year": 2023,
            "quarter": 2,
            "eps": 0.3,
            "eps_growth_year": -23.08,
            "eps_4q": 0.94,
            "eps_4q_growth_year": null,
            "roe": 2.65,
            "roe_4q": 9.42,
            "gross_profit": 78162,
            "gross_margin": 27.75,
            "gross_margin_4q_avg": 26.24,
            "net_income": 20280,
            "net_income_4q": null,
            "revenue": 281710,
            "revenue_4q": null,
            "common_shares": 668754,
            "book_valuer_per_share": 11.23,
            "book_valuer_per_share_4q_avg": 11.46,
            "equity": 753885,
            "current_ratio": 210.22,
            "debt_ratio": 40.48,
            "inventory_turnover_ratio": 0.83,
            "account_receivable_turnover_ratio": 0.78,
            "reinvestment_rate": 49.5,
            "research_to_sale_ratio": 6.6,
            "price_fair": 31.8,
            "eps_avg_yearly": 0.91,
            "eps_latest_yearly": 1.2,
            "eps_growth_yearly": 321.91
        },
        "20233": {
            "year_quarter": 20233,
            "year": 2023,
            "quarter": 3,
            "eps": 0.24,
            "eps_growth_year": -51.02,
            "eps_4q": 0.78,
            "eps_4q_growth_year": 393.7,
            "roe": 2.12,
            "roe_4q": 7.04,
            "gross_profit": 78500,
            "gross_margin": 31.68,
            "gross_margin_4q_avg": 27.77,
            "net_income": 16331,
            "net_income_4q": null,
            "revenue": 247773,
            "revenue_4q": null,
            "common_shares": 668754,
            "book_valuer_per_share": 11.65,
            "book_valuer_per_share_4q_avg": 11.54,
            "equity": 786480,
            "current_ratio": 249.84,
            "debt_ratio": 34.33,
            "inventory_turnover_ratio": 0.74,
            "account_receivable_turnover_ratio": 0.74,
            "reinvestment_rate": 60.66,
            "research_to_sale_ratio": 7.48,
            "price_fair": 34.2,
            "eps_avg_yearly": 0.98,
            "eps_latest_yearly": 0.96,
            "eps_growth_yearly": 269.67
        },
        "20234": {
            "year_quarter": 20234,
            "year": 2023,
            "quarter": 4,
            "eps": -0.32,
            "eps_growth_year": -278.97,
            "eps_4q": 0.28,
            "eps_4q_growth_year": -72.42,
            "roe": -2.86,
            "roe_4q": 2.47,
            "gross_profit": 42200,
            "gross_margin": 21.98,
            "gross_margin_4q_avg": 26.81,
            "net_income": -22057,
            "net_income_4q": null,
            "revenue": 191979,
            "revenue_4q": null,
            "common_shares": 675744,
            "book_valuer_per_share": 11.22,
            "book_valuer_per_share_4q_avg": 11.45,
            "equity": 757030,
            "current_ratio": 263.26,
            "debt_ratio": 31.77,
            "inventory_turnover_ratio": 0.74,
            "account_receivable_turnover_ratio": 0.73,
            "reinvestment_rate": null,
            "research_to_sale_ratio": 11.03,
            "price_fair": 38.73,
            "eps_avg_yearly": 1.11,
            "eps_latest_yearly": 0.96,
            "eps_growth_yearly": 353.5
        }
    },
    "months": {
        "2001-07": {
            "month": "2001-07",
            "price": "35.03",
            "revenue": 72600
        },
        "2001-08": {
            "month": "2001-08",
            "price": "31.08",
            "revenue": 62523
        },
        "2001-09": {
            "month": "2001-09",
            "price": "18.19",
            "revenue": 46313
        },
        "2001-10": {
            "month": "2001-10",
            "price": "13.74",
            "revenue": 51188
        },
        "2001-11": {
            "month": "2001-11",
            "price": "16.77",
            "revenue": 58319
        },
        "2001-12": {
            "month": "2001-12",
            "price": "26.87",
            "revenue": 31309
        },
        "2002-01": {
            "month": "2002-01",
            "price": "37.85",
            "revenue": 51478
        },
        "2002-02": {
            "month": "2002-02",
            "price": "38.28",
            "revenue": 27863
        },
        "2002-03": {
            "month": "2002-03",
            "price": "37.48",
            "revenue": 45025
        },
        "2002-04": {
            "month": "2002-04",
            "price": "37.44",
            "revenue": 45014
        },
        "2002-05": {
            "month": "2002-05",
            "price": "27.96",
            "revenue": 29643
        },
        "2002-06": {
            "month": "2002-06",
            "price": "20.94",
            "revenue": 23489
        },
        "2002-07": {
            "month": "2002-07",
            "price": "17.89",
            "revenue": 28797
        },
        "2002-08": {
            "month": "2002-08",
            "price": "16.77",
            "revenue": 30927
        },
        "2002-09": {
            "month": "2002-09",
            "price": "13.02",
            "revenue": 27527
        },
        "2002-10": {
            "month": "2002-10",
            "price": "12.66",
            "revenue": 34622
        },
        "2002-11": {
            "month": "2002-11",
            "price": "12.05",
            "revenue": 33319
        },
        "2002-12": {
            "month": "2002-12",
            "price": "11.01",
            "revenue": 21277
        },
        "2003-01": {
            "month": "2003-01",
            "price": "11.71",
            "revenue": 25979
        },
        "2003-02": {
            "month": "2003-02",
            "price": "11.74",
            "revenue": 14769
        },
        "2003-03": {
            "month": "2003-03",
            "price": "10.85",
            "revenue": 20316
        },
        "2003-04": {
            "month": "2003-04",
            "price": "9.41",
            "revenue": 21520
        },
        "2003-05": {
            "month": "2003-05",
            "price": "8.89",
            "revenue": 19362
        },
        "2003-06": {
            "month": "2003-06",
            "price": "10.10",
            "revenue": 17842
        },
        "2003-07": {
            "month": "2003-07",
            "price": "10.42",
            "revenue": 26254
        },
        "2003-08": {
            "month": "2003-08",
            "price": "9.59",
            "revenue": 20338
        },
        "2003-09": {
            "month": "2003-09",
            "price": "9.45",
            "revenue": 25990
        },
        "2003-10": {
            "month": "2003-10",
            "price": "9.26",
            "revenue": 40528
        },
        "2003-11": {
            "month": "2003-11",
            "price": "9.02",
            "revenue": 33733
        },
        "2003-12": {
            "month": "2003-12",
            "price": "9.70",
            "revenue": 33575
        },
        "2004-01": {
            "month": "2004-01",
            "price": "9.73",
            "revenue": 30303
        },
        "2004-02": {
            "month": "2004-02",
            "price": "10.73",
            "revenue": 26863
        },
        "2004-03": {
            "month": "2004-03",
            "price": "10.18",
            "revenue": 31587
        },
        "2004-04": {
            "month": "2004-04",
            "price": "9.88",
            "revenue": 28098
        },
        "2004-05": {
            "month": "2004-05",
            "price": "9.05",
            "revenue": 20090
        },
        "2004-06": {
            "month": "2004-06",
            "price": "8.33",
            "revenue": 31629
        },
        "2004-07": {
            "month": "2004-07",
            "price": "6.76",
            "revenue": 42512
        },
        "2004-08": {
            "month": "2004-08",
            "price": "6.26",
            "revenue": 54352
        },
        "2004-09": {
            "month": "2004-09",
            "price": "6.10",
            "revenue": 73873
        },
        "2004-10": {
            "month": "2004-10",
            "price": "6.14",
            "revenue": 64999
        },
        "2004-11": {
            "month": "2004-11",
            "price": "5.98",
            "revenue": 57570
        },
        "2004-12": {
            "month": "2004-12",
            "price": "5.82",
            "revenue": 53739
        },
        "2005-01": {
            "month": "2005-01",
            "price": "6.25",
            "revenue": 54264
        },
        "2005-02": {
            "month": "2005-02",
            "price": "7.65",
            "revenue": 28187
        },
        "2005-03": {
            "month": "2005-03",
            "price": "10.48",
            "revenue": 58387
        },
        "2005-04": {
            "month": "2005-04",
            "price": "11.99",
            "revenue": 51987
        },
        "2005-05": {
            "month": "2005-05",
            "price": "9.19",
            "revenue": 59390
        },
        "2005-06": {
            "month": "2005-06",
            "price": "10.77",
            "revenue": 53663
        },
        "2005-07": {
            "month": "2005-07",
            "price": "11.66",
            "revenue": 64117
        },
        "2005-08": {
            "month": "2005-08",
            "price": "12.44",
            "revenue": 50922
        },
        "2005-09": {
            "month": "2005-09",
            "price": "11.72",
            "revenue": 60884
        },
        "2005-10": {
            "month": "2005-10",
            "price": "11.72",
            "revenue": 68230
        },
        "2005-11": {
            "month": "2005-11",
            "price": "10.63",
            "revenue": 72049
        },
        "2005-12": {
            "month": "2005-12",
            "price": "10.37",
            "revenue": 48845
        },
        "2006-01": {
            "month": "2006-01",
            "price": "11.80",
            "revenue": 54340
        },
        "2006-02": {
            "month": "2006-02",
            "price": "11.76",
            "revenue": 43128
        },
        "2006-03": {
            "month": "2006-03",
            "price": "10.94",
            "revenue": 65024
        },
        "2006-04": {
            "month": "2006-04",
            "price": "12.71",
            "revenue": 67776
        },
        "2006-05": {
            "month": "2006-05",
            "price": "12.36",
            "revenue": 60813
        },
        "2006-06": {
            "month": "2006-06",
            "price": "11.66",
            "revenue": 89877
        },
        "2006-07": {
            "month": "2006-07",
            "price": "11.25",
            "revenue": 67386
        },
        "2006-08": {
            "month": "2006-08",
            "price": "10.98",
            "revenue": 82402
        },
        "2006-09": {
            "month": "2006-09",
            "price": "10.16",
            "revenue": 82588
        },
        "2006-10": {
            "month": "2006-10",
            "price": "10.28",
            "revenue": 90698
        },
        "2006-11": {
            "month": "2006-11",
            "price": "11.24",
            "revenue": 103232
        },
        "2006-12": {
            "month": "2006-12",
            "price": "12.65",
            "revenue": 83706
        },
        "2007-01": {
            "month": "2007-01",
            "price": "13.11",
            "revenue": 66886
        },
        "2007-02": {
            "month": "2007-02",
            "price": "12.31",
            "revenue": 43556
        },
        "2007-03": {
            "month": "2007-03",
            "price": "12.43",
            "revenue": 60419
        },
        "2007-04": {
            "month": "2007-04",
            "price": "14.32",
            "revenue": 69587
        },
        "2007-05": {
            "month": "2007-05",
            "price": "14.83",
            "revenue": 62975
        },
        "2007-06": {
            "month": "2007-06",
            "price": "15.44",
            "revenue": 54510
        },
        "2007-07": {
            "month": "2007-07",
            "price": "16.45",
            "revenue": 66204
        },
        "2007-08": {
            "month": "2007-08",
            "price": "14.30",
            "revenue": 78983
        },
        "2007-09": {
            "month": "2007-09",
            "price": "13.85",
            "revenue": 75068
        },
        "2007-10": {
            "month": "2007-10",
            "price": "13.93",
            "revenue": 58628
        },
        "2007-11": {
            "month": "2007-11",
            "price": "12.05",
            "revenue": 34012
        },
        "2007-12": {
            "month": "2007-12",
            "price": "10.47",
            "revenue": 36361
        },
        "2008-01": {
            "month": "2008-01",
            "price": "9.19",
            "revenue": 44140
        },
        "2008-02": {
            "month": "2008-02",
            "price": "8.72",
            "revenue": 19933
        },
        "2008-03": {
            "month": "2008-03",
            "price": "8.99",
            "revenue": 40866
        },
        "2008-04": {
            "month": "2008-04",
            "price": "9.70",
            "revenue": 41446
        },
        "2008-05": {
            "month": "2008-05",
            "price": "11.40",
            "revenue": 31187
        },
        "2008-06": {
            "month": "2008-06",
            "price": "9.96",
            "revenue": 32800
        },
        "2008-07": {
            "month": "2008-07",
            "price": "8.65",
            "revenue": 32884
        },
        "2008-08": {
            "month": "2008-08",
            "price": "8.31",
            "revenue": 44823
        },
        "2008-09": {
            "month": "2008-09",
            "price": "7.35",
            "revenue": 51116
        },
        "2008-10": {
            "month": "2008-10",
            "price": "5.72",
            "revenue": 41589
        },
        "2008-11": {
            "month": "2008-11",
            "price": "4.13",
            "revenue": 38567
        },
        "2008-12": {
            "month": "2008-12",
            "price": "4.33",
            "revenue": 30113
        },
        "2009-01": {
            "month": "2009-01",
            "price": "4.16",
            "revenue": 23327
        },
        "2009-02": {
            "month": "2009-02",
            "price": "4.42",
            "revenue": 27244
        },
        "2009-03": {
            "month": "2009-03",
            "price": "5.07",
            "revenue": 32926
        },
        "2009-04": {
            "month": "2009-04",
            "price": "5.92",
            "revenue": 25007
        },
        "2009-05": {
            "month": "2009-05",
            "price": "5.75",
            "revenue": 20398
        },
        "2009-06": {
            "month": "2009-06",
            "price": "6.35",
            "revenue": 29467
        },
        "2009-07": {
            "month": "2009-07",
            "price": "6.06",
            "revenue": 23086
        },
        "2009-08": {
            "month": "2009-08",
            "price": "7.13",
            "revenue": 21691
        },
        "2009-09": {
            "month": "2009-09",
            "price": "8.76",
            "revenue": 27946
        },
        "2009-10": {
            "month": "2009-10",
            "price": "12.70",
            "revenue": 38073
        },
        "2009-11": {
            "month": "2009-11",
            "price": "13.86",
            "revenue": 27009
        },
        "2009-12": {
            "month": "2009-12",
            "price": "17.25",
            "revenue": 27141
        },
        "2010-01": {
            "month": "2010-01",
            "price": "18.53",
            "revenue": 118282
        },
        "2010-02": {
            "month": "2010-02",
            "price": "17.06",
            "revenue": 93557
        },
        "2010-03": {
            "month": "2010-03",
            "price": "18.56",
            "revenue": 131879
        },
        "2010-04": {
            "month": "2010-04",
            "price": "23.26",
            "revenue": 159254
        },
        "2010-05": {
            "month": "2010-05",
            "price": "18.07",
            "revenue": 157539
        },
        "2010-06": {
            "month": "2010-06",
            "price": "17.97",
            "revenue": 161223
        },
        "2010-07": {
            "month": "2010-07",
            "price": "18.40",
            "revenue": 159760
        },
        "2010-08": {
            "month": "2010-08",
            "price": "19.29",
            "revenue": 149950
        },
        "2010-09": {
            "month": "2010-09",
            "price": "18.34",
            "revenue": 140097
        },
        "2010-10": {
            "month": "2010-10",
            "price": "17.15",
            "revenue": 130965
        },
        "2010-11": {
            "month": "2010-11",
            "price": "14.38",
            "revenue": 122863
        },
        "2010-12": {
            "month": "2010-12",
            "price": "14.50",
            "revenue": 133075
        },
        "2011-01": {
            "month": "2011-01",
            "price": "13.95",
            "revenue": 135161
        },
        "2011-02": {
            "month": "2011-02",
            "price": "13.97",
            "revenue": 84838
        },
        "2011-03": {
            "month": "2011-03",
            "price": "14.18",
            "revenue": 111533
        },
        "2011-04": {
            "month": "2011-04",
            "price": "13.73",
            "revenue": 137292
        },
        "2011-05": {
            "month": "2011-05",
            "price": "12.11",
            "revenue": 107727
        },
        "2011-06": {
            "month": "2011-06",
            "price": "10.99",
            "revenue": 106444
        },
        "2011-07": {
            "month": "2011-07",
            "price": "10.18",
            "revenue": 120060
        },
        "2011-08": {
            "month": "2011-08",
            "price": "7.98",
            "revenue": 122751
        },
        "2011-09": {
            "month": "2011-09",
            "price": "7.37",
            "revenue": 123566
        },
        "2011-10": {
            "month": "2011-10",
            "price": "7.20",
            "revenue": 107267
        },
        "2011-11": {
            "month": "2011-11",
            "price": "7.61",
            "revenue": 113622
        },
        "2011-12": {
            "month": "2011-12",
            "price": "7.39",
            "revenue": 120406
        },
        "2012-01": {
            "month": "2012-01",
            "price": "7.39",
            "revenue": 146173
        },
        "2012-02": {
            "month": "2012-02",
            "price": "8.45",
            "revenue": 143639
        },
        "2012-03": {
            "month": "2012-03",
            "price": "9.18",
            "revenue": 204723
        },
        "2012-04": {
            "month": "2012-04",
            "price": "9.63",
            "revenue": 196784
        },
        "2012-05": {
            "month": "2012-05",
            "price": "9.09",
            "revenue": 219814
        },
        "2012-06": {
            "month": "2012-06",
            "price": "8.90",
            "revenue": 139631
        },
        "2012-07": {
            "month": "2012-07",
            "price": "8.96",
            "revenue": 205269
        },
        "2012-08": {
            "month": "2012-08",
            "price": "9.65",
            "revenue": 178638
        },
        "2012-09": {
            "month": "2012-09",
            "price": "10.18",
            "revenue": 162655
        },
        "2012-10": {
            "month": "2012-10",
            "price": "9.83",
            "revenue": 168031
        },
        "2012-11": {
            "month": "2012-11",
            "price": "9.47",
            "revenue": 175071
        },
        "2012-12": {
            "month": "2012-12",
            "price": "9.44",
            "revenue": 163956
        },
        "2013-01": {
            "month": "2013-01",
            "price": "9.75",
            "revenue": 194035
        },
        "2013-02": {
            "month": "2013-02",
            "price": "11.19",
            "revenue": 82519
        },
        "2013-03": {
            "month": "2013-03",
            "price": "12.07",
            "revenue": 166853
        },
        "2013-04": {
            "month": "2013-04",
            "price": "11.14",
            "revenue": 175571
        },
        "2013-05": {
            "month": "2013-05",
            "price": "11.09",
            "revenue": 183408
        },
        "2013-06": {
            "month": "2013-06",
            "price": "10.53",
            "revenue": 135584
        },
        "2013-07": {
            "month": "2013-07",
            "price": "10.34",
            "revenue": 151141
        },
        "2013-08": {
            "month": "2013-08",
            "price": "9.88",
            "revenue": 168614
        },
        "2013-09": {
            "month": "2013-09",
            "price": "9.97",
            "revenue": 161328
        },
        "2013-10": {
            "month": "2013-10",
            "price": "9.61",
            "revenue": 139188
        },
        "2013-11": {
            "month": "2013-11",
            "price": "8.39",
            "revenue": 137050
        },
        "2013-12": {
            "month": "2013-12",
            "price": "8.06",
            "revenue": 159655
        },
        "2014-01": {
            "month": "2014-01",
            "price": "8.91",
            "revenue": 180103
        },
        "2014-02": {
            "month": "2014-02",
            "price": "8.98",
            "revenue": 164921
        },
        "2014-03": {
            "month": "2014-03",
            "price": "11.27",
            "revenue": 228094
        },
        "2014-04": {
            "month": "2014-04",
            "price": "12.04",
            "revenue": 212956
        },
        "2014-05": {
            "month": "2014-05",
            "price": "11.35",
            "revenue": 219846
        },
        "2014-06": {
            "month": "2014-06",
            "price": "14.30",
            "revenue": 194461
        },
        "2014-07": {
            "month": "2014-07",
            "price": "15.78",
            "revenue": 184485
        },
        "2014-08": {
            "month": "2014-08",
            "price": "15.11",
            "revenue": 187649
        },
        "2014-09": {
            "month": "2014-09",
            "price": "16.61",
            "revenue": 185388
        },
        "2014-10": {
            "month": "2014-10",
            "price": "14.67",
            "revenue": 133829
        },
        "2014-11": {
            "month": "2014-11",
            "price": "14.34",
            "revenue": 183267
        },
        "2014-12": {
            "month": "2014-12",
            "price": "14.64",
            "revenue": 146838
        },
        "2015-01": {
            "month": "2015-01",
            "price": "15.64",
            "revenue": 196739
        },
        "2015-02": {
            "month": "2015-02",
            "price": "15.33",
            "revenue": 114174
        },
        "2015-03": {
            "month": "2015-03",
            "price": "15.51",
            "revenue": 163833
        },
        "2015-04": {
            "month": "2015-04",
            "price": "15.15",
            "revenue": 177306
        },
        "2015-05": {
            "month": "2015-05",
            "price": "13.80",
            "revenue": 182151
        },
        "2015-06": {
            "month": "2015-06",
            "price": "13.70",
            "revenue": 183015
        },
        "2015-07": {
            "month": "2015-07",
            "price": "13.14",
            "revenue": 180099
        },
        "2015-08": {
            "month": "2015-08",
            "price": "12.15",
            "revenue": 166173
        },
        "2015-09": {
            "month": "2015-09",
            "price": "12.56",
            "revenue": 167240
        },
        "2015-10": {
            "month": "2015-10",
            "price": "13.10",
            "revenue": 153922
        },
        "2015-11": {
            "month": "2015-11",
            "price": "13.64",
            "revenue": 150235
        },
        "2015-12": {
            "month": "2015-12",
            "price": "13.32",
            "revenue": 147307
        },
        "2016-01": {
            "month": "2016-01",
            "price": "12.77",
            "revenue": 151833
        },
        "2016-02": {
            "month": "2016-02",
            "price": "13.63",
            "revenue": 106691
        },
        "2016-03": {
            "month": "2016-03",
            "price": "14.66",
            "revenue": 143103
        },
        "2016-04": {
            "month": "2016-04",
            "price": "14.22",
            "revenue": 148253
        },
        "2016-05": {
            "month": "2016-05",
            "price": "13.87",
            "revenue": 122631
        },
        "2016-06": {
            "month": "2016-06",
            "price": "13.77",
            "revenue": 107724
        },
        "2016-07": {
            "month": "2016-07",
            "price": "12.00",
            "revenue": 99999
        },
        "2016-08": {
            "month": "2016-08",
            "price": "12.26",
            "revenue": 101890
        },
        "2016-09": {
            "month": "2016-09",
            "price": "12.36",
            "revenue": 119373
        },
        "2016-10": {
            "month": "2016-10",
            "price": "12.31",
            "revenue": 105835
        },
        "2016-11": {
            "month": "2016-11",
            "price": "12.21",
            "revenue": 119069
        },
        "2016-12": {
            "month": "2016-12",
            "price": "12.31",
            "revenue": 129938
        },
        "2017-01": {
            "month": "2017-01",
            "price": "12.71",
            "revenue": 120900
        },
        "2017-02": {
            "month": "2017-02",
            "price": "12.91",
            "revenue": 89812
        },
        "2017-03": {
            "month": "2017-03",
            "price": "13.06",
            "revenue": 128862
        },
        "2017-04": {
            "month": "2017-04",
            "price": "13.43",
            "revenue": 112473
        },
        "2017-05": {
            "month": "2017-05",
            "price": "13.82",
            "revenue": 105771
        },
        "2017-06": {
            "month": "2017-06",
            "price": "13.79",
            "revenue": 109511
        },
        "2017-07": {
            "month": "2017-07",
            "price": "12.81",
            "revenue": 103297
        },
        "2017-08": {
            "month": "2017-08",
            "price": "12.59",
            "revenue": 106968
        },
        "2017-09": {
            "month": "2017-09",
            "price": "12.97",
            "revenue": 99816
        },
        "2017-10": {
            "month": "2017-10",
            "price": "12.90",
            "revenue": 85335
        },
        "2017-11": {
            "month": "2017-11",
            "price": "12.34",
            "revenue": 90000
        },
        "2017-12": {
            "month": "2017-12",
            "price": "12.05",
            "revenue": 81402
        },
        "2018-01": {
            "month": "2018-01",
            "price": "12.04",
            "revenue": 105189
        },
        "2018-02": {
            "month": "2018-02",
            "price": "11.98",
            "revenue": 60162
        },
        "2018-03": {
            "month": "2018-03",
            "price": "12.60",
            "revenue": 88264
        },
        "2018-04": {
            "month": "2018-04",
            "price": "12.52",
            "revenue": 98497
        },
        "2018-05": {
            "month": "2018-05",
            "price": "12.17",
            "revenue": 80720
        },
        "2018-06": {
            "month": "2018-06",
            "price": "11.64",
            "revenue": 84204
        },
        "2018-07": {
            "month": "2018-07",
            "price": "10.61",
            "revenue": 79187
        },
        "2018-08": {
            "month": "2018-08",
            "price": "11.08",
            "revenue": 77298
        },
        "2018-09": {
            "month": "2018-09",
            "price": "10.55",
            "revenue": 77554
        },
        "2018-10": {
            "month": "2018-10",
            "price": "10.10",
            "revenue": 92621
        },
        "2018-11": {
            "month": "2018-11",
            "price": "10.02",
            "revenue": 97184
        },
        "2018-12": {
            "month": "2018-12",
            "price": "10.24",
            "revenue": 85390
        },
        "2019-01": {
            "month": "2019-01",
            "price": "10.24",
            "revenue": 108899
        },
        "2019-02": {
            "month": "2019-02",
            "price": "10.92",
            "revenue": 62031
        },
        "2019-03": {
            "month": "2019-03",
            "price": "10.99",
            "revenue": 97106
        },
        "2019-04": {
            "month": "2019-04",
            "price": "10.83",
            "revenue": 83176
        },
        "2019-05": {
            "month": "2019-05",
            "price": "10.38",
            "revenue": 88439
        },
        "2019-06": {
            "month": "2019-06",
            "price": "10.05",
            "revenue": 72564
        },
        "2019-07": {
            "month": "2019-07",
            "price": "9.87",
            "revenue": 76940
        },
        "2019-08": {
            "month": "2019-08",
            "price": "9.54",
            "revenue": 77931
        },
        "2019-09": {
            "month": "2019-09",
            "price": "9.29",
            "revenue": 66748
        },
        "2019-10": {
            "month": "2019-10",
            "price": "9.28",
            "revenue": 81496
        },
        "2019-11": {
            "month": "2019-11",
            "price": "9.70",
            "revenue": 92624
        },
        "2019-12": {
            "month": "2019-12",
            "price": "10.01",
            "revenue": 82859
        },
        "2020-01": {
            "month": "2020-01",
            "price": "10.90",
            "revenue": 66301
        },
        "2020-02": {
            "month": "2020-02",
            "price": "10.68",
            "revenue": 31293
        },
        "2020-03": {
            "month": "2020-03",
            "price": "9.25",
            "revenue": 62229
        },
        "2020-04": {
            "month": "2020-04",
            "price": "9.49",
            "revenue": 75737
        },
        "2020-05": {
            "month": "2020-05",
            "price": "10.15",
            "revenue": 73000
        },
        "2020-06": {
            "month": "2020-06",
            "price": "10.26",
            "revenue": 67605
        },
        "2020-07": {
            "month": "2020-07",
            "price": "12.33",
            "revenue": 64398
        },
        "2020-08": {
            "month": "2020-08",
            "price": "15.51",
            "revenue": 97637
        },
        "2020-09": {
            "month": "2020-09",
            "price": "15.33",
            "revenue": 117023
        },
        "2020-10": {
            "month": "2020-10",
            "price": "14.66",
            "revenue": 98138
        },
        "2020-11": {
            "month": "2020-11",
            "price": "12.98",
            "revenue": 111214
        },
        "2020-12": {
            "month": "2020-12",
            "price": "12.40",
            "revenue": 99840
        },
        "2021-01": {
            "month": "2021-01",
            "price": "12.07",
            "revenue": 119086
        },
        "2021-02": {
            "month": "2021-02",
            "price": "11.72",
            "revenue": 60373
        },
        "2021-03": {
            "month": "2021-03",
            "price": "12.65",
            "revenue": 89236
        },
        "2021-04": {
            "month": "2021-04",
            "price": "14.41",
            "revenue": 106940
        },
        "2021-05": {
            "month": "2021-05",
            "price": "12.16",
            "revenue": 108886
        },
        "2021-06": {
            "month": "2021-06",
            "price": "11.71",
            "revenue": 91883
        },
        "2021-07": {
            "month": "2021-07",
            "price": "12.77",
            "revenue": 105767
        },
        "2021-08": {
            "month": "2021-08",
            "price": "11.26",
            "revenue": 90829
        },
        "2021-09": {
            "month": "2021-09",
            "price": "9.81",
            "revenue": 116039
        },
        "2021-10": {
            "month": "2021-10",
            "price": "9.92",
            "revenue": 94295
        },
        "2021-11": {
            "month": "2021-11",
            "price": "9.88",
            "revenue": 122666
        },
        "2021-12": {
            "month": "2021-12",
            "price": "11.12",
            "revenue": 117552
        },
        "2022-01": {
            "month": "2022-01",
            "price": "11.22",
            "revenue": 110652
        },
        "2022-02": {
            "month": "2022-02",
            "price": "11.01",
            "revenue": 73932
        },
        "2022-03": {
            "month": "2022-03",
            "price": "9.39",
            "revenue": 128964
        },
        "2022-04": {
            "month": "2022-04",
            "price": "9.56",
            "revenue": 97757
        },
        "2022-05": {
            "month": "2022-05",
            "price": "10.07",
            "revenue": 106683
        },
        "2022-06": {
            "month": "2022-06",
            "price": "11.30",
            "revenue": 123098
        },
        "2022-07": {
            "month": "2022-07",
            "price": "12.64",
            "revenue": 103456
        },
        "2022-08": {
            "month": "2022-08",
            "price": "15.11",
            "revenue": 106669
        },
        "2022-09": {
            "month": "2022-09",
            "price": "13.64",
            "revenue": 130942
        },
        "2022-10": {
            "month": "2022-10",
            "price": "13.11",
            "revenue": 119683
        },
        "2022-11": {
            "month": "2022-11",
            "price": "14.76",
            "revenue": 117534
        },
        "2022-12": {
            "month": "2022-12",
            "price": "16.54",
            "revenue": 97609
        },
        "2023-01": {
            "month": "2023-01",
            "price": "15.92",
            "revenue": 89793
        },
        "2023-02": {
            "month": "2023-02",
            "price": "17.86",
            "revenue": 98147
        },
        "2023-03": {
            "month": "2023-03",
            "price": "18.17",
            "revenue": 99839
        },
        "2023-04": {
            "month": "2023-04",
            "price": "17.69",
            "revenue": 87707
        },
        "2023-05": {
            "month": "2023-05",
            "price": "16.61",
            "revenue": 102974
        },
        "2023-06": {
            "month": "2023-06",
            "price": "16.66",
            "revenue": 90778
        },
        "2023-07": {
            "month": "2023-07",
            "price": "15.74",
            "revenue": 87563
        },
        "2023-08": {
            "month": "2023-08",
            "price": "15.29",
            "revenue": 79930
        },
        "2023-09": {
            "month": "2023-09",
            "price": "14.84",
            "revenue": 80029
        },
        "2023-10": {
            "month": "2023-10",
            "price": "13.68",
            "revenue": 61747
        },
        "2023-11": {
            "month": "2023-11",
            "price": "14.18",
            "revenue": 58052
        },
        "2023-12": {
            "month": "2023-12",
            "price": "14.87",
            "revenue": 73316
        },
        "2024-01": {
            "month": "2024-01",
            "price": "14.96",
            "revenue": 63047
        },
        "2024-02": {
            "month": "2024-02",
            "price": "15.55",
            "revenue": 52238
        }
    }
}
